3840 6134
142 281 214 348 teta
676 270 721 333 dli
743 271 892 334 attumne
909 269 1131 338 meministi
1148 272 1257 339 ottus
1721 277 1793 342 teto

140 422 181 468 tra
200 409 321 467 ecclesie
339 410 449 479 januam
470 404 582 461 admissi
595 417 628 460 co
652 400 680 457 in
702 402 772 469 loco,
788 401 836 473 qui
854 401 940 474 νάρθηξ
950 412 975 495 Ι
988 403 1113 471 surrexit,
1129 403 1217 463 cilicio
1240 413 1268 464 et
1292 400 1371 466 sacco
1395 408 1515 477 indutus,
1534 408 1673 467 cineribus
1695 421 1793 478 asper·

139 516 188 557 seu
213 500 311 570 serula
338 497 425 569 (quasi
448 511 497 567 pro
519 495 553 549 iis
573 490 691 564 proprie,
708 490 755 563 qui
779 491 866 547 adbuc
888 491 939 546 sub
988 509 1045 562 sus,
1060 509 1124 549 cum
1138 509 1239 565 magno
1253 512 1368 554 moerore
1391 508 1419 555 et
1441 499 1568 573 lacrymis
1586 497 1621 553 ad
1641 495 1728 570 pedes
1741 497 1795 553 Ze·

139 588 225 645 ierula
251 586 412 658 discipline
440 586 635 643 ecclesiasticos
662 587 748 645 erant,
776 579 939 652 destinatus)
987 583 1097 656 phyrini
1111 584 1245 656 pontilicis
1260 585 1295 656 (is
1308 594 1399 644 autem
1417 589 1484 660 ipsis
1506 586 1665 647 Tertulliani
1682 595 1794 657 tempo·

140 680 337 752 appellabatur,
355 677 380 733 ei
408 677 442 731 ab
469 677 528 749 ipsa
556 671 669 731 eeclesia
696 687 745 744 per
771 669 875 726 tabulas
895 668 939 725 vel
988 671 1074 740 tibus,
1089 675 1123 730 ab
1137 689 1182 728 an.
1199 677 1250 730 tot
1273 676 1307 730 ad
1329 680 1380 732 att
1396 677 1513 750 sederat)
1527 694 1558 735 se
1572 675 1728 748 supplicem
1744 676 1795 731 ab·

140 768 276 827 cancellos
295 767 425 839 quosdam
451 772 592 836 separatus
615 770 682 827 erat,
703 760 819 827 stabant,
837 759 872 815 ad
895 759 939 813 di·
986 761 1062 832 jecit,
1077 773 1104 820 et
1118 777 1170 818 uon
1187 763 1268 820 modo
1282 765 1316 819 ad
1330 764 1407 834 cleri,
1422 767 1470 824 sed
1486 768 1520 824 ad
1535 766 1667 824 laieorum
1682 778 1794 836 quoque

140 859 216 915 sinas
231 856 385 926 Scripturas
400 853 519 925 aliasque
535 851 663 908 lectiones
677 865 767 904 sacras
781 848 938 905 audiendos
987 866 1076 922 genua
1102 852 1263 923 provolutus
1285 863 1347 921 est,
1360 858 1406 919 ,ita
1429 865 1458 913 ut
1481 855 1580 913 Christi
1608 852 1795 911 misericordis

139 948 203 1003 illue
226 943 383 1012 intromissi,
399 950 426 1000 at
448 956 512 999 vero
534 939 678 1011 incipiente
701 939 782 996 llisso
804 938 938 995 caterba·
988 938 1123 1007 Ecelesia,
1148 940 1222 996 illum
1247 956 1413 1016 magnopere
1437 945 1640 1013 commiseram,
1666 939 1795 998 lamentis

140 1053 287 1095 memorum
302 1050 393 1090 mrsus
409 1029 571 1104 expellendi,
586 1045 636 1088 ceu
654 1028 775 1085 noudum
789 1027 873 1099 digni,
890 1026 938 1098 qui
988 1045 1040 1083 uua
1055 1045 1084 1086 se
1099 1031 1221 1088 dederet.
1240 1053 1251 1080 »
1268 1033 1392 1090 Attamen
1416 1034 1463 1091 ille
1489 1036 1560 1107 (vide
1574 1035 1698 1107 rigorem
1713 1030 1794 1087 disci·

139 1127 173 1182 do
186 1125 313 1197 precibus
327 1121 496 1195 retiquoram
511 1120 629 1175 bdelium
643 1117 847 1191 participarent.
988 1117 1068 1188 plicae
1090 1119 1196 1175 illorum
1220 1125 1393 1194 temporum),
1422 1145 1433 1174 ι
1457 1122 1521 1180 licet
1544 1122 1638 1179 multis
1664 1119 1796 1193 precibus

176 1216 331 1272 Snnsrstrt
373 1210 569 1284 (lacrimaret)
608 1215 692 1275 erant,
729 1207 826 1279 quibus
867 1205 939 1261 intra
988 1215 1126 1278 uteretur,
1160 1217 1188 1264 et
1215 1208 1357 1282 plagarum
1388 1211 1507 1281 vibices,
1540 1227 1611 1285 quas
1646 1209 1797 1282 pertulerat

140 1308 226 1379 ipsam
241 1301 381 1360 ecclesiam
392 1315 480 1373 usque
490 1298 524 1355 ad
534 1299 680 1357 ambonem
693 1296 793 1369 (locum
805 1295 938 1369 Epistolae
990 1295 1103 1370 (quippe
1127 1297 1163 1353 ab
1188 1300 1288 1372 anyelo
1312 1317 1362 1371 per
1384 1309 1491 1359 noctem
1514 1300 1673 1374 quamdam,
1689 1299 1755 1355 dun
1769 1298 1795 1355 in

139 1401 166 1451 et
180 1392 329 1465 Evooyelio
352 1390 469 1464 legendo
492 1388 665 1458 destinatum)
686 1387 763 1443 locus
780 1384 938 1456 indulgeba—
989 1384 1176 1442 btereticorum
1190 1387 1330 1444 consortio
1344 1390 1512 1456 versabatur,
1538 1399 1594 1445 tam
1617 1387 1721 1445 acriter
1734 1403 1794 1442 cas-

140 1491 184 1539 tur
206 1501 213 1538 ε
236 1482 272 1538 ita
285 1479 396 1554 quidem
420 1485 451 1534 ut
477 1486 505 1534 et
529 1492 623 1548 preces
651 1491 714 1531 suas
740 1490 801 1532 cum
827 1471 939 1544 reliquis
989 1473 1088 1544 ligatus
1111 1472 1210 1547 iuerat)
1234 1476 1396 1543 ostenderet.
1418 1479 1463 1538 vix
1486 1478 1595 1534 taudem
1621 1476 1650 1532 in
1673 1475 1795 1532 Ecclesia

140 1573 264 1629 fidelibus
279 1570 484 1643 conjungerent,
501 1573 527 1621 et
540 1565 835 1638 frequentcsmauuum
849 1560 937 1631 impo·
988 1563 1023 1618 ad
1049 1566 1268 1621 communionem
1294 1574 1418 1638 receptus
1449 1567 1507 1622 luit.
1537 1588 1549 1617 ι
1573 1565 1678 1622 Nullus
1708 1575 1795 1620 autem

139 1661 251 1718 sitiones
282 1660 327 1730 (er
354 1656 464 1729 quibus,
489 1655 585 1712 saltem
611 1651 741 1716 ultimam,
770 1664 934 1708 sacromen-
989 1652 1034 1709 hic
1058 1653 1249 1724 praedictamm
1275 1655 1412 1714 obsitum
1435 1656 1502 1714 ordo
1531 1655 1696 1715 observatus
1716 1653 1796 1711 luisse

142 1751 240 1817 telem,
262 1763 309 1803 seu
332 1761 348 1800 a
371 1744 491 1818 peccatis
514 1741 728 1806 absolutorium,
744 1737 830 1795 luisse
852 1736 936 1808 aliqui
950 1739 973 1821 fl
989 1742 1099 1815 legitur.
1232 1747 1236 1755 ’

139 1836 296 1910 opinantur)
319 1831 464 1904 yenullori,
479 1839 524 1884 aut
545 1830 572 1884 in
596 1836 693 1884 terram
716 1824 842 1897 prostrati
863 1824 935 1881 reci·
1028 1831 1094 1888 vide
1116 1840 1218 1901 aretem,
1242 1833 1301 1905 quis
1324 1842 1447 1907 tempore
1471 1836 1500 1892 s,
1525 1834 1669 1908 Cypriani,
1685 1833 1792 1890 Tenui.

138 1934 245 1998 percut,
258 1923 402 1995 incipiente
416 1929 503 1976 autem
517 1919 670 1988 oblatione,
684 1931 764 1988 quam
780 1930 829 1970 nos
846 1915 936 1986 Offer-
990 1918 1062 1975 liano
1078 1920 1244 1993 posterioris,
1260 1923 1427 1993 pmuitentiae
1444 1925 1556 1998 agendae
1570 1940 1636 1981 mos
1650 1923 1680 1978 iu
1697 1924 1793 1980 Eccle-

141 2018 249 2074 torium
263 2028 402 2077 vocamus,
418 2011 452 2064 ab
472 2008 585 2066 ccclesia
606 2007 678 2064 exire
698 2004 939 2077 compellerentur.
990 2008 1032 2064 sia
1052 2009 1206 2081 carthagin.
1231 2011 1358 2084 viguerit.
1376 2014 1414 2068 lta
1437 2028 1502 2086 crgo
1526 2014 1553 2069 in
1580 2023 1615 2071 tr.
1640 2014 1677 2070 de
1702 2015 1793 2086 Leptis

140 2102 250 2162 ¹227
276 2102 365 2174 Atque
384 2101 427 2155 hic
451 2099 521 2158 Ordo
542 2099 753 2155 substratorum
776 2091 937 2150 aPatribus
988 2097 1099 2170 inquit:
1126 2099 1238 2155 «Orare
1253 2109 1361 2170 oportet
1373 2101 1525 2172 impensius
1546 2110 1573 2159 et
1596 2117 1713 2174 rogare,
1728 2101 1793 2158 diem

139 2197 239 2256 Latinis
258 2210 330 2266 supe
352 2192 476 2248 absolute
497 2199 524 2246 et
537 2187 695 2259 simpliciter
713 2185 895 2259 penitentia,
910 2190 937 2237 et
989 2186 1062 2242 luctu
1078 2188 1236 2261 transigere,
1258 2187 1362 2260 vigiliis
1386 2198 1478 2245 noctes
1500 2204 1532 2246 ec
1554 2191 1671 2247 lletibus
1687 2191 1792 2253 ducere

141 2273 937 2357 substratiipsipenitentesdicebantur3quouiampriores
989 2283 1097 2349 tempus
1120 2291 1200 2332 omne
1219 2276 1376 2348 lacrymosis
1390 2278 1634 2335 lamentationibus
1648 2293 1793 2350 occupare,

140 2379 200 2432 duae
223 2376 332 2439 classes,
348 2368 455 2426 nonnisi
481 2366 555 2424 velut
577 2363 771 2438 etsppsitioncs
792 2361 832 2416 td'
848 2361 935 2429 tusam
989 2372 1089 2422 stratos
1109 2365 1167 2421 solo
1192 2365 1329 2423 adherere
1349 2367 1443 2434 cineri,
1467 2368 1493 2422 iu
1518 2367 1611 2427 cilicio
1636 2368 1795 2426 volnurict

143 2462 328 2536 poeuitentiam
352 2460 533 2530 habebantnr3
560 2457 587 2512 in
609 2454 686 2510 tertia
712 2467 777 2512 vero
804 2453 855 2507 hac
878 2451 936 2521 ipsa
988 2453 1124 2519 sordibus,
1140 2461 1201 2526 post
1214 2453 1399 2512 indumentum
1415 2456 1515 2513 Christi
1529 2456 1671 2529 perditum
1693 2456 1795 2514 nullum

140 2553 298 2624 satisfactio
313 2564 361 2623 per
380 2545 512 2603 laboriosa
530 2542 695 2616 poenitentiae
709 2554 802 2611 opera,
817 2539 935 2610 jejunia,
987 2545 1044 2613 jam
1058 2542 1129 2600 velle
1144 2541 1279 2609 restitum,
1306 2553 1367 2614 post
1390 2543 1490 2600 diaboli
1514 2546 1608 2601 cibum
1622 2545 1710 2602 malle
1720 2547 1795 2616 jeju·

139 2641 253 2717 vigilias,
283 2639 389 2712 aliaque
427 2651 535 2694 earnem
572 2631 763 2696 excruciantis,
790 2643 845 2684 non
878 2630 935 2699 jam
988 2631 1079 2701 nium,
1105 2630 1186 2701 justis
1210 2630 1338 2703 operibus
1361 2631 1533 2701 incumbere,
1558 2636 1663 2706 quibus
1687 2645 1797 2709 peccata

138 2739 246 2805 sponte,
262 2738 290 2786 et
308 2727 417 2801 proprio
437 2723 556 2792 arbitrio,
572 2724 618 2778 scd
635 2739 668 2778 er
689 2720 774 2791 ipsius
795 2718 933 2788 Ecclesiae,
988 2727 1151 2793 purgantur,
1167 2719 1349 2792 eleemosynis
1363 2720 1518 2794 frequenter
1541 2723 1685 2794 insistere,
1705 2732 1795 2790 retr„

142 2812 268 2894 tanquam
292 2818 335 2874 illa
353 2816 411 2872 suis
428 2814 533 2870 delictis
553 2809 805 2875 commemorantis,
820 2808 934 2864 ordina·
990 2810 1037 2865 ubi
1062 2825 1155 2865 mrsus
1178 2808 1251 2865 uulla
1272 2810 1395 2867 classium
1418 2811 1523 2868 illerum
1537 2813 1680 2870 successio
1701 2815 1796 2870 obser·

139 2913 213 2968 tione
242 2906 422 2978 suscipienda,
444 2903 630 2977 peragebatur,
646 2908 676 2956 ut
701 2899 727 2954 in
757 2897 934 2971 pulcherrima
988 2908 1088 2967 vatur,
1117 2913 1199 2970 quam
1221 2898 1315 2969 utique
1339 2898 1368 2954 S.
1394 2900 1544 2973 Cyprianus
1572 2901 1797 2959 dissimulaturos

137 2999 185 3055 illa
199 2998 228 3053 S.
243 2995 351 3052 Psciani
373 2993 515 3050 Poroenesi
533 2992 570 3048 ud
589 2989 803 3064 penitentiam,
816 2995 843 3043 et
861 2985 933 3060 apud
988 3004 1044 3045 non
1059 2987 1165 3055 luisset,
1190 2996 1243 3044 tam
1267 2989 1381 3045 solerter
1401 2990 1461 3046 aliis
1483 3006 1595 3065 quoque
1619 2991 1648 3047 in
1677 2992 1759 3062 locis,
1772 3000 1796 3048 et

136 3084 281 3144 tunninio
296 3091 329 3140 tr.
343 3083 376 3141 de
387 3083 490 3140 Penii.
502 3095 563 3152 cap.
575 3082 602 3146 t,
612 3088 663 3135 art.
673 3076 828 3150 3,aliosque
841 3075 933 3134 videre
952 3064 1022 3151 cer
1032 3077 1154 3134 instituto
1164 3077 1282 3151 quidem,
1292 3078 1327 3134 de
1334 3080 1711 3154 punitentioepublicoeusn
1720 3083 1795 3140 rerba

135 3185 188 3235 ω,
988 3167 1101 3225 iaciens.
1126 3165 1305 3224 verisimilius
1328 3175 1418 3224 umen
1441 3177 1492 3239 est,
1517 3170 1578 3227 illas
1603 3172 1793 3245 poenitentiuu

178 3265 387 3322 Coustsrsrtrns
414 3259 584 3336 (συνεστῷτες)
610 3257 727 3331 denique
753 3255 931 3323 vocabantur,
988 3258 1092 3315 classes
1105 3256 1177 3314 circa
1190 3255 1390 3329 ipsaCypriani
1410 3266 1540 3331 tempora,
1561 3276 1621 3318 uon
1646 3262 1678 3317 iu
1704 3262 1794 3318 Attica

136 3354 237 3429 quibus
251 3353 321 3410 inter
340 3351 486 3411 ambonem
500 3354 529 3409 et
542 3347 741 3407 sanctuarium
756 3343 931 3402 consistenti·
986 3349 1107 3420 quidem,
1123 3346 1171 3403 sed
1183 3344 1294 3403 Oriente
1308 3347 1473 3405 introductas
1487 3348 1586 3421 luisse3
1602 3350 1714 3423 primus
1728 3352 1792 3408 euim

137 3446 200 3514 bus,
217 3460 280 3501 cum
302 3442 407 3503 caeteris
430 3440 554 3497 fidelihus
573 3437 625 3510 ipsi
642 3437 722 3494 etiarn
741 3432 872 3492 sacrificio
887 3434 930 3490 in·
985 3437 1096 3496 easdem
1111 3436 1140 3493 S.
1157 3435 1318 3507 Gregorius,
1333 3437 1567 3494 Neocaesareensis
1585 3438 1612 3494 in
1631 3441 1723 3498 Ponto
1738 3441 1792 3512 epi·

132 3541 235 3594 teresse
258 3533 367 3602 licebat,
383 3531 469 3588 solum
489 3546 505 3586 a
527 3543 610 3586 sacrae
629 3541 739 3594 mense,
755 3540 804 3580 seu
822 3523 931 3578 Eucha·
985 3542 1087 3598 scopus
1106 3524 1165 3598 (qui
1187 3525 1270 3597 vulgo
1292 3524 1329 3581 ob
1353 3524 1417 3581 vitae
1431 3542 1488 3582 suae
1508 3527 1688 3585 sanctitatem
1701 3537 1729 3585 01
1740 3529 1790 3583 my.

134 3625 227 3693 ristiae,
254 3620 470 3696 participatione,
491 3618 525 3673 ad
551 3617 717 3687 probandam
744 3629 841 3671 eorum
867 3627 932 3668 con·
984 3615 1137 3672 raculorum
1166 3629 1182 3668 a
1215 3627 1245 3668 se
1274 3617 1437 3683 patratorum
1465 3615 1676 3672 multitudinem
1705 3616 1788 3674 Thau·

133 3714 271 3779 stantiam,
289 3710 414 3769 seclusis.
985 3712 1125 3776 maturgns
1138 3703 1324 3771 nuncupatus)
1341 3703 1371 3756 Α.
1389 3703 1419 3758 d.
1436 3705 1488 3759 265
1503 3702 1530 3757 iu
1545 3704 1651 3760 roelum
1675 3704 1753 3771 abiit,
1765 3703 1789 3759 in

168 3805 257 3874 Atque
277 3802 329 3855 bos
347 3799 454 3855 demum
479 3797 586 3853 ordines
610 3810 671 3850 cum
693 3790 798 3850 emensi
815 3789 931 3847 tuissent
983 3809 1033 3850 sua
1057 3791 1143 3863 Epist.
1167 3788 1300 3846 canoniea
1321 3805 1495 3850 enumerasse
1517 3795 1686 3863 reperitur:
1708 3795 1732 3851 si
1753 3803 1789 3850 ta·

134 3890 304 3965 poeuiteutes,
320 3886 457 3960 publicum
478 3891 506 3943 et
524 3885 676 3942 solemnem
695 3897 712 3936 a
729 3880 834 3937 delictis
852 3882 931 3937 obso·
983 3897 1045 3939 men
1061 3895 1146 3937 canon
1168 3879 1230 3950 ejus
1252 3879 1299 3935 ult.
1325 3877 1411 3949 ipsius
1424 3881 1551 3956 Gregorii
1574 3883 1626 3955 (de
1648 3900 1706 3958 quo
1726 3899 1788 3940 non·

137 3979 286 4051 lationem,
301 3991 362 4051 quae
388 3974 505 4047 denique
532 3971 750 4030 sacramentalis
776 3969 875 4036 iuerat,
896 3970 930 4025 ab
983 3969 1050 4026 nulli
1064 3967 1188 4024 dubitare
1203 3967 1318 4038 solunt),
1329 3965 1432 4026 ms
1446 3977 1474 4026 et
1489 3985 1544 4027 non
1559 3973 1657 4040 potius
1673 3974 1788 4030 aGtaett

131 4065 270 4139 episcopo,
293 4071 339 4122 aut
362 4062 443 4133 hujus
469 4062 548 4131 jussu
571 4075 587 4115 a
613 4058 773 4131 presbytero
799 4057 928 4124 dandam,
983 4056 1225 4131 quodamy'uniore
1239 4064 1348 4113 assutus
1361 4066 1412 4115 est.

131 4157 378 4230 consequebantur,
395 4166 477 4224 porro
501 4166 585 4207 merae
600 4164 701 4205 mensae
726 4156 754 4205 et
777 4148 859 4206 totius
877 4148 929 4206 Ec·
1020 4146 1121 4203 Saltem
1134 4161 1200 4203 vero
1215 4160 1247 4201 ex
1262 4144 1291 4203 S.
1307 4145 1405 4203 basilio
1421 4147 1459 4203 li.
1475 4147 1577 4206 Caesar.
1595 4151 1690 4220 episc.
1706 4152 1788 4225 Epist.

131 4245 221 4304 clesie
238 4239 422 4303 communioni
438 4239 564 4299 restituti.
987 4238 1093 4296 canos.
1109 4235 1146 4293 od
1159 4233 1334 4308 Amphiloclt.
1353 4250 1413 4292 can.
1434 4237 1483 4293 ult.
1512 4237 1586 4293 illam
1611 4241 1745 4310 potentie
1765 4238 1789 4294 in

166 4334 243 4390 Sicut
256 4343 344 4390 autem
360 4327 472 4387 dubium
485 4344 542 4385 non
558 4337 609 4396 est,
623 4326 680 4400 jam
696 4326 730 4382 ab
745 4326 929 4400 apostolorum
984 4334 1101 4398 quatuor
1123 4323 1222 4397 gradus
1244 4324 1430 4395 (πρόσπλαυσιν,
1454 4326 1565 4394 pletum,
1583 4325 1719 4400 ἀκρόασιν,
1741 4344 1790 4387 μ.

131 4422 300 4497 temporibus
323 4436 418 4478 omnes
436 4417 537 4492 passim
560 4417 694 4474 Ecclesiae
716 4431 814 4488 magua
829 4397 1123 4485 severi-fluitionem
1158 4420 1186 4469 et
1219 4412 1380 4485 ὕπόππωσιν,
1419 4415 1665 4485 substrationem,
1695 4425 1723 4476 et
1747 4418 1789 4471 ab·

131 4520 187 4569 tate
209 4527 273 4568 usas
295 4510 390 4578 fuisse,
410 4517 441 4566 ut
464 4506 572 4566 nonnisi
595 4520 654 4572 cos,
670 4519 741 4577 quos
762 4520 826 4561 vere
848 4514 875 4560 et
898 4520 931 4561 ex
985 4502 1544 4575 maetacousistentiom)divisionemJam
1553 4507 1790 4579 saeculowlnam·

131 4601 223 4658 animo
247 4599 410 4674 prenitentes
436 4613 497 4654 esse
513 4595 615 4653 dtuuus
640 4594 873 4666 comprobassent,
889 4609 931 4650 re-
984 4608 1037 4664 que
1052 4593 1082 4649 S.
1096 4591 1211 4650 llasilius
1224 4607 1267 4653 an.
1283 4594 1336 4649 379
1359 4592 1393 4648 ad
1415 4607 1527 4665 superos
1546 4595 1687 4670 migrasse
1703 4596 1789 4654 noeu-

130 4690 265 4764 cipereut,
280 4689 317 4745 ita
337 4689 459 4754 modum,
480 4701 530 4742 seu
557 4683 686 4742 ordinem
706 4680 867 4754 recipiendi,
880 4697 931 4739 nec
986 4683 1043 4753 tur)
1065 4681 1215 4739 obtinuisse
1237 4688 1353 4738 constat.
1379 4683 1431 4740 Sed
1455 4682 1492 4739 ita
1513 4684 1624 4742 oocssio
1654 4686 1740 4755 tulit,
1764 4701 1789 4752 ur

131 4794 250 4851 semper,
271 4792 322 4835 nee
346 4777 470 4844 ubilibet,
493 4773 621 4832 eumdem
648 4773 821 4829 observatum
849 4768 932 4828 iuius
985 4787 1092 4840 rursus,
1121 4777 1218 4843 preter
1241 4771 1383 4829 consilium
1406 4781 1539 4845 suscepte
1566 4773 1652 4846 hujus
1676 4776 1787 4848 opulle,

132 4874 247 4924 constat.
263 4867 341 4923 Certe
359 4874 450 4922 autem
473 4848 656 4921 Tenullianus
677 4868 780 4928 noster,
796 4863 822 4918 in
835 4876 932 4918 recen·
985 4860 1108 4917 nonnihil
1131 4860 1262 4933 prolixior
1284 4875 1383 4918 essem.
1408 4861 1578 4933 Quamquam
1600 4862 1689 4937 longo
1718 4865 1789 4937 ptura

131 4955 224 5012 seudis
239 4970 350 5012 suorum
372 4964 524 5025 tempomm
546 4951 753 5018 traditionibus,
768 4949 931 5022 etdisoipli-
985 4949 1089 5006 dabunt
1112 4949 1257 5024 dogmatici
1281 4949 1377 5021 nostri,
1399 4950 1535 5023 precipue
1558 4966 1625 5009 vero
1654 4952 1689 5010 P.
1713 4953 1786 5010 loau.

131 5059 184 5114 nae,
201 5042 351 5115 praesertim
381 5041 482 5099 siricae
505 5041 702 5112 Ecclesiarum,
714 5042 770 5112 iam
793 5047 857 5096 tunc
876 5053 933 5111 prae
985 5039 1101 5106 Morini,
1129 5038 1284 5110 presbyteri
1306 5054 1438 5113 congreg:
1460 5048 1561 5096 omtor.
1589 5040 1788 5099 eruditissimus

130 5134 238 5191 naeteria
255 5131 413 5207 rigidarum,
432 5130 620 5198 observantiis,
638 5129 707 5188 alias
730 5137 783 5185 tam
807 5126 928 5194 sedulus,
983 5127 1639 5202 illeCommenturiusllistoricusttellisciplino
1649 5135 1785 5205 poenitea-

130 5221 226 5277 nullibi
248 5227 338 5277 tamen
361 5220 378 5275 t
402 5219 510 5276 illarum
539 5217 668 5276 classium
691 5225 813 5290 apertam
834 5215 930 5274 distin·
986 5217 1045 5283 tioe,
1063 5225 1196 5291 ete.,quo
1206 5215 1389 5276 vastissimum
1399 5216 1451 5274 hoc
1460 5227 1651 5290 argumentum
1663 5221 1708 5276 vel
1717 5219 1788 5276 solus

130 5309 247 5368 ctionem
261 5306 336 5365 iacit.
986 5322 1071 5381 prope
1086 5307 1243 5364 exhausisse
1258 5307 1374 5365 videtur.

165 5399 219 5456 Sed
241 5413 331 5472 neque
350 5397 378 5453 iu
393 5397 524 5456 Ecclesiae
546 5397 674 5453 Romanae
696 5411 747 5452 usu
770 5391 931 5452 tunciuisse
1020 5395 1243 5466 Humilificundt.
1260 5395 1347 5470 blagis
1371 5396 1465 5454 Latine
1487 5395 1552 5470 quis
1569 5396 1674 5455 diceret
1689 5398 1786 5457 butar-

130 5487 271 5557 sidemur3
285 5501 404 5560 namque
427 5484 562 5543 Eusebius
586 5487 618 5540 li.
638 5487 670 5542 ll.
690 5483 738 5540 lib.
758 5500 788 5552 v,
804 5498 866 5555 cap.
880 5485 928 5553 st,
984 5486 1085 5546 mnus.

130 5575 165 5634 de
178 5577 292 5636 sauna
303 5575 455 5648 poenitente
467 5574 505 5631 ita
518 5572 648 5632 duuurat
660 5571 778 5646 loquitur
793 5589 801 5628 r
819 5591 832 5627 r
847 5573 927 5631 lianc
1012 5575 1276 5651 ¹tlotrtreratttiooern.
1288 5573 1407 5632 Sumitur
1417 5573 1461 5632 hic
1473 5588 1524 5647 pro
1534 5574 1649 5644 rationo,
1660 5589 1694 5634 ac
1706 5574 1785 5634 modo
