3840 6134
128 298 198 359 rtet
647 301 690 362 lb
709 300 856 364 ustulat
874 297 1097 363 renudatum
1124 302 1233 363 OPERA
1709 302 1779 363 tuta

128 437 225 496 turam,
245 435 302 502 aul,
321 437 351 485 ut
370 427 437 486 alias
455 429 603 501 loquimur,
618 430 772 486 secundum
795 425 963 503 substan-fl
974 444 1027 500 per
1046 447 1113 503 quos
1133 437 1241 503 peccata
1265 431 1382 486 nomine
1409 428 1515 486 Christi
1541 427 1729 494 dimittantur,
1753 441 1779 486 et

129 520 211 575 tium
236 517 300 574 Erat
315 535 381 594 ergo
397 517 545 590 baptismus
567 518 612 574 ille
627 526 730 574 tantum
754 520 922 586 ectrimcce,
976 518 1094 591 Spiritus
1115 520 1145 576 S.
1174 517 1326 576 conferatur
1350 517 1603 574 communicabilem
1632 534 1707 587 esse,
1724 518 1776 575 itu·

128 607 235 664 scilicet
252 617 383 679 quantum
405 608 438 663 ad
462 606 620 662 mandatum
644 607 711 662 illud
736 607 798 672 liei,
814 623 846 662 ex
870 621 924 676 quo
979 623 1031 678 quo
1046 607 1126 663 etiam
1149 624 1165 665 a
1189 608 1297 664 Christo
1319 607 1458 678 apostolis,
1481 605 1696 680 eorumdemque
1720 624 1776 667 auc

128 694 179 753 fuit
196 711 211 751 a
229 697 332 752 loanne
353 695 574 752 administratus:
591 709 645 751 non
668 709 733 751 uero
758 695 923 761 intrinsece,
977 697 1131 752 cessoribus
1146 697 1290 770 episcopis,
1305 705 1333 753 et
1357 712 1405 767 per
1428 697 1479 754 bos
1501 695 1684 768 presbyteris,
1700 712 1774 753 com·

127 792 155 840 et
176 795 308 856 quantum
330 785 365 841 ad
389 793 510 841 usturam
534 800 623 856 suam,
645 785 774 851 Divinas,
789 785 836 840 sed
850 787 925 842 omni
978 786 1143 841 muuieatam
1155 787 1249 852 fuisse,
1264 802 1296 841 cx
1308 785 1386 843 toan.
1406 801 1453 854 xx,
1470 788 1503 841 22
1528 793 1555 841 et
1577 801 1637 858 aeq.
1662 797 1775 856 constat,

129 871 241 939 virtute,
254 873 308 929 sibi
321 873 414 943 indita,
431 873 581 930 destitutus.
978 873 1026 928 uhi
1041 873 1164 931 Christus
1178 874 1308 946 apostolis
1329 872 1477 931 insufflavit
1498 880 1525 928 ct
1545 873 1614 929 dixit
1631 892 1638 930 :
1655 877 1776 948 Accipite

165 964 334 1019 Proestabat.
349 961 501 1035 Baptismus
515 977 582 1033 ergo
597 963 708 1018 loannis
722 962 823 1019 nullam
838 964 924 1019 habe·
978 964 1117 1035 Spiritum
1127 969 1269 1021 sanctum.
1281 964 1407 1032 Quorum
1421 964 1589 1021 remiseritis
1602 961 1711 1019 1174
1717 982 1776 1037 pec-

130 1051 176 1106 bat
203 1049 352 1107 efficaciam
367 1053 400 1107 ad
416 1051 516 1122 aliquid
541 1054 761 1125 supernaturale
786 1053 813 1106 in
836 1052 927 1109 anima
977 1053 1053 1116 cato,
1077 1053 1271 1109 remittantur
1293 1054 1344 1118 eis,
1369 1060 1423 1108 etc.
1448 1049 1632 1106 Nihilominus
1651 1066 1726 1120 uero,
1750 1062 1776 1108 ut

129 1138 345 1211 producendum,
362 1140 429 1195 sicut
457 1147 547 1195 tarnen
570 1141 694 1197 Christus
717 1142 852 1214 baptismo
876 1155 926 1196 suo
976 1141 1005 1197 S.
1023 1139 1153 1196 Parianus
1167 1140 1247 1212 epist.
1262 1140 1333 1205 l,ad
1349 1140 1647 1213 symproniunumait‚
1668 1160 1680 1191 ι
1703 1140 1775 1210 Quod

131 1227 186 1285 vim
204 1227 316 1284 inseruit
338 1229 372 1283 ad
394 1227 596 1301 producendam
620 1231 735 1302 gratiam
756 1228 928 1285 sanetifican·
977 1247 1026 1302 per
1051 1245 1115 1286 suos
1143 1231 1298 1286 sacerdotes
1328 1228 1391 1285 iacit
1416 1228 1549 1298 Christus,
1581 1244 1633 1284 sua
1662 1237 1776 1299 potestas

130 1325 194 1382 ten,
210 1323 237 1372 et
249 1324 359 1387 peccata
372 1332 421 1388 ρετ
444 1318 567 1373 eamdem
582 1317 725 1376 abolenda.
741 1319 816 1375 Hauc
835 1318 926 1389 bapti·
974 1328 1025 1375 cst.
1044 1339 1054 1368 a
1073 1319 1105 1373 Bt
1120 1319 1199 1390 epist.
1217 1323 1254 1374 3:
1270 1341 1282 1370 r
1298 1317 1379 1388 Quod
1394 1332 1445 1391 eqo
1460 1316 1543 1385 facio,
1557 1331 1617 1372 uon
1631 1332 1696 1374 meo
1707 1318 1776 1388 iure,

129 1404 180 1461 smi
196 1406 334 1477 utriusque
349 1405 530 1464 differentiam
547 1407 661 1478 ipsemet
674 1411 802 1474 loannes,
814 1410 894 1464 llarc.
907 1424 927 1472 1.
976 1411 1024 1465 sed
1041 1424 1161 1478 nou1u13
1178 1409 1228 1464 Bei
1241 1408 1313 1465 onim
1328 1423 1422 1463 sumus
1436 1406 1587 1475 adjutores.
1604 1405 1698 1475 Quare
1713 1405 1778 1478 (per-

130 1498 157 1561 8,
182 1494 334 1551 luculenter
357 1495 529 1567 significavit,
546 1498 669 1570 inquiens
685 1518 692 1553 ε
709 1498 763 1570 Ερο
788 1499 932 1570 baptisari
977 1499 1037 1571 git),
1049 1498 1106 1554 sive
1120 1498 1300 1570 baptizamus,
1316 1497 1374 1554 sive
1387 1496 1421 1551 ad
1435 1495 1623 1567 paenitentiam
1636 1496 1769 1570 cogimus,

131 1601 177 1644 uos
190 1599 270 1656 aqua,
285 1584 336 1641 ille
349 1601 413 1642 cero
426 1585 579 1658 baptizabit
603 1603 647 1644 aas
669 1586 784 1642 Sarutru
808 1601 926 1644 saucio.
979 1603 1029 1643 seu
1044 1586 1149 1644 ueniam
1164 1587 1318 1657 petentibus
1329 1585 1490 1653 relaxamus,
1501 1584 1613 1640 Christo
1628 1584 1658 1640 id
1674 1593 1779 1642 austere

165 1674 422 1731 Proeministrabnt.
437 1674 513 1730 Siout
527 1674 599 1728 enim
613 1673 671 1744 ipse
689 1675 809 1731 loannes
824 1684 926 1732 tantum
978 1683 1132 1732 tractamus.
1149 1694 1162 1729 s
1178 1675 1271 1746 Atque
1286 1677 1345 1730 haec
1358 1682 1452 1731 contra
1466 1675 1655 1730 Protestantss
1679 1683 1780 1730 nostres

130 1769 187 1818 erat
199 1762 353 1818 Praecursor
367 1763 485 1829 Domini,
501 1779 668 1836 preparans
692 1765 833 1820 nimirum
847 1765 927 1821 ciam
941 1745 963 1826 Β
979 1764 1096 1820 notanda
1110 1773 1196 1835 eraut,
1218 1764 1404 1821 sacerdotibus
1418 1779 1472 1821 nou
1489 1779 1589 1820 cerum
1612 1767 1780 1836 potestatem

131 1853 202 1923 ejus,
222 1851 304 1907 licre.
319 1866 339 1920 1,
354 1854 381 1917 2,
397 1850 433 1905 ita
456 1851 536 1906 etiam
560 1850 710 1922 baptismus
730 1851 844 1908 loannis
862 1861 926 1910 tau-
976 1850 1139 1922 remittendi,
1154 1851 1320 1921 sed-uouuisi
1330 1867 1402 1908 mere
1417 1851 1697 1921 declarativamjam
1711 1850 1780 1909 laeta

130 1948 188 1996 tum
203 1950 263 1994 erat
277 1940 438 2008 prodromus
459 1939 571 2011 quidam
586 1940 714 2011 Baptismi
728 1941 839 2009 Christi,
856 1940 930 2001 velut
977 1942 1064 1998 aBeo
1079 1942 1267 2007 remissionis,
1283 1940 1479 1998 asserentibus.

131 2028 164 2082 ad
178 2027 304 2082 eumdem
319 2043 367 2098 ρετ
381 2028 510 2083 excitatos
520 2036 595 2084 actus
608 2028 773 2100 poenitentiae
788 2031 930 2101 spectatis

130 2130 246 2173 avocans
256 2123 283 2171 et
296 2117 329 2172 ad
349 2116 486 2173 meliorem
500 2116 581 2173 vitam
596 2116 753 2190 disponens,
770 2133 825 2175 non
839 2118 928 2192 ipsam
953 2128 954 2131 ’

131 2204 215 2262 vitam
231 2205 381 2262 conferens.
407 2207 445 2260 lta
465 2205 537 2261 enim
557 2213 653 2262 auctor
675 2209 709 2261 22
724 2208 760 2263 ad
779 2208 928 2267 urthedoc.
954 2238 959 2248 ·

134 2298 266 2368 Respons.
287 2293 325 2350 ad
347 2298 373 2362 2,
394 2295 580 2361 maturauit:
598 2317 609 2346 r
635 2295 790 2367 Baptismus
817 2298 931 2353 loannis

134 2383 276 2455 proemium
300 2382 351 2439 tuit
363 2382 504 2457 Evangelii
518 2383 626 2455 gratiae.
643 2384 702 2438 »Et
719 2385 747 2441 S.
764 2385 843 2440 Bisil.
856 2386 931 2442 hom.

136 2473 180 2542 lt,
196 2471 229 2530 de
242 2473 359 2529 Ecbort.
383 2472 420 2528 ad
444 2472 625 2543 baptismum,
646 2471 733 2543 inquil
750 2490 785 2530 :r
807 2472 931 2531 Initiato·

136 2574 196 2615 rum
211 2571 268 2617 erat
280 2559 392 2616 loannis
405 2560 543 2632 Baptisma
559 2577 565 2617 :
578 2559 648 2616 istud
660 2575 725 2615 vero
739 2561 932 2631 perfectorum.

1014 2033 1229 2088 descensurum.
1243 2031 1274 2088 Si
1287 2046 1346 2086 nen
1366 2030 1458 2088 obiero
1484 2027 1532 2099 (ait
1554 2027 1686 2084 Christus
1708 2030 1782 2085 loun.

980 2135 1044 2184 xvi,
1058 2118 1095 2191 t),
1108 2119 1272 2176 Paracletus
1293 2134 1352 2174 non
1374 2119 1469 2175 veniet
1490 2117 1528 2173 ad
1550 2133 1628 2175 nos:
1650 2118 1678 2173 ai
1694 2120 1782 2174 cumn

979 2208 1084 2276 abiero,
1099 2209 1217 2264 mittam
1231 2207 1267 2263 od
1280 2224 1336 2266 aas.
1352 2205 1412 2276 Quo
1426 2204 1584 2262 testimonio
1604 2205 1782 2262 Tertullianus

981 2296 1066 2352 utitur
1081 2295 1307 2368 adprobandum,
1323 2293 1397 2366 quod
1413 2293 1563 2364 baptismus
1582 2293 1705 2350 loannis
1725 2310 1782 2369 gra·

982 2384 1044 2439 tiam
1068 2385 1184 2452 Spiritus
1204 2382 1290 2440 sancti
1313 2384 1433 2439 noudum
1454 2382 1581 2440 conferre
1599 2382 1735 2467 potuerit,
1756 2397 1783 2438 oo

983 2472 1056 2543 quod
1071 2472 1186 2544 Spiritus
1200 2483 1310 2529 sauctus
1328 2471 1501 2530 antechristi
1525 2471 1554 2527 iu
1570 2472 1661 2529 eoeloa
1679 2470 1782 2530 Ascen-

982 2577 1042 2617 sum
1061 2561 1181 2618 noudum
1196 2576 1226 2616 ae
1240 2560 1268 2615 in
1282 2561 1435 2619 Ecclesiam
1452 2559 1590 2618 effuderit.
1607 2562 1652 2617 Ex
1668 2574 1726 2633 quo
1737 2575 1783 2616 nou

136 2651 175 2705 hc
190 2658 300 2721 peccato
320 2648 385 2704 illud
399 2649 528 2706 avocabat
545 2665 551 2706 :
569 2647 640 2705 istud
655 2663 719 2706 cum
737 2650 796 2706 Deo
814 2651 931 2720 coujuu·
982 2649 1063 2723 pauci
1073 2652 1152 2706 etiam
1165 2667 1199 2707 ex
1214 2651 1315 2706 nostris
1325 2650 1500 2715 contendunt,
1519 2665 1612 2719 neque
1623 2649 1784 2720 baptismum

136 2738 184 2815 git,
200 2747 226 2795 et
238 2739 395 2796 familiarem
410 2738 537 2797 reddit.»
983 2740 1119 2796 aCbristo
1137 2739 1298 2805 institutum,
1320 2748 1381 2796 ante
1400 2741 1564 2796 Passionem
1589 2748 1617 2795 et
1637 2742 1784 2797 Bcsnrrec

170 2829 324 2894 Potestate,
340 2842 389 2883 seu
402 2828 542 2893 libertate,
564 2824 668 2882 scilicet
681 2840 729 2897 per
753 2825 825 2882 vires
839 2826 933 2901 gratiae
987 2830 1103 2899 tionem,
1116 2829 1171 2885 imo
1188 2838 1216 2886 et
1229 2829 1289 2899 eius
1303 2831 1509 2897 decensionem,
1525 2825 1683 2884 efficaciam
1697 2827 1783 2885 ceule·

136 2916 237 2985 adjuta.
986 2919 1078 2975 rendae
1099 2919 1195 2992 gratiae
1217 2918 1377 2976 obtinuisse.
1397 2918 1497 2975 Verum
1511 2918 1564 2974 bac
1586 2917 1621 2975 de
1647 2935 1680 2976 re
1705 2918 1785 2990 polius

172 3008 267 3076 chre.
283 3004 332 3059 Est
347 3001 419 3059 euim
435 3002 513 3075 fides,
524 3013 553 3060 ut
568 3003 670 3060 Concil.
687 3004 809 3060 Trideut.
825 3020 893 3060 sess.
904 3008 932 3072 6,
986 3024 1047 3079 cap.
1064 3024 1120 3080 seq.

134 3092 169 3152 de
193 3094 314 3162 lustific.
328 3107 389 3166 cap.
416 3092 506 3162 docet,
523 3093 663 3165 dispositio
692 3093 825 3165 quadam,
848 3093 934 3164 ipsam
952 3067 978 3154 Β
1022 3098 1060 3154 Νε
1073 3097 1175 3154 auditu
1190 3096 1303 3170 quidem
1317 3101 1465 3154 nocerent.
1477 3097 1539 3152 Act.
1557 3099 1652 3162 mx,2
1668 3104 1784 3169 etseqq,

136 3181 324 3254 poeuitentiam
347 3181 498 3237 necessario
524 3185 699 3253 antecedens,
721 3190 749 3238 ut
774 3180 811 3238 ibi
839 3181 930 3237 latins.
986 3186 1087 3242 Paulus
1099 3187 1134 3242 ad
1154 3185 1300 3257 discipulos
1314 3200 1379 3241 suos
1393 3187 1448 3240 ait:
1466 3186 1495 3242 Si
1509 3185 1655 3244 Saturnum
1672 3187 1702 3244 S.
1719 3202 1785 3242 acre·

135 3272 203 3328 Cum
218 3286 283 3344 argo
298 3272 362 3328 Luc.
377 3286 430 3338 vri,
444 3274 496 3329 29:
516 3274 613 3329 Omnis
625 3270 750 3344 populus
764 3271 894 3337 audiens,
905 3276 934 3329 et
982 3277 1067 3349 pistis
1082 3274 1226 3330 medentes
1236 3274 1250 3327 ,⁹
1261 3277 1295 3330 at
1310 3275 1358 3329 illi
1371 3273 1509 3330 dicerunt
1522 3271 1563 3329 ad
1577 3289 1648 3331 eum
1661 3294 1671 3331 :
1684 3276 1787 3333 Sednc

135 3361 281 3436 publicani
289 3362 522 3434 justificaverunt
537 3363 627 3417 Deum
641 3357 792 3431 (credentes
805 3357 932 3414 nimitum
987 3381 1040 3438 que
1052 3365 1077 3420 si
1084 3363 1332 3436 Spiritussanetns
1342 3365 1394 3425 est,
1402 3361 1579 3418 audivimus.
1592 3362 1648 3419 Ille
1659 3379 1727 3420 nero
1734 3363 1785 3417 ait:

136 3451 252 3521 Christo,
268 3453 385 3509 loannis
399 3449 478 3506 dotes
494 3456 545 3505 tam
561 3447 706 3524 insigniter
724 3447 935 3520 commendanti)
984 3455 1018 3508 ln
1031 3467 1157 3525 quoerqo
1168 3449 1308 3523 baptizati
1318 3450 1385 3506 estis
1397 3449 1411 3503 ,9
1425 3451 1476 3519 Qui
1486 3449 1630 3507 dicerunt
1644 3470 1655 3508 :
1668 3453 1703 3507 ln
1712 3453 1785 3509 Jour-

136 3539 277 3613 buptinctr'
291 3540 428 3612 baptismo
439 3538 567 3595 loannis.
584 3538 619 3592 Et
634 3552 695 3593 mox
710 3536 799 3609 pergit
812 3536 936 3609 Evauqe·
983 3542 1030 3597 nis
1045 3541 1225 3614 baptismale.
1237 3541 1318 3596 Dicit
1333 3543 1428 3596 numm
1440 3541 1547 3597 Paulus
1561 3542 1713 3598 :loannes
1735 3541 1787 3613 bap

135 3627 197 3685 lista
212 3648 218 3685 :
234 3629 373 3686 Pharisaei
386 3632 485 3685 cutem
497 3633 525 3685 et
542 3628 697 3700 lepisperiti
712 3628 866 3683 consilinm
886 3626 936 3682 Bet'
986 3630 1087 3687 tizooit
1098 3631 1241 3701 Baptismo
1255 3630 1434 3702 peanitentiae
1446 3630 1598 3703 populum,
1614 3638 1673 3686 etc.
1688 3629 1786 3701 Exqui-

137 3720 348 3792 spreeeruntin
362 3720 524 3790 semetipsos
535 3716 678 3789 (increduli
689 3715 815 3772 nimirum
829 3714 935 3781 loanni,
987 3718 1038 3772 bus
1060 3716 1138 3772 facila
1157 3715 1282 3784 infertur,
1307 3717 1470 3789 baptismum
1492 3718 1608 3773 loannis
1623 3709 1690 3773 'non
1709 3716 1785 3774 eolla·

136 3806 299 3876 baptismum
323 3805 489 3876 poeniteutiae
514 3804 682 3875 praedicanti,
702 3812 729 3858 et
752 3803 804 3875 ipsi
829 3803 936 3860 Christo
988 3813 1044 3861 tum
1077 3803 1161 3860 fuisse
1185 3803 1213 3859 in
1235 3805 1346 3862 nomine
1370 3806 1399 3861 S.
1428 3804 1589 3874 Trinitatis;
1620 3806 1696 3863 alias
1723 3807 1783 3862 euin

138 3893 264 3951 eumdem
289 3900 343 3948 tam
368 3891 511 3948 efficaciter
535 3890 685 3962 suadenti),
713 3890 935 3963 conbaptizati
987 3893 1117 3966 Spiritum
1133 3900 1254 3950 sanctum
1283 3894 1410 3967 ignorare
1435 3910 1488 3950 nou
1508 3895 1681 3967 potuissent,
1703 3903 1784 3967 utpote

137 3982 255 4040 suntab
273 3994 417 4052 canaque
437 3978 512 4053 digni
526 3980 578 4035 hoc
591 3980 770 4051 paenitentia
784 3981 933 4053 baptismo,
984 3981 1013 4038 iu
1040 3996 1120 4054 quem
1147 3990 1226 4037 autea
1252 3981 1362 4038 credere
1385 3981 1563 4051 debuissent,
1590 3990 1726 4056 tauquam
1746 3995 1785 4053 pn

137 4070 265 4147 qnoniam
293 4069 358 4141 fide,
385 4077 441 4124 tum
464 4067 638 4141 pertinaciter
662 4068 790 4126 nimirum
814 4070 933 4143 repulsa,
987 4073 1066 4144 cujus
1089 4071 1204 4147 gratiam
1229 4070 1353 4126 remissio
1383 4078 1556 4142 peccalorum
1577 4070 1640 4128 fieri
1668 4072 1783 4132 debebtl

137 4160 267 4217 destituti.
987 4169 1015 4216 et
1028 4159 1125 4215 animae
1149 4157 1326 4215 sanctificatio
1339 4158 1468 4215 conferri.
1493 4160 1580 4215 Erant
1600 4159 1688 4233 igitur
1712 4161 1739 4216 hi
1759 4172 1782 4213 et

172 4253 346 4306 Humanum.
360 4247 414 4304 Seu
429 4261 473 4302 res
486 4248 521 4301 ab
536 4245 651 4302 arbitrio
674 4246 802 4318 hominis,
823 4249 935 4322 ejusque
989 4248 1091 4304 ludaeis
1104 4247 1237 4320 Ephesiis,
1252 4247 1299 4322 qui
1314 4247 1447 4304 alomna
1458 4247 1606 4321 aliquando
1630 4249 1662 4304 iu
1676 4249 1782 4304 Jordaue

137 4339 231 4395 liberis
243 4339 348 4395 actibus
363 4336 519 4393 necessario
533 4337 699 4407 dependens.
988 4337 1112 4409 baptizati
1128 4337 1244 4404 fueraut,
1261 4336 1418 4409 intereaque
1433 4337 1572 4409 Ephesum
1594 4338 1713 4403 reversi,
1728 4333 1783 4392 nihil

174 4430 289 4487 Necesse
304 4431 357 4483 est.
382 4427 485 4483 Pariter
508 4425 611 4482 scilieet
635 4425 784 4495 humanos,
801 4435 830 4484 ut
853 4421 937 4499 supra
950 4393 975 4477 Β
987 4424 1784 4499 antequamPanlusillucpervenisset,debcptismoCbrit·

137 4515 214 4573 dixit.
229 4516 297 4573 llide
310 4515 374 4572 Not.
393 4516 568 4576 conditione.
596 4516 748 4585 Baptismus
769 4531 834 4588 ergo
853 4517 936 4573 toan·
990 4517 1023 4584 ti,
1040 4512 1171 4570 hactenus
1189 4515 1224 4569 ab
1239 4514 1369 4586 apostolis
1391 4514 1496 4582 collato,
1512 4529 1602 4587 neque
1617 4515 1654 4572 de
1680 4515 1782 4590 tmperi·

138 4607 181 4662 nis
193 4604 301 4662 nonnisi
316 4604 350 4660 ad
373 4604 559 4676 poeniteutiam
578 4603 722 4674 excitabat,
743 4606 839 4676 gratiae
859 4606 934 4661 auxi·
988 4608 1063 4662 tiene
1090 4619 1239 4672 mortuum,
1266 4617 1314 4658 seu
1339 4607 1519 4661 sacramento
1548 4605 1780 4675 confimationi,

138 4696 175 4754 lia
189 4694 223 4750 ad
237 4694 359 4751 eamdem
375 4693 526 4750 necesmria
545 4692 696 4766 largiendo,
713 4708 767 4749 uon
793 4692 851 4764 ipsa
865 4710 933 4766 pec·
990 4691 1062 4764 quod
1086 4698 1149 4746 tunc
1172 4689 1306 4762 baptismo
1328 4706 1392 4747 mox
1419 4692 1646 4766 subjungebatur,
1661 4693 1781 4763 donisque

138 4794 200 4843 cata
212 4782 348 4841 delendo:
368 4791 463 4855 utpote
480 4781 551 4854 quod
570 4798 617 4852 per
629 4791 718 4838 aetum
734 4781 863 4853 perfeetae
878 4799 935 4853 poe-
987 4779 1103 4852 Spiritus
1122 4780 1207 4834 saneti
1229 4778 1295 4835 illud
1322 4779 1524 4848 comitantibus,
1551 4781 1696 4854 quidpiam
1719 4782 1780 4837 intu-

138 4873 259 4931 niteutiae
276 4889 323 4928 seu
338 4870 517 4940 contritionis,
539 4879 667 4945 tanquam
686 4888 756 4945 opus
768 4871 854 4944 ipsius
868 4890 935 4947 epe·
969 4870 1099 4941 ‚dietant
1114 4869 1149 4924 Et
1161 4883 1227 4924 vero
1240 4868 1341 4925 Paulus
1354 4869 1465 4926 minime
1482 4871 1607 4942 putabat,
1623 4872 1684 4942 ipse
1706 4867 1777 4926 sulla·

139 4968 246 5034 rcntt's,
261 4958 354 5032 perfici
368 4974 479 5015 neeesse
493 4968 559 5016 erat.
985 4958 1055 5016 cisse
1069 4958 1237 5030 baptismum
1250 4958 1373 5028 loannis,
1388 4958 1503 5032 eoquod
1519 4976 1569 5032 per
1585 4963 1715 5018 eumdem
1729 4970 1778 5013 uer

177 5053 208 5109 Si
218 5052 337 5109 caleatis
346 5050 457 5121 suisset.
469 5049 544 5106 Sicut
554 5049 804 5124 baptismusipsam
813 5055 936 5128 qratiam
989 5050 1056 5107 dum
1080 5049 1186 5109 Christi
1203 5049 1339 5106 Ecclesia
1362 5050 1459 5106 initiati
1475 5050 1602 5107 fuissent.
1623 5050 1716 5121 Quare
1737 5049 1775 5114 lot·

140 5141 367 5211 sanctificantem
382 5149 408 5195 et
421 5141 615 5199 remissionem
629 5147 821 5215 peccatorum,
842 5142 936 5202 Biuina
988 5144 1037 5199 cit.
1052 5142 1111 5198 mli
1135 5146 1162 5194 et
1185 5142 1212 5206 6,
1229 5139 1424 5213 subjungitur:
1444 5142 1489 5196 llis
1515 5139 1627 5209 cuditis
1650 5133 1776 5212 captanti

140 5231 246 5304 sibique
261 5230 405 5286 intrinseca
419 5230 530 5301 virtute,
546 5247 606 5297 seu,
621 5240 651 5287 ut
666 5231 814 5304 loquimur,
827 5248 865 5290 erc
875 5248 936 5304 cpe·
987 5231 1104 5287 suntin
1117 5229 1234 5287 nomine
1246 5229 1358 5287 Bomini
1374 5229 1449 5285 lesu.
1466 5230 1502 5285 Et
1527 5245 1596 5285 curn
1612 5225 1774 5301 imperabat

141 5338 170 5378 rc
185 5324 310 5392 operata,
323 5317 487 5384 conferebat,
503 5328 533 5375 ut
546 5319 601 5387 iam
615 5319 681 5374 alias
700 5320 826 5376 diximus.
988 5319 1048 5375 illis
1062 5334 1167 5374 monus
1182 5317 1298 5387 Paulus,
1315 5319 1392 5375 uenit
1407 5317 1539 5374 Saturnus
1553 5331 1677 5373 asuerus
1703 5328 1773 5386 super

176 5413 249 5467 Deus
270 5409 354 5467 selus.
379 5410 466 5478 htque
490 5406 516 5462 id
540 5406 649 5478 quidem
672 5407 877 5479 intelligendum
897 5420 939 5466 est
987 5427 1045 5478 cos,
1059 5414 1086 5465 et
1103 5409 1287 5481 loquebantur
1312 5410 1428 5479 linquis,
1446 5402 1772 5480 amminiculantibus

141 5499 174 5553 de
189 5502 328 5571 potestate
347 5496 499 5570 principali
521 5503 548 5549 ct
569 5497 780 5552 auctoritativa.
803 5495 937 5554 Caeterum
989 5499 1072 5573 igitur
1086 5512 1166 5568 quam
1178 5498 1262 5552 multo
1273 5496 1406 5554 infirmior
1420 5496 1501 5554 fuerit
1514 5490 1771 5569 baptismusloauuit

143 5598 233 5643 autem
254 5587 323 5642 hauc
345 5585 425 5643 ctiam
449 5583 612 5650 bominibus,
628 5583 700 5642 velut
723 5586 931 5658 instrumentis,
987 5604 1044 5660 prae
1059 5587 1144 5646 altero
1160 5587 1268 5645 Christi.
