3840 6134
141 342 192 402 363
492 328 713 395 TEETUhLthl
732 329 866 395 ornauit
885 331 971 395 PARS
983 330 1018 393 ll.
1037 363 1074 378 -
1091 328 1206 396 saulus
1219 331 1241 402 t,
1262 324 1434 394 rotantur.
1737 330 1790 391 3b4

139 467 210 535 facit,
234 461 336 534 absque
350 458 490 518 mendacio
514 468 616 516 tamen.
640 460 674 518 Et
689 459 762 528 ideo,
787 461 866 533 quale
883 468 939 526 est,
957 477 980 555 g
996 459 1038 516 nis
1056 475 1110 516 non
1124 459 1282 516 desaltasset
1298 459 1332 526 ⁵³,
1347 458 1394 532 qui
1415 471 1560 531 personam
1578 455 1735 513 susbtantia
1749 456 1793 528 ip-

139 564 168 609 ut
195 551 313 608 dedecus
345 549 505 607 existimarit
540 552 681 606 veritatem
719 551 821 620 potins,
855 565 938 622 quain
995 550 1051 606 sius
1063 549 1174 620 egisset.
1200 547 1282 604 Plane
1305 547 1452 604 nativitatis
1466 545 1635 604 mendacium
1649 547 1793 613 recusasti,

137 638 307 697 mendacium
326 638 435 695 carnis?
455 638 553 711 dtqidn
573 638 717 697 honoravit
737 637 809 693 illam
832 637 940 711 tingen-
992 639 1078 710 ipsam
1107 637 1180 695 enim
1208 653 1316 695 carnem
1339 653 1432 694 veram
1450 636 1569 693 edidisti.
1594 635 1794 707 Turpissimum

137 729 183 786 do.
203 729 308 798 Quanta
332 728 389 798 jain
405 744 468 785 caro
486 735 538 795 est,
562 727 642 798 cnjus
660 728 820 799 phantasma
838 742 937 783 neccs—
991 726 1095 783 scilicet
1115 725 1175 794 Dei,
1203 725 1284 782 etiam
1311 741 1385 793 vera,
1410 724 1544 782 nativitas.
1574 727 1633 797 Age
1654 724 1721 794 iam,
1743 741 1794 795 pe-

139 819 238 874 sarium
256 817 307 873 init
320 817 377 874 Deo
393 816 548 888 superiori?
992 830 1053 871 rora
1068 818 1126 886 (ιιι)
1143 816 1171 870 in
1185 813 1231 870 illa
1244 813 1413 872 sanctissima
1427 821 1453 870 et
1468 815 1615 873 reverenda
1639 828 1720 885 opera
1742 828 1794 868 na·

992 909 1083 975 turae,
1113 903 1239 960 invehere
1267 903 1295 958 in
1315 909 1400 960 totum
1428 903 1501 974 quod
1528 917 1579 958 es:
1597 901 1687 959 carnis
1711 910 1794 974 atque

441 961 553 1018 CAPUT
571 961 622 1016 xl·
992 992 1089 1048 animae
1099 992 1233 1066 originem
1242 992 1369 1049 destrue:
1384 992 1504 1048 cloacam
1519 1006 1589 1049 voca
1597 999 1714 1061 uterum,
1725 992 1795 1047 tanti

174 1088 257 1147 Totas
284 1086 350 1144 isias
374 1086 526 1161 prestigias
549 1086 678 1160 putative
703 1086 731 1143 in
754 1086 860 1144 chrisio
879 1102 939 1143 eor·
992 1081 1127 1147 aniculis.
1144 1080 1233 1147 idest
1254 1081 1369 1138 hominia
1384 1078 1792 1153 producendioificinanzper·

138 1179 267 1254 palentia
285 1177 342 1250 lit)
364 1176 482 1233 Marcion
506 1175 551 1231 illa
573 1175 719 1232 intentione
745 1174 876 1248 suscepit,
906 1192 941 1234 ne
993 1184 1105 1241 sequere
1123 1175 1152 1226 et
1174 1177 1267 1242 partos
1292 1168 1432 1225 immunda
1449 1175 1477 1226 et
1504 1167 1629 1241 pudenda
1650 1175 1795 1236 tormenta,

137 1285 172 1324 ex
200 1266 353 1324 testimonio
375 1264 531 1320 snhstantiae
561 1265 696 1332 humane,
721 1264 845 1321 nativitas
867 1279 939 1337 quo·
993 1258 1117 1332 etipsius
1130 1258 1229 1317 exinde
1252 1258 1388 1333 puerperii
1402 1273 1524 1330 spurcos,
1549 1259 1653 1324 auxios,
1674 1256 1795 1317 ludicros

138 1373 190 1429 que
215 1356 277 1427 ejus
295 1352 494 1420 defenderetur,
509 1361 590 1426 atque
604 1354 641 1409 ita
661 1353 786 1411 Christus
805 1353 941 1411 Creatoris
994 1348 1081 1405 exitus
1102 1347 1171 1420 (29).
1200 1346 1300 1405 Tamen
1314 1362 1377 1403 cum
1395 1345 1485 1404 omnia
1498 1344 1550 1401 ista
1570 1345 1748 1414 destruxeris,
1764 1354 1797 1404 iit

136 1445 331 1510 vindicaretur,
360 1451 390 1499 ut
415 1442 460 1515 qui
490 1441 635 1514 nascibilis,
664 1458 695 1498 oc
718 1459 766 1515 per
791 1444 852 1509 hoc,
878 1459 941 1499 car-
994 1438 1053 1495 Dec
1076 1436 1220 1511 iudigna⁵⁹
1244 1436 1398 1502 confirmes,
1423 1450 1477 1492 non
1493 1433 1544 1491 erit
1557 1433 1693 1507 indignior
1708 1444 1796 1494 morte

136 1547 205 1588 neus
227 1531 441 1587 annuntiaretur.
465 1528 628 1586 Stultissime
649 1538 677 1586 ιι
698 1530 742 1585 hic
760 1530 785 1567 ⁵2
803 1529 940 1612 Ponticus,
995 1525 1128 1592 nativitas,
1140 1532 1166 1581 et
1181 1540 1260 1582 cruce
1281 1523 1403 1590 infantia,
1419 1532 1446 1580 et
1460 1531 1553 1579 natura
1566 1538 1658 1595 poena,
1672 1530 1793 1582 staurus

136 1621 215 1696 quasi
234 1635 289 1677 uon
303 1618 410 1675 facilius
431 1617 586 1674 crederetur
599 1632 663 1674 caro
683 1618 710 1673 in
726 1619 783 1675 Deo
797 1634 852 1674 non
868 1627 940 1687 nata,
995 1613 1140 1671 damnatio.
1156 1612 1184 1670 st
1203 1629 1266 1670 vera
1286 1613 1337 1671 istd
1360 1630 1456 1686 passus
1475 1619 1516 1670 est
1542 1611 1674 1681 Christus,
1702 1611 1794 1674 miuus

137 1728 218 1786 quarn
257 1708 340 1775 falsa,
379 1706 600 1778 praestruentibus
632 1707 672 1763 vel
704 1708 820 1764 maxime
861 1706 941 1764 fidem
996 1698 1048 1757 init
1061 1701 1087 1741 ⁶⁰
1101 1699 1184 1759 nasci.
1200 1701 1229 1759 Si
1243 1700 1384 1760 mendacio
1397 1717 1496 1777 passus
1510 1705 1562 1769 eat,
1578 1707 1608 1757 ut
1622 1705 1793 1775 phanusma,

137 1801 219 1858 istam
246 1795 351 1871 angelis
365 1796 510 1862 creatoris,
528 1793 556 1850 in
574 1810 655 1851 carne
678 1811 742 1852 vera
764 1797 938 1865 conversatis,
997 1791 1084 1862 potnit
1097 1798 1124 1848 et
1131 1791 1275 1849 mendacio
1289 1791 1375 1850 nasci.
1392 1791 1504 1849 Summa
1512 1789 1566 1848 ista
1586 1789 1729 1850 liaraiouia
1746 1808 1793 1851 ar-

137 1905 189 1948 nec
209 1896 300 1944 tamen
314 1884 473 1942 nataliam
491 1891 517 1940 et
530 1883 688 1941 Philumene
706 1885 752 1941 illa
766 1886 854 1962 magia
873 1903 939 1959 per·
993 1891 1133 1958 gemente,
1150 1899 1197 1958 per
1209 1898 1269 1958 que
1281 1882 1362 1941 alium
1376 1881 1460 1940 eiiicit
1474 1881 1619 1949 Christum,
1644 1882 1710 1941 satis
1727 1885 1793 1959 opi·

137 1978 224 2038 suasit
254 1974 354 2049 Apelli,
382 1972 540 2048 caterisque
567 1972 752 2031 desertoribus
779 1974 939 2046 hiarcionis,
992 1988 1055 2046 nor,
1068 1973 1237 2030 ostendimus
1258 1988 1313 2031 non
1330 1972 1480 2031 consulare
1506 1968 1627 2041 omniuo,
1649 1971 1715 2030 dum
1740 1975 1793 2032 do·

136 2085 170 2128 ex
203 2066 257 2122 fide
288 2063 398 2139 quidam
424 2062 564 2119 Christum
591 2060 788 2120 circumtulisse
814 2079 936 2139 carncm3
992 2076 1085 2118 cenius
1099 2061 1187 2137 mama
1208 2061 1303 2135 utique
1316 2069 1468 2134 competere
1480 2061 1535 2118 Deo
1548 2060 1699 2130 veritatem,
1707 2078 1792 2136 quarn

136 2156 238 2214 nullius
259 2161 349 2211 ιιιιιιιι
371 2150 527 2219 nativitatis,
555 2155 648 2224 utpote
665 2152 700 2209 de
720 2152 861 2210 elementis
878 2169 939 2211 eam
993 2149 1159 2207 mendacium
1178 2150 1238 2222 ejus
1262 2149 1384 2222 habitus,
1406 2149 1436 2206 in
1462 2164 1517 2223 quo
1545 2147 1681 2207 Christum
1709 2167 1792 2209 suum

136 2249 297 2302 mutuatum.
321 2238 400 2309 Quod
424 2237 447 2295 ai
476 2238 621 2299 verebatur
650 2240 780 2314 hiarcion,
805 2257 841 2300 ne
872 2240 940 2300 tides
992 2240 1120 2298 exhihuit.
1145 2240 1449 2314 successionem
1473 2237 1535 2307 iuit,
1548 2237 1571 2297 si
1585 2256 1649 2299 caro
1662 2241 1722 2310 rut,
1738 2260 1792 2301 na·

36 2372 39 2377 .
135 2334 225 2393 carnis
257 2328 403 2389 nativitatis
430 2343 539 2402 quoque
567 2326 649 2386 fidem
683 2328 838 2401 induceret;
879 2331 939 2390 sine
992 2336 1038 2387 tus
1048 2337 1099 2386 est.
1122 2329 1162 2386 Ea
1183 2329 1266 2400 enim,
1280 2345 1341 2404 quae
1354 2337 1492 2405 expugnat
1504 2331 1564 2388 baea
1577 2329 1700 2400 haeresis,
1724 2347 1792 2390 con·

136 2422 221 2481 dubio
249 2420 294 2495 qui
320 2421 403 2475 homo
437 2416 588 2485 videbatur,
618 2424 697 2474 natus
723 2420 817 2493 utique
840 2421 938 2480 crede·
992 2416 1132 2476 firmantur
1146 2434 1208 2476 cum
1223 2435 1265 2488 ca,
1282 2435 1330 2492 per
1343 2435 1404 2493 quas
1428 2428 1578 2494 expugnat,
1603 2420 1790 2480 destruuntur.

134 2514 237 2570 batur:
261 2526 323 2565 nain
347 2515 374 2566 et
393 2506 489 2563 mulier
507 2505 630 2579 quedam
650 2507 844 2566 exclamaverat
857 2508 936 2582 (bec.
992 2505 1084 2578 itaque
1112 2507 1135 2563 si
1158 2523 1273 2566 carneus
1305 2506 1458 2575 habebitur.
1472 2509 1536 2582 quit
1554 2516 1640 2579 natus.
1656 2515 1683 2566 et
1698 2518 1790 2580 natus,

135 2615 177 2671 xi,
191 2601 224 2654 ti
238 2616 246 2654 :
262 2596 473 2654 Beatitaventer
483 2595 532 2669 qui
547 2594 718 2666 tapartavit,
735 2599 764 2653 et
772 2597 857 2654 ntea
873 2615 938 2672 ιιι
992 2594 1054 2666 quia
1072 2611 1204 2664 nameus;
1226 2598 1290 2671 quia
1302 2599 1457 2671 phantasma
1475 2615 1529 2656 non
1544 2599 1634 2669 tuerit,
1659 2600 1718 2672 ipsc
1735 2605 1791 2658 erit

136 2689 269 2748 hausisti.
282 2687 313 2742 Et
325 2685 461 2758 quomodo
471 2687 566 2742 mater
576 2686 605 2739 et
613 2685 720 2765 tratres
730 2688 792 2759 ejas
801 2686 940 2744 diatisunt
992 2687 1193 2761 agnoscendus,
1208 2689 1255 2763 qui
1267 2688 1294 2745 in
1312 2703 1403 2759 carne,
1419 2697 1446 2746 et
1461 2703 1493 2746 ex
1507 2689 1645 2749 nativitate
1658 2697 1791 2748 venturus

135 2781 206 2852 saris
220 2774 399 2843 stercilino.
414 2783 481 2838 viri,
498 2772 556 2843 ιθ.)
572 2771 602 2827 Et
615 2760 768 2829 videbimus
788 2774 821 2831 de
837 2775 880 2834 his
893 2793 938 2836 ca.
991 2775 1196 2834 annuntiabatur
1207 2793 1224 2834 a
1237 2774 1373 2836 Creatoris
1384 2777 1533 2852 prophetis,
1548 2785 1642 2852 utpote
1664 2777 1791 2837 Christus

135 2866 230 2938 pilulis
244 2878 295 2939 suo
311 2871 443 2932 tempore.
459 2859 537 2916 Certe
552 2874 614 2915 cum
629 2868 657 2916 ct
672 2860 732 2933 ipse
746 2878 777 2920 se
791 2862 876 2920 tilium
890 2865 936 2923 he
990 2859 1134 2923 Creatoris.

134 2953 215 3010 minis
233 2949 404 3024 predicaret,
424 2956 515 3004 natum
537 2947 639 3006 scilicet
659 2949 844 3022 profitebatur.
859 2955 935 3014 Nunc

132 3051 163 3102 ιιι
180 3045 240 3099 haec
258 3039 347 3098 omnia
371 3038 407 3096 ud
424 3038 559 3114 Evangelii
578 3039 728 3115 distulerim
751 3043 974 3124 examinatio-c

132 3149 204 3201 nem,
220 3141 311 3188 tamen
325 3129 398 3203 qood
414 3144 498 3202 supra
514 3129 605 3197 statui,
629 3130 653 3187 si
671 3132 744 3188 omni
759 3135 840 3192 modo
855 3146 934 3195 uatus
1024 3134 1143 3194 Provoca
1156 3151 1238 3203 nunc,
1261 3142 1292 3191 ut
1305 3135 1387 3201 soles,
1409 3135 1441 3190 ad
1458 3136 1526 3192 hauc
1544 3134 1621 3191 Isaiae
1643 3149 1790 3210 compara·

130 3223 204 3282 credi
222 3220 347 3286 habebat,
369 3217 415 3291 qui
435 3219 517 3276 homo
542 3218 695 3288 videbatur,
718 3237 786 3281 vane
805 3223 933 3282 nativita-
986 3227 1088 3283 tionem
1112 3223 1219 3292 Christi,
1236 3225 1399 3282 contendens
1413 3222 1485 3280 illam
1499 3220 1526 3280 in
1542 3225 1615 3281 nullo
1630 3228 1787 3286 convenire.

131 3312 166 3371 tis
184 3310 263 3369 sidem
287 3307 401 3366 consilio
419 3307 588 3380 imaginarie
607 3309 695 3366 caruis
722 3314 932 3387 expungendam
986 3315 1075 3371 Primo
1096 3316 1179 3382 enim,
1205 3313 1305 3386 inquis,
1335 3313 1457 3370 Christus
1480 3315 1557 3370 lsaiae
1583 3315 1642 3383 (isa
1667 3329 1717 3383 vri,
1740 3317 1788 3389 ti)

131 3401 242 3475 putavit.
267 3397 339 3469 Quid
363 3395 434 3453 enirn
455 3395 554 3469 profuit
576 3412 630 3454 uon
647 3413 712 3455 vere
734 3397 827 3474 tuisse,
857 3404 931 3475 quod
985 3403 1145 3460 Emmanuel
1159 3401 1250 3459 vocari
1264 3401 1373 3457 habebit
1389 3419 1396 3475 ;
1414 3403 1447 3458 do
1461 3402 1523 3458 hinc
1536 3404 1661 3461 virtutem
1676 3420 1787 3463 sumere

129 3508 179 3564 pro
198 3506 264 3547 vcro
282 3489 438 3557 haberetur,
453 3494 508 3542 tam
527 3502 634 3544 caruem
648 3503 731 3562 quain
746 3490 931 3552 nativitatem?
984 3491 1116 3558 Damasci,
1132 3499 1160 3546 et
1173 3489 1260 3563 spolia
1281 3490 1409 3547 Samariae
1434 3493 1578 3547 adversum
1592 3507 1686 3564 regem
1699 3494 1787 3567 Assy·

129 3582 185 3637 Aut
199 3581 221 3635 si
244 3577 357 3650 dixeris,
377 3575 482 3634 Viderit
503 3575 596 3648 opinio
619 3577 745 3647 humana,
767 3579 824 3649 jam
843 3581 930 3638 Deum
985 3581 1098 3639 riorum.
1114 3578 1353 3650 Porr0(1ea.vui,
1370 3578 1399 3642 il
1413 3580 1464 3637 iste
1477 3580 1524 3651 qui
1539 3581 1621 3647 vonit,
1637 3597 1723 3654 neque
1733 3584 1786 3640 sub

129 3678 206 3726 tuum
240 3670 359 3726 honoras
382 3665 494 3723 fallaciae
518 3664 606 3736 titulo,
635 3668 659 3722 si
683 3667 752 3723 aliud
775 3685 804 3725 se
827 3669 930 3726 sciebat
982 3667 1118 3740 ejusmodi
1144 3668 1307 3726 nomineest
1329 3667 1427 3735 editus,
1443 3684 1531 3741 neque
1557 3666 1612 3724 ulla
1635 3686 1664 3726 re
1686 3670 1785 3728 bellica

130 3773 201 3828 esse,
221 3773 302 3829 quam
322 3754 394 3826 quod
409 3753 535 3810 homines
550 3754 648 3811 iecerat
663 3755 778 3827 opinari.
792 3757 851 3812 tarn
866 3767 930 3816 tunc
983 3755 1200 3813 innotuissent
1228 3769 1281 3829 ego
1313 3763 1339 3812 ιι
1366 3755 1527 3821 admonebo,
1558 3758 1595 3812 nti
1619 3758 1785 3815 coherentia

130 3847 237 3920 potuisti
267 3844 348 3901 etiam
363 3843 529 3901 nativitatem
550 3843 700 3914 putativam
728 3844 767 3900 illi
781 3860 930 3904 accomme
983 3861 1092 3919 quoque
1115 3845 1255 3918 utriusque
1283 3844 1392 3916 capituli
1420 3860 1610 3919 recognoscas.
1634 3846 1786 3918 Subiuncta

129 3937 209 3992 desse
232 3935 300 4006 (ιιι),
326 3949 359 3990 ne
381 3928 513 3989 inm
536 3933 603 3989 lianc
630 3949 739 4007 quoque
765 3934 929 4010 impegisses
982 3945 1023 3994 est
1044 3936 1116 3992 cuim
1144 3942 1172 3991 ct
1203 3934 1389 4007 interpretatio
1418 3933 1606 4007 Emmanuelis,
1635 3937 1783 3996 ιιοὺὶιιιιιιι

129 4025 318 4100 questionem.
337 4022 404 4079 Nam
428 4030 455 4078 et
476 4021 639 4078 mulierculae
662 4039 836 4096 nonunquam
859 4041 928 4096 prae·
983 4025 1075 4093 Dana,·
1090 4024 1128 4080 uti
1145 4024 1296 4082 nouaclum
1311 4039 1408 4080 sonum
1423 4025 1539 4082 nominis
1553 4033 1671 4098 spectes,
1691 4028 1741 4085 md
1756 4039 1784 4086 ct

130 4110 307 4190 gnantcssihi
319 4111 454 4178 videntur,
470 4118 516 4168 aut
530 4111 671 4185 sanguinis
685 4112 787 4169 tributo
799 4111 867 4186 (26),
882 4122 929 4170 ant
981 4110 1069 4171 887
1088 4129 1209 4171 sensum.
1225 4112 1314 4170 Sonus
1328 4110 1562 4182 snimhebraicus‚
1578 4115 1651 4188 quod
1664 4124 1704 4173 ιιι
1717 4116 1785 4173 Em·

130 4203 220 4276 aliqua
234 4200 386 4259 valetudine
404 4198 512 4256 intlatae.
527 4200 560 4256 Et
578 4199 672 4273 utiquc
694 4200 823 4259 debuerat
844 4204 931 4275 phau·
984 4204 1102 4273 manuel,
1119 4220 1175 4261 sue
1198 4203 1287 4276 gentis
1312 4211 1363 4260 ιιι.
1393 4203 1494 4261 Sensus
1521 4212 1608 4262 autem
1623 4203 1693 4276 ejus,
1708 4207 1785 4279 quod

131 4290 251 4350 usmetis
265 4304 375 4347 scenam
388 4287 576 4347 decucurrisse
593 4288 660 4364 (Ei),
675 4305 709 4348 ne
725 4290 855 4367 originem
868 4309 930 4352 aar·
985 4302 1027 4353 ast
1040 4297 1115 4352 Dens
1124 4293 1279 4362 naturum,
1292 4308 1325 4350 ei
1340 4292 1560 4366 interpretatione
1570 4293 1722 4352 communis
1732 4305 1785 4354 est.

1281 3007 1395 3067 curbi
1414 3008 1475 3067 xit.

822 4416 918 4486 Varie
947 4422 1103 4486 lectiones.

134 4517 269 4657 Pallae
293 4525 362 4585 len.
386 4517 412 4564 ⁸⁰
434 4519 601 4582 Desultasset
626 4522 709 4585 Semi.
734 4521 878 4585 devitasset
902 4528 992 4588 Rhea.
1012 4525 1037 4569 ⁵⁹
1051 4527 1142 4602 Digna
1158 4527 1245 4587 Rben.
1263 4526 1349 4585 Semi.
1376 4523 1487 4588 Olertii.
1503 4522 1529 4571 ⁶⁰
1556 4523 1664 4589 Fuisset
1691 4528 1782 4592 Sami.

836 4665 1090 4739 Commentarius.

145 4775 228 4861 ‚mi
252 4774 395 4860 Putativus
417 4774 449 4833 in
470 4772 580 4860 Christo
605 4773 800 4904 sufficientiae.
820 4775 935 4838 beaticus
950 4790 975 4874 n
990 4795 1037 4836 sus
1050 4787 1110 4836 est:
1124 4773 1258 4835 Debuerat
1279 4793 1312 4836 er
1335 4782 1391 4837 tcto
1405 4781 1507 4839 servire
1520 4796 1609 4840 seenae
1624 4783 1651 4840 et
1671 4798 1787 4860 snscep-

132 4848 181 4906 bb.
211 4849 244 4905 de
271 4848 358 4905 Fida:
381 4867 393 4898 i
415 4847 555 4920 Hodieque
573 4865 627 4905 non
665 4858 753 4916 munt,
768 4850 818 4923 qui
835 4857 936 4926 negent
990 4859 1044 4908 ιιιιιι
1067 4848 1185 4906 tabulam
1209 4866 1342 4925 peragere
1366 4852 1488 4910 Christus
1510 4854 1661 4919 Marcionis,
1685 4856 1733 4928 qui
1760 4858 1786 4914 si

135 4932 197 4975 euni
207 4925 326 5001 nostram
343 4925 465 5002 gestasse
478 4916 683 4992 corpulentiam.
699 4941 712 4974 ι
729 4922 792 4981 llio.
988 4920 1136 5049 putativam
1151 4923 1237 4994 gessit
1254 4938 1370 4992 carnem,
1391 4923 1507 4982 debehat
1526 4925 1607 4981 etiam
1632 4926 1785 4997 putativam

173 4986 230 5059 (ab)
257 4988 447 5047 Nativitatem
463 4992 625 5062 palatinam
641 4993 688 5049 itti·
702 4991 934 5053 accommodasse.
1008 4993 1087 5050 ahere
1100 4993 1274 5062 nativitatem,
1296 4994 1335 5051 sic
1358 4996 1431 5053 enim
1455 4996 1651 5067 phantasmatis
1674 5012 1785 5056 ιιιιιιιιι

135 5057 219 5130 Quasi
234 5074 300 5114 vere
318 5067 399 5142 natus
412 5068 438 5116 et
453 5061 540 5142 reipsa
554 5078 609 5118 non
628 5062 733 5119 luisset.
749 5065 780 5121 ld
793 5065 866 5121 enim
880 5065 936 5121 vult
988 5058 1193 5122 decucurrisset.
1204 5065 1296 5122 Eunu.

135 5130 195 5186 hac
212 5143 264 5185 vox
277 5133 447 5204 putativam,
469 5140 537 5188 sicut
557 5132 639 5189 modo
655 5132 774 5205 dicebat,
794 5137 936 5208 putative
1023 5134 1079 5207 (ιιι)
1102 5137 1121 5192 Α
1140 5154 1155 5194 ι
1173 5138 1236 5220 jam
1257 5154 1368 5210 perora.
1394 5137 1470 5194 Eune
1494 5140 1582 5196 locum
1598 5139 1682 5197 habes
1703 5140 1734 5197 in
1752 5143 1786 5202 de

135 5203 169 5260 in
185 5201 294 5258 Christo
308 5201 555 5272 repetentiam
570 5205 619 5260 Pa.
989 5201 1082 5264 Carne
1110 5154 1216 5265 tqirriiti
1228 5208 1324 5265 iisdem
1345 5210 1541 5282 propemodum
1553 5212 1644 5268 verbis
1657 5213 1785 5281 relatum,

987 5292 1043 5335 non
1058 5277 1151 5336 italon
1196 5286 1258 5351 post
1271 5279 1389 5337 initium.
1404 5283 1496 5338 nanu.

159 5273 229 5401 A226)
244 5272 398 5343 Sanquinii
409 5273 523 5332 tributo.
535 5273 581 5330 Sic
594 5273 640 5329 lib.
656 5275 689 5332 de
703 5275 828 5334 Vetandis
846 5276 935 5349 Virpi·

136 5347 169 5403 ιι“
186 5361 245 5401 ιιι
266 5364 278 5395 a
298 5346 331 5398 Et
349 5346 437 5413 pudor
451 5343 551 5415 ubique
564 5347 687 5416 vestitur,
711 5357 739 5403 et
753 5363 860 5404 menses
883 5351 934 5406 tri-

136 5417 201 5472 huta
220 5413 385 5485 dependunt.
401 5434 414 5467 i
432 5414 495 5470 lira.

172 5487 230 5560 (ιι)
238 5487 375 5545 behemot
385 5486 599 5560 phantasmatis
608 5502 722 5548 scenam
732 5488 932 5550 aacmamiie.

136 5558 182 5615 Sic
203 5559 269 5616 dicit
291 5573 400 5615 scenam
431 5559 633 5632 phantasmatis,
648 5569 678 5618 ut
700 5561 727 5617 in
743 5562 776 5621 da
794 5562 932 5633 imario..

138 5643 250 5694 scenam
264 5630 380 5708 ιιιιιιι,
395 5641 485 5695 auum
495 5646 575 5712 quem
584 5643 680 5696 vocant
690 5631 852 5714 intelligens.
865 5636 934 5698 Sen-

1025 5352 1124 5419 (asli
1159 5354 1235 5410 -icraa
1258 5355 1364 5410 exitas.
1390 5352 1535 5410 Videbatur
1556 5354 1622 5410 mihi
1639 5353 1786 5428 aliquando

987 5418 1131 5493 legendum
1147 5422 1335 5487 lubricas‚sed
1362 5424 1422 5494 ipse
1436 5423 1545 5496 respicit
1562 5427 1596 5482 ad
1620 5426 1645 5481 id
1665 5427 1785 5499 quadiu

987 5491 1034 5549 lih.
1046 5509 1127 5566 quem
1145 5496 1227 5552 modo
1241 5493 1389 5562 citavimus,
1410 5494 1485 5561 dicit,
1500 5495 1535 5552 de
1562 5495 1663 5554 intanta
1690 5500 1785 5557 r'scans

987 5565 1058 5625 edito
1073 5565 1196 5651 loquens,
1212 5565 1365 5624 Blanditiis
1388 5565 1547 5638 eructu,-
1562 5575 1590 5627 et
1610 5582 1684 5643 inca,
1696 5571 1783 5636 illem

985 5652 1041 5720 per
1053 5636 1177 5698 ludibria
1195 5637 1354 5711 nutritum,
1373 5643 1426 5700 etc.
1442 5635 1532 5702 amu.
