3840 6134
128 300 182 361 ιιι
292 286 297 295 ’
734 291 799 355 ιιι.
821 286 1173 354 tinnimentum.
1659 276 1679 305 ·
1730 289 1786 353 seo

125 426 212 491 edito,
233 425 292 480 bec
313 422 441 479 adbibita.
463 422 519 478 llee
549 427 644 479 ustura
666 419 740 477 euim
763 420 929 492 inoperatam
943 432 1015 513 flua
1033 425 1060 475 et
1076 418 1215 491 terrigena
1240 417 1299 492 (38)
1327 417 1462 477 animalia.
1493 416 1590 475 Omnia
1617 427 1646 475 ut
1673 419 1783 475 bouitas

128 514 223 571 debuit
237 511 403 570 continuisse
421 510 580 578 bonitatem,
594 526 644 567 uec
667 524 749 567 eausa
771 509 927 565 dissimula·
980 507 1115 580 concepit,
1130 507 1167 562 ite
1180 507 1304 578 justititia
1329 506 1460 563 distinxit.
1475 507 1573 564 'lotum
1587 509 1639 564 boc
1662 508 1784 581 judicato

130 615 183 659 ιιιιι
199 601 318 661 evasisse
339 601 523 657 seventatem.
538 598 659 657 Alteram
681 598 746 665 sibi,
761 598 872 653 niteram
888 598 928 654 roi
981 596 1142 670 dispositum
1156 604 1183 652 et
1195 597 1349 652 ordinatum
1377 605 1429 652 est.
1445 595 1541 651 Omnis
1564 597 1642 664 situs,
1670 597 1784 655 lrnbitus

129 692 205 748 Deus
223 688 359 762 prestitit.
375 687 466 758 incipe
479 703 552 745 nunc
565 689 644 744 etiam
658 685 757 758 iudicis
779 692 876 742 statum
899 694 929 742 ιι
981 685 1187 752 elementorum,
1201 683 1325 752 effecius,
1348 693 1449 753 motus,
1472 690 1569 754 status,
1599 696 1687 752 ortus,
1702 701 1783 742 oeen-

130 777 241 837 sflinem
273 775 338 833 mali
370 792 493 851 arguere,
528 777 574 849 qui
605 775 704 832 idcirco
732 774 812 830 aliurn
841 774 929 830 Deum
982 789 1030 831 sus
1042 772 1221 848 singulorum,
1247 772 1348 844 judicia
1375 780 1438 831 sunt
1467 773 1620 843 Creatoris3
1650 790 1684 829 ne
1706 785 1784 846 putes

130 862 273 921 somniasti
285 861 457 918 solummodo
478 863 590 928 bonum,
605 861 736 933 quianon
757 866 836 932 potes
852 859 928 930 jndi—
982 877 1045 917 aum
1059 862 1157 918 exindo
1169 863 1286 934 iudicem
1314 862 1508 927 definiendum,
1531 879 1586 934 quo
1606 862 1705 917 mulum
1721 879 1781 919 eoe-

131 967 186 1009 cem
200 964 373 1022 :quanquam
398 957 425 1005 et
447 948 523 1004 illum
546 955 576 1006 ut
602 948 721 1019 judicem
749 948 928 1005 ostendimus.
983 951 1032 1022 pit,
1048 959 1127 1023 atque
1141 951 1178 1007 itu
1192 951 1369 1022 justitiamde
1391 966 1488 1007 caussa
1502 951 1565 1006 nrali
1588 950 1717 1007 offusces.
1737 953 1785 1009 llis
1847 1006 1850 1013 ,

131 1040 183 1097 bnt
212 1041 237 1095 si
259 1054 316 1095 uon
336 1038 469 1109 judicem,
485 1044 557 1095 certe
586 1052 741 1112 perversum
764 1052 795 1092 ac
818 1052 929 1108 venum,
984 1040 1056 1096 anim
1083 1040 1170 1097 modis
1193 1039 1360 1097 ostendimus
1369 1034 1435 1098 ¹euru
1451 1057 1513 1097 cum
1528 1041 1647 1096 auctrice
1660 1041 1785 1098 omnium

131 1128 285 1201 disetptinae
303 1143 359 1184 non
376 1127 555 1198 vindicandae,
577 1127 605 1184 id
629 1134 680 1194 est,
697 1141 752 1183 uon
775 1125 931 1197 judicanda
984 1128 1105 1184 bonitate
1120 1128 1251 1199 prodisse,
1267 1139 1297 1186 ut
1311 1138 1338 1185 et
1352 1129 1439 1201 ipsam
1450 1129 1597 1201 ingeminum
1615 1130 1673 1186 Deo
1688 1140 1715 1186 et
1733 1146 1785 1186 ua-

131 1215 429 1275 omniparentem
444 1216 679 1288 reprobssnutem
698 1215 787 1271 Deum
798 1213 931 1285 judicem,
985 1217 1110 1289 turalsm,
1125 1233 1177 1277 neo
1194 1218 1370 1275 obventitiam
1394 1218 1584 1291 deputandam,
1601 1235 1662 1292 quse
1676 1219 1704 1276 iu
1730 1221 1786 1277 Do·

132 1307 176 1381 qui
200 1321 259 1362 uon
283 1305 401 1376 judicem
426 1305 513 1361 Deum
527 1305 646 1377 probust
660 1305 749 1377 ipsam
772 1304 831 1360 siue
848 1303 932 1360 dubio
985 1306 1060 1365 mino
1073 1307 1182 1365 iuventa
1195 1307 1231 1364 sit
1244 1306 1404 1364 arbitratrix
1422 1322 1535 1380 operum
1550 1309 1620 1380 ejus.

131 1395 266 1470 justitiam
290 1409 419 1451 accuscre
442 1392 565 1460 debebis,
585 1409 647 1467 quae
665 1391 785 1464 judicem
809 1400 929 1466 praestat,

132 1493 175 1544 tut
202 1493 232 1541 et
261 1498 325 1542 eam
344 1482 371 1540 iu
393 1482 501 1555 species
524 1481 636 1539 malitiae
658 1481 801 1554 deputare,
826 1481 854 1537 id
878 1488 931 1552 est,
1274 1448 1388 1506 CAPUT
1414 1447 1491 1508 xm·

134 1571 295 1647 inmunem
331 1573 359 1628 in
393 1571 486 1628 titulos
512 1570 641 1629 bonitatis
668 1570 828 1629 adscribere.
856 1571 933 1627 Nunc
1021 1572 1140 1645 Αιιιίιι,
1156 1580 1187 1630 ιι
1200 1571 1300 1629 malum
1314 1581 1407 1646 postea
1424 1574 1525 1646 erupit,
1549 1581 1630 1648 atquo
1652 1573 1715 1631 iude
1727 1575 1785 1646 jem

135 1662 204 1720 mim
229 1660 338 1733 justitia
364 1658 522 1726 malum,si
550 1658 682 1728 injustitia
704 1659 816 1716 bouum.
836 1660 929 1726 Porro,
986 1663 1070 1734 ooepit
1084 1662 1190 1719 bouitas
1205 1661 1323 1718 [inicum
1337 1660 1496 1718 adversario
1510 1676 1603 1733 apere,
1621 1661 1694 1719 aliud
1713 1678 1786 1736 quo·

136 1766 195 1811 mm
219 1749 329 1826 copsrb
355 1748 514 1820 iniustitiam
538 1749 571 1804 de
599 1747 724 1820 pessimis
748 1748 932 1820 pronuntiare,
950 1730 1038 1828 flque
1052 1752 1193 1828 negotium
1209 1749 1306 1807 endem
1325 1749 1372 1806 ille
1383 1748 1488 1821 justitie
1501 1750 1550 1806 Dei
1572 1759 1650 1808 nacta
1664 1761 1707 1809 est
1730 1754 1787 1822 jam

139 1843 233 1899 endem
251 1841 322 1915 jugo
345 1837 453 1912 urgeris
472 1837 603 1909 justitiam
626 1839 660 1894 de
680 1837 790 1910 optimis
813 1853 933 1895 censere.
979 1843 1137 1902 -socnudum
1151 1839 1340 1898 adversionem
1353 1839 1505 1913 dirigende
1519 1839 1644 1896 bonitatis
1665 1840 1732 1913 (39),
1757 1846 1788 1900 ut

141 1927 211 1986 llibil
224 1930 294 1985 entim
307 1926 434 1983 aemulum
449 1925 513 1981 mall
537 1939 590 1982 που
610 1924 725 1994 bonum,
740 1923 810 1982 sicul
824 1932 849 1982 el
870 1924 934 1983 boni
987 1931 1106 2005 seposito
1119 1930 1248 1988 libertate
1262 1929 1322 2001 ejus
1337 1929 1407 2001 (td),
1422 1945 1476 2001 qua
1489 1939 1517 1986 et
1529 1929 1601 1987 ultro
1614 1930 1686 1986 Deus
1700 1930 1788 1990 bonus

143 2017 264 2075 emulum
277 2016 347 2074 nihil
362 2031 418 2074 nou
431 2015 542 2071 malum.
558 2015 646 2090 Igitur
658 2023 762 2088 quanto
774 2016 876 2073 malum
891 2015 935 2071 iu·
989 2038 1039 2097 pro
1053 2019 1300 2092 meritisenjusque
1313 2026 1453 2090 pensetur,
1464 2018 1554 2092 dignis
1562 2018 1704 2090 offeratur,
1720 2017 1789 2077 iudi·

137 2107 245 2180 insutis,
261 2113 338 2164 tauto
352 2107 453 2162 bouum
465 2104 578 2176 justitia.
594 2105 650 2161 Nee
670 2104 772 2176 species
786 2104 936 2163 solummo·
988 2112 1050 2187 gnis
1077 2111 1239 2184 denegetur,
1254 2107 1369 2181 ingratis
1382 2110 1539 2178 auferatur;
1562 2108 1674 2182 proinde
1701 2111 1789 2169 omui·

139 2198 178 2267 lo,
194 2196 246 2254 aed
261 2197 351 2253 tutela
364 2194 516 2268 reputanda
531 2193 673 2264 bonitatis;
686 2192 748 2266 quia
762 2193 871 2250 bonitus
884 2195 936 2251 nisi
988 2202 1039 2258 bus
1051 2199 1156 2257 aemulis
1168 2197 1330 2256 vindicetur.
1344 2200 1389 2255 Ιιιι
1408 2213 1487 2255 omne
1509 2199 1563 2256 boc
1577 2197 1690 2268 iustitiae
1719 2215 1789 2272 opus

137 2286 234 2361 institis
259 2292 381 2360 regatur,
406 2292 436 2342 ut
460 2285 534 2355 justa
555 2284 600 2355 sit,
625 2300 680 2342 nou
704 2285 755 2342 erit
776 2285 891 2354 bonitas,
912 2284 936 2341 si
989 2291 1143 2364 procuratio
1167 2287 1297 2345 bonitatis
1323 2296 1381 2357 ost,
1398 2289 1470 2361 quod
1491 2288 1639 2359 judicando
1669 2289 1788 2358 damnat,

139 2375 233 2449 iniusta
256 2375 307 2432 sit.
323 2374 397 2431 Nihil
421 2373 493 2430 enim
507 2375 618 2444 bonum,
632 2375 705 2448 quod
724 2375 870 2447 injustum3
886 2376 936 2433 bo·
989 2379 1062 2454 quod
1081 2378 1331 2450 damnandopunit,
1342 2377 1424 2450 quod,
1440 2385 1471 2433 ut
1488 2377 1587 2446 dicitis,
1613 2378 1713 2452 saevit3
1738 2379 1791 2435 uti·

139 2480 196 2525 tum
211 2474 309 2524 sutem
322 2479 415 2533 omne,
428 2463 500 2536 quod
516 2465 633 2535 justum.
989 2485 1041 2544 que
1056 2469 1128 2528 bono
1143 2483 1198 2525 nou
1214 2467 1285 2524 malo
1301 2465 1418 2540 proficit.
1441 2465 1564 2540 Denique
1584 2467 1667 2524 timor
1695 2466 1790 2536 judicii

990 2560 1024 2616 ad
1043 2559 1156 2626 bouum,
1171 2573 1227 2614 non
1241 2558 1276 2613 ad
1288 2557 1387 2613 malum
1402 2556 1517 2614 confert.
1536 2557 1599 2615 Non
1621 2558 1693 2613 enim
1707 2554 1788 2614 suiti-

380 2602 468 2663 ’ω
494 2605 608 2663 CAPUT
631 2606 695 2664 ΧΗ·
989 2648 1193 2707 ιίιιιιιιιιιιιι
1212 2643 1301 2703 3110
1328 2647 1565 2719 persemetipsum
1590 2645 1789 2713 commendari,

166 2734 205 2792 ita
218 2732 246 2792 si
260 2731 381 2790 societas
394 2741 421 2789 et
435 2731 599 2806 conspiratio
613 2732 742 2790 bonitatis
756 2742 836 2809 atque
854 2734 936 2806 iusti·
974 2737 1046 2814 'jam
1060 2739 1111 2794 sub
1135 2735 1291 2793 adversario
1318 2734 1455 2791 laborans.
1474 2735 1541 2790 Nam
1573 2734 1623 2793 etsi
1651 2749 1791 2790 commen-

138 2827 175 2883 ιιι
189 2821 392 2895 separationem
408 2837 499 2878 earum
520 2837 574 2897 non
593 2829 681 2895 potest
694 2837 791 2897 capere
802 2824 871 2897 (36),
883 2838 936 2896 quo
989 2826 1077 2886 (labile
1091 2840 1139 2898 per
1153 2825 1340 2895 semetipsum,
1356 2839 1410 2880 non
1437 2832 1527 2880 tamen
1542 2831 1569 2880 et
1595 2823 1791 2891 conservabile,

140 2928 181 2972 ere
193 2910 347 2971 constitues
360 2910 544 2968 diversitatem
559 2912 674 2968 duorum
689 2912 803 2970 deorum
819 2914 846 2969 iu
861 2929 939 2985 sepa·
991 2918 1056 2989 quis
1073 2912 1255 2986 expugnabile
1268 2915 1323 2984 jam
1338 2928 1389 2986 par
1401 2913 1596 2983 adversarium,
1612 2912 1664 2970 uisi
1687 2913 1727 2971 vis
1742 2912 1793 2969 uli·

142 3003 386 3071 rstione,seorsum
400 3001 535 3072 deputans
548 3002 628 3057 deum
647 3002 802 3069 bonum,et
816 3017 938 3059 seorsum
956 3017 1046 3099 equa
1062 3009 1189 3072 preesset
1208 2999 1330 3069 timendi,
1352 3016 1413 3072 qum
1427 3001 1529 3057 bonurn
1554 3000 1635 3058 etiam
1668 3001 1793 3059 uolentes

145 3089 353 3159 deuminstum‘?
369 3089 427 3146 lilio
450 3089 698 3160 consistitbouum,
715 3091 760 3147 ubi
782 3093 936 3161 etjnstum.
992 3099 1129 3164 appetere,
1148 3097 1175 3146 et
1198 3089 1334 3146 custodire
1360 3088 1547 3159 compelleret.
1577 3092 1720 3158 Ceterum,
1754 3096 1796 3148 tot

148 3178 336 3251 Aprimordio
358 3180 476 3251 denique
499 3191 604 3237 creator
626 3188 681 3236 tam
703 3182 891 3254 bouus,quum
912 3192 940 3240 et
993 3177 1128 3235 illecebris
1156 3176 1219 3232 mali
1247 3176 1466 3250 expugnantibus
1494 3177 1606 3241 bonum,
1636 3177 1697 3248 quis
1725 3175 1793 3233 illud
1821 3229 1823 3232 ,

144 3269 244 3340 justus,
257 3268 355 3340 pariter
377 3275 405 3324 et
427 3277 570 3341 utrumque
592 3256 735 3341 processit.
752 3269 861 3326 Bonitas
881 3271 940 3342 ejus
994 3275 1144 3340 appeteret,
1158 3265 1233 3340 quod
1248 3264 1357 3335 impune
1371 3265 1579 3321 conmmueretf
1594 3264 1662 3333 Quis
1674 3263 1795 3320 custodi·

147 3367 253 3432 operata
267 3368 309 3414 est
324 3358 466 3425 muudum,
481 3359 583 3428 justitia
597 3359 734 3416 modulata
744 3367 786 3416 est
799 3360 939 3434 (iipquve
994 3367 1047 3425 rot,
1065 3357 1138 3431 qnod
1152 3357 1211 3412 sine
1226 3355 1347 3428 periculo
1361 3355 1518 3411 amitteret?
1530 3352 1728 3426 Legisfllettlt.
1744 3367 1793 3427 ιιι,

149 3446 221 3502 etiam
247 3455 307 3502 tum
329 3447 462 3503 muudum
483 3447 756 3517 judicatitexbouis
774 3448 938 3520 faciendum,
996 3448 1127 3521 liimelt'
1146 3449 1221 3504 utem
1249 3447 1349 3516 lotam,
1378 3451 1406 3499 et
1437 3444 1522 3501 multo
1545 3441 1756 3516 frequentiorem
1785 3459 1793 3502 t

149 3535 202 3606 ruis
217 3551 280 3592 cum
295 3535 423 3592 bonitatis
446 3535 559 3593 consilio
579 3537 718 3607 judicavit.
733 3536 848 3594 lustitiae
872 3554 941 3610 opus
994 3552 1084 3594 nonne
1097 3551 1192 3592 omues
1206 3534 1251 3589 illa
1265 3534 1421 3590 laberentur
1436 3533 1470 3600 ⁵⁵,
1487 3531 1510 3587 si
1526 3531 1591 3587 nibil
1606 3530 1633 3586 iu
1648 3530 1694 3586 illu
1714 3530 1793 3586 tirun-

152 3632 191 3694 ιιι,
210 3625 285 3698 quod
312 3624 384 3682 inter
407 3627 494 3683 lucem
519 3632 547 3683 et
571 3626 698 3683 tenebras
720 3626 853 3699 separatio
872 3643 940 3701 pro·
994 3622 1255 3682 returtllorremus
1270 3618 1402 3676 terribiles
1429 3617 1518 3674 minas
1540 3616 1686 3686 creatoris,
1710 3626 1737 3673 et
1752 3617 1795 3675 uix

154 3715 263 3771 nuntiata
287 3721 340 3784 est,
355 3714 424 3772 inter
438 3714 510 3770 diem
534 3724 563 3771 et
585 3724 701 3783 noctem,
718 3717 787 3773 inter
802 3716 900 3774 coelum
914 3727 942 3775 et
995 3713 1246 3772 amaloarellimur
1260 3729 1267 3768 t
1283 3709 1360 3784 quid,
1380 3709 1404 3765 si
1425 3708 1492 3764 nibil
1520 3706 1693 3764 minaretur?
1721 3708 1796 3764 lianc

157 3808 263 3873 teman,
287 3804 360 3861 iuter
396 3820 493 3876 aquam
523 3805 691 3877 superiorem
715 3812 742 3863 et
774 3804 941 3878 inferiorem,
994 3805 1125 3879 jusbdam
1140 3803 1242 3860 malum
1256 3801 1340 3869 dices,
1357 3814 1418 3874 qum
1432 3798 1502 3854 malo
1522 3813 1578 3854 non
1592 3796 1692 3853 fausti
1721 3797 1795 3855 Hanc

159 3888 213 3949 iuter
225 3891 312 3948 maris
326 3900 424 3950 coetum
447 3899 474 3948 et
502 3893 585 3949 aridae
613 3893 724 3961 molem,
745 3893 815 3951 inter
829 3895 943 3951 lumina·
997 3895 1098 3952 bonum
1113 3892 1237 3967 negabis,
1253 3907 1312 3964 quae
1323 3890 1397 3947 bono
1407 3888 1432 3927 ⁵⁶
1447 3886 1602 3961 prospicit?
1615 3887 1674 3943 Nou
1694 3883 1718 3925 55
1728 3900 1797 3958 qus·

162 3977 304 4053 inmajora
328 3991 358 4037 et
379 3981 855 4054 minora,diurusatqueuocturna,
871 3983 944 4041 inter
997 3984 1051 4042 lem
1070 3990 1179 4055 oportet
1197 3984 1282 4039 Deum
1306 3979 1388 4034 selles
1415 3978 1440 4016 55
1462 3976 1539 4049 (tt);
1573 3977 1680 4050 qualem
1713 3976 1798 4032 males

164 4081 246 4128 utrem
264 4079 292 4128 et
313 4069 459 4141 feminam3
475 4071 546 4128 iuter
565 4071 689 4129 arboren
712 4072 856 4145 agnitionis
871 4089 943 4133 mor·
998 4072 1139 4146 expediret
1152 4072 1166 4127 i
1180 4070 1231 4127 sub
1242 4083 1297 4144 quo
1310 4067 1411 4125 delicta
1422 4065 1596 4140 gauderent?
1610 4064 1655 4123 cui
1674 4064 1799 4122 diabolus

165 4154 224 4217 tisct
234 4159 308 4232 rite,
324 4160 395 4218 inter
408 4161 503 4219 orbem
516 4169 545 4219 et
559 4160 726 4235 paradisum,
743 4161 814 4217 inter
827 4162 944 4235 aquige-
999 4160 1148 4218 illuderet?
1162 4159 1239 4217 illum
1253 4159 1354 4215 bouum
1378 4154 1511 4228 judicares
1525 4156 1623 4222 Deum,
1639 4152 1687 4227 qui
1705 4153 1797 4211 bomi-

809 4285 932 4350 sllariae
959 4289 1114 4355 lectiones.

193 4406 326 4469 ⁵⁵0mues
343 4408 518 4468 illaberentur
532 4410 642 4471 Pomet.
658 4408 744 4470 Semi.
755 4407 780 4449 55
793 4408 856 4466 Νοιι
870 4410 975 4468 iurent
994 4410 1082 4472 itlten.
1098 4408 1149 4469 Sed
1165 4408 1235 4466 terte
1253 4401 1445 4468 omittendum
1461 4400 1586 4483 negabis.
1609 4398 1633 4445 ⁵¹¹
1646 4404 1708 4464 Nou
1721 4401 1800 4465 obest

169 4476 238 4540 lica.
251 4484 339 4541 Fron.
355 4482 421 4540 Lat.
437 4484 504 4542 Ιιιι.
526 4483 551 4522 ⁵⁸
565 4482 611 4542 Vel
627 4499 688 4558 pro.
702 4481 786 4539 velles
800 4483 860 4539 Lat.
876 4483 946 4539 furt.

852 4604 1102 4673 Commentarius.

93 4712 96 4737 '
171 4799 176 4811 ⁹
194 4728 247 4803 lit)
260 4731 306 4789 lto
320 4730 346 4786 ai
359 4730 477 4788 sociatos
491 4730 519 4786 el
533 4730 705 4803 conspiratio
719 4727 854 4788 bonitates
868 4733 952 4803 atone
966 4744 989 4824 ῃ
1003 4726 1121 4804 ιδρογιιη
1135 4734 1163 4785 ιι
1175 4731 1264 4803 γηγενῆ
1277 4732 1326 4782 τῶν
1338 4723 1469 4811 <domim
1481 4723 1530 4782 Pu.
1767 4792 1772 4808 .

166 4803 275 4863 matie
288 4803 497 4874 asperationem
507 4816 606 4858 eorem
616 4819 674 4860 aon
681 4805 774 4876 potest
787 4818 819 4860 eo
838 4818 895 4860 ere.
906 4803 951 4860 Sic
1039 4804 1097 4875 (39)
1105 4801 1254 4873 Nepotiane
1263 4802 1350 4857 uecta
1363 4802 1406 4855 est
1415 4813 1479 4871 pem
1488 4792 1647 4855 ιιιιιιίιιιιι
1659 4792 1801 4878 aduersae*

165 4878 188 4925 et
207 4872 407 4932 mutiendum
428 4873 533 4929 censuit
556 4872 674 4930 Latinius
695 4875 768 4945 quod
780 4818 863 4946 vuipo
877 4873 948 4946 lepi-
1004 4891 1069 4932 rtem
1084 4872 1239 4946 diripendte
1254 4872 1403 4953 bonitatis.
1420 4871 1477 4927 lloc
1489 4877 1539 4940 est,
1559 4869 1802 4953 diripeudaebonr-

164 4948 210 5014 tur,
223 4966 236 4993 ι
259 4944 437 5011 &paratione
457 4959 549 4999 earum
572 4959 627 5001 nou
650 4952 739 5015 potest
760 4960 865 5003 carere.
891 4946 954 5000 »ln
1005 4946 1067 5002 tatis
1076 4954 1158 5017 prout
1174 4953 1293 5000 montem
1311 4958 1424 5015 quisque
1437 4957 1512 4999 auem
1527 4941 1561 4997 ad
1588 4942 1640 4998 Det
1657 4942 1804 5000 bonitatem

162 5015 307 5088 exemplari
322 5015 462 5073 Pitboeano
477 5016 502 5070 le
522 5014 577 5071 itur
593 5034 601 5072 :
620 5036 632 5068 ιι
647 5017 847 5100 separationem
860 5032 954 5074 eorum
1005 5017 1133 5073 advertit.
1147 5017 1212 5073 lina.
1637 5086 1642 5093 .

162 5100 211 5141 non
233 5093 327 5159 potest
340 5102 475 5144 carere.»
496 5033 575 5144 iiber
595 5088 697 5156 Ursini,
716 5087 841 5160 Septimii
855 5089 954 5170 stylum
1044 5087 1102 5159 (to)
1121 5085 1421 5160 lltaepositotibertote
1442 5087 1513 5159 ejus.
1530 5086 1576 5143 Sic
1600 5086 1700 5143 luebant
1713 5101 1805 5142 enem-

160 5158 267 5214 esbibet
290 5177 298 5217 ι
327 5159 403 5226 «lta,
416 5156 439 5214 si
458 5158 573 5215 societas
594 5165 621 5216 et
646 5159 813 5234 conspiratio
827 5161 955 5216 bonnmtis
1007 5159 1103 5290 Elaris,
1121 5158 1341 5216 uoeinooncinne
1356 5159 1539 5229 explicabitur
1552 5159 1579 5214 iu
1593 5159 1664 5216 bunc
1677 5174 1804 5216 sensum:

160 5238 236 5301 atque
248 5229 366 5302 jmtitiae
378 5244 408 5286 se
428 5229 549 5287 aratione
559 5245 717 5288 eorumuou
732 5237 821 5305 potest
833 5247 953 5299 currere,
1034 5243 1041 5287 ι
1056 5230 1179 5304 seposita
1192 5229 1290 5289 divine
1305 5229 1432 5287 bonitatis
1448 5230 1616 5298 liberalitate,
1631 5239 1721 5303 quaet
1736 5230 1806 5287 ultro

160 5314 210 5374 quo
224 5314 283 5367 ore,
300 5321 315 5354 a
332 5308 384 5358 ste.
424 5316 464 5358 ιι.
1007 5303 1082 5361 Deus
1097 5305 1247 5372 bonusest,
1262 5303 1319 5376 jam
1333 5301 1425 5361 diviua
1439 5302 1486 5359 illa
1500 5303 1607 5362 bouitas
1627 5316 1679 5375 pro
1701 5300 1805 5358 meritis

191 5373 251 5448 (at)
271 5375 393 5433 terete
406 5373 556 5432 ιιιιιιιιι
574 5377 630 5439 eat.
643 5374 798 5448 tepnuum
814 5376 954 5433 eraderem
1008 5375 1142 5449 cujusque
1156 5386 1296 5448 pensetur.
1312 5375 1378 5433 lite.

157 5443 305 5505 mammen
320 5449 374 5504 eat.
389 5445 425 5502 Et
436 5447 561 5519 quamvis
574 5445 654 5504 nullis
668 5447 807 5505 codicibus
817 5446 911 5518 ιιιιιι,
927 5445 955 5505 id
1045 5447 1103 5524 (tt)
1118 5448 1178 5507 Noa
1191 5449 1305 5524 ιιιιιιι
1314 5450 1425 5524 oportet
1436 5446 1525 5507 ῡιιιι
1537 5444 1632 5503 voltu.
1647 5442 1678 5501 ln
1691 5440 1808 5499 Pitboea·

159 5515 330 5588 conjiciendo
345 5525 447 5574 tanturn
463 5515 635 5574 affirmarem.
651 5518 690 5575 Lu
705 5518 755 5575 Pa.
1008 5535 1045 5579 no
1060 5520 1160 5597 legitur
1175 5538 1182 5580 :
1197 5540 1209 5575 ι
1225 5519 1341 5588 Qualem
1361 5529 1468 5591 oportet
1480 5517 1568 5577 Deum
1581 5513 1687 5574 velleri
1706 5512 1806 5588 Quales

175 5588 254 5670 .i³⁸)
263 5589 343 5648 inter
352 5590 489 5667 ιιιιιιιιι
498 5594 526 5650 ιι
535 5592 688 5665 terripeno.
700 5591 853 5650 Delectatur
863 5590 957 5650 iisvo·
1009 5593 1114 5671 malles,
1127 5589 1270 5669 expediret
1285 5590 1299 5649 t
1315 5611 1329 5642 ι
1344 5589 1410 5649 ltro.

159 5660 237 5723 cubus
255 5675 318 5743 qus
336 5659 494 5727 (iratorum
514 5676 567 5725 ιιι
586 5662 749 5741 derivantur,
764 5661 841 5748 qusai
854 5662 945 5730 diotre
