3840 6134
57 314 113 377 ffll
741 310 839 372 trouu
858 310 902 372 ltu
920 307 1036 373 illul.
1659 321 1712 384 582

59 439 202 499 civitatem
214 432 361 494 crucifixus
374 439 425 492 esi.
438 432 515 491 Alter
527 447 589 492 vero
607 448 657 507 pro
671 433 777 492 delictis
791 435 867 493 obla·
878 454 903 546 Ι
917 437 1056 495 cabantur.
1077 436 1163 510 lgitnr
1181 436 1203 493 si
1224 435 1366 495 universas
1384 442 1506 500 nationes
1523 443 1558 500 de
1576 445 1711 516 profundo

57 535 116 594 tus,
131 532 159 582 et
173 522 362 582 sacerdotibus
384 529 486 578 mutum
505 523 597 595 templi
620 523 648 579 in
668 523 793 595 pabulum
810 528 862 581 da·
915 526 1015 584 erroris
1042 526 1152 584 hnmani
1168 526 1265 584 exinde
1283 536 1455 602 emergentes
1470 529 1504 587 ad
1521 532 1610 589 Deum
1632 550 1709 592 crea·

57 626 111 685 tus,
127 614 255 672 secundm
279 611 526 685 representationis
547 623 706 683 argumenta
729 611 860 687 signabat,
917 622 1003 672 torem
1017 623 1045 674 et
1064 616 1199 673 Christum
1228 618 1286 687 eius
1320 619 1430 675 cernitis
1454 619 1487 686 ¹²,
1520 622 1710 693 prophetatum

57 720 113 779 gna
136 701 244 759 delictis
268 701 395 758 omnihus
416 699 518 772 expiati
544 702 567 740 ¹⁰
591 702 747 758 sacerdotes
771 703 862 775 templi
915 700 1000 761 ΜΨ
1014 720 1068 761 non
1081 704 1187 760 audetis
1201 720 1316 777 negare;
1332 705 1404 778 quia,
1425 707 1475 763 etsi
1490 708 1635 780 negaretis,
1650 720 1709 768 sta-

57 790 200 865 soiritalis,
212 790 291 847 idest
300 788 430 847 Ecclesiae
440 790 508 861 (13),
520 790 672 847 Dominicae
682 790 861 864 gratiaequasi
914 790 962 845 tim
976 792 1051 848 vohis
1065 793 1093 849 in
1123 793 1247 861 Psalmis,
1263 793 1342 849 sicuti
1359 796 1415 864 jam
1439 795 1582 866 praelocuti
1604 813 1708 867 sumus,

60 879 141 939 “l
159 878 342 936 visceratione
357 877 414 949 (lt)
428 876 543 950 quadam
561 876 725 947 fruerentur,
733 879 861 949 ieiunan-
915 879 1060 952 promissio
1081 881 1166 938 Patris
1194 889 1357 949 occurreret,
1377 883 1507 942 dicentis:
1524 885 1617 943 Filias
1631 902 1711 944 meus

59 968 133 1024 tibus
146 967 254 1026 caeteris
268 982 285 1023 a
298 965 385 1022 salute
401 966 469 1035 (15).
490 965 585 1042 lgitur,
607 968 738 1040 quoniam
757 967 862 1039 primns
915 984 943 1026 cs
959 971 1001 1040 tu,
1013 985 1060 1042 ago
1076 969 1156 1028 hodia
1166 972 1252 1043 qenai
1276 974 1320 1039 tc;
1333 974 1400 1044 pete
1417 987 1504 1040 cmc,
1521 977 1550 1032 et
1568 972 1636 1032 dabo
1660 975 1711 1032 tihi

59 1056 190 1113 adventus
204 1061 232 1111 et
246 1053 370 1125 plurimis
386 1053 484 1126 figuris
498 1055 670 1122 obscuratus,
687 1064 714 1112 ct
727 1057 799 1114 omni
819 1057 860 1112 in·
913 1061 1010 1129 gentes
1017 1058 1210 1119 hereditatem
1217 1065 1308 1127 tuom,
1320 1065 1348 1118 ar
1359 1063 1561 1134 possessionem
1567 1065 1648 1120 mam
1657 1066 1712 1120 tar·

10 1158 13 1166 “
60 1145 200 1202 honestate
220 1142 278 1214 (16)
296 1148 458 1214 prostratus,
472 1142 627 1215 canebatur,
642 1144 777 1201 secundus
795 1161 860 1204 vero
915 1147 1008 1202 minos
1034 1152 1118 1204 terrra
1133 1149 1222 1218 (Paul.
1240 1163 1269 1216 tt,
1286 1150 1357 1220 t,a);
1373 1165 1424 1207 nec
1441 1149 1567 1223 poteritis
1589 1150 1617 1207 in
1631 1151 1712 1209 istam

62 1243 87 1290 et
120 1230 283 1288 manifestus
313 1239 340 1287 et
377 1232 435 1286 Dec
463 1230 630 1305 condignum
651 1232 752 1290 idcirco
777 1249 860 1306 quem
913 1235 1132 1305 predicationem
1150 1235 1238 1308 magis
1251 1236 1335 1292 David
1356 1235 1441 1294 filium
1461 1238 1635 1296 Salomonem
1649 1242 1711 1299 vin-

61 1319 137 1378 facile
149 1327 178 1377 et
191 1318 343 1391 intelligere
358 1327 385 1375 et
394 1319 505 1376 credere
520 1328 673 1392 potuerunt,
694 1337 756 1377 eum
771 1321 859 1378 solum
913 1321 1013 1389 dicare,
1058 1342 1139 1398 qnam
1161 1324 1299 1382 Christum
1335 1327 1385 1382 lici
1417 1325 1499 1384 lilium
1528 1328 1631 1395 dicers;
1662 1346 1711 1387 nec

59 1411 205 1477 intuentes,
222 1408 306 1465 idest
319 1408 583 1481 secundum,qniest
597 1408 625 1464 in
640 1409 743 1466 honore
758 1410 858 1486 etglo-
913 1415 1043 1470 terminos
1069 1421 1149 1471 terrae
1181 1414 1267 1473 David
1294 1414 1349 1473 lilio
1370 1417 1531 1488 promissos,
1563 1417 1611 1489 qui
1639 1417 1710 1474 intra

59 1499 108 1566 ria,
127 1513 185 1556 non
205 1496 345 1554 immerito
364 1496 469 1568 decepti
487 1504 550 1553 sunt
572 1497 645 1555 circa
665 1497 856 1571 indigniorem,
912 1501 1020 1557 unicam
1035 1489 1156 1559 lndaeam
1172 1503 1304 1575 regnavit,
1329 1518 1412 1577 qnam
1437 1503 1545 1561 Christo
1564 1504 1633 1563 Filio
1647 1505 1708 1573 Dei,

59 1598 131 1644 certo
159 1587 355 1655 obscuriorem,
380 1586 406 1640 id
436 1593 477 1641 cst
500 1585 628 1658 primum.
651 1586 740 1659 Atque
767 1585 804 1644 ita
830 1588 857 1644 in
912 1588 959 1665 qui
974 1595 1128 1663 totumjam
1152 1592 1245 1647 orbem
1269 1591 1327 1662 (17)
1349 1590 1486 1663 Evangelii
1508 1593 1549 1648 sni
1568 1593 1650 1651 radiis
1664 1596 1708 1650 in-

58 1676 220 1734 hodiernnm
251 1682 352 1747 negant
377 1675 484 1733 venisse
518 1674 654 1732 Christum
679 1692 767 1743 suum,
796 1678 860 1748 qrris
914 1678 1064 1736 luminavit.
1097 1678 1221 1750 Denique
1245 1684 1272 1735 et
1308 1678 1420 1734 thronus
1446 1679 1474 1734 in
1494 1695 1580 1737 aevnm
1620 1685 1709 1755 magis

58 1779 116 1821 non
133 1764 163 1819 in
182 1762 346 1820 sublimitate
364 1764 481 1831 venerit,
500 1762 565 1820 dnm
578 1763 705 1836 ignorant
719 1763 748 1820 in
761 1763 855 1820 humi·
872 1760 894 1838 Β
909 1766 1018 1823 Christo
1031 1766 1083 1822 Dei
1097 1768 1166 1824 Filio
1182 1765 1319 1837 competit,
1336 1781 1417 1838 quam
1431 1765 1578 1839 Salomoni,
1598 1776 1706 1842 tempo-

58 1853 138 1908 litsts
159 1851 249 1925 ummo
275 1848 358 1908 inisse
384 1861 538 1908 venturum.
562 1851 671 1908 Sufficit
691 1853 745 1909 huc
773 1868 858 1926 usquc
911 1855 961 1911 rali
979 1855 1163 1929 scilicatrcgi,
1178 1857 1223 1928 qni
1244 1855 1295 1912 soli
1315 1854 1396 1910 lsrael
1415 1854 1548 1929 regnavit.
1573 1855 1707 1914 Christum

60 1941 97 1996 de
111 1940 156 1996 his
170 1938 276 1996 interim
289 1940 409 1998 ordinem
420 1939 519 1996 Christi
536 1940 722 1998 decucurrisse
735 1955 788 2013 quo
798 1940 859 1998 talis
911 1945 983 2001 enim
1012 1944 1092 2000 hodic
1113 1944 1239 2002 invocant
1261 1941 1383 1999 nationes
1409 1958 1472 2016 quse
1494 1959 1559 2000 eum
1573 1957 1627 2002 non
1641 1945 1710 2001 scie-

59 2028 193 2100 prohatur
210 2027 297 2102 qualis
313 2028 528 2099 adnuntiabatur,
545 2038 574 2085 ut
595 2031 651 2101 jam
673 2046 706 2085 etr
724 2029 776 2086 ista
793 2044 860 2086 con·
912 2032 986 2100 bant,
998 2038 1025 2087 ct
1040 2032 1131 2105 populi
1145 2033 1226 2089 hodie
1240 2033 1273 2088 ad
1293 2030 1428 2089 Christum
1441 2030 1611 2107 confugiunt,
1626 2046 1710 2105 quern

58 2116 185 2173 sonantia
212 2116 413 2189 seripturarum
441 2117 593 2175 divinarum
611 2118 806 2194 intelligamus,
833 2126 860 2174 ct
913 2130 984 2177 retro
1008 2120 1177 2196 ignorabant.
1195 2123 1257 2177 Non
1287 2127 1366 2195 potes
1393 2117 1514 2176 laturum
1533 2120 1709 2189 contendere,

53 2220 121 2278 qnos
135 2213 198 2278 post
211 2204 348 2262 Christum
368 2206 457 2263 lutura
471 2206 697 2280 praedicahautur,
713 2225 746 2266 ex
764 2207 859 2280 dispo·
912 2211 986 2284 qnod
1011 2211 1089 2270 vides
1119 2210 1189 2268 lieri.
1210 2211 1274 2268 llaec
1291 2217 1337 2266 snt
1360 2211 1520 2281 prophetata
1544 2226 1623 2284 nega,
1649 2226 1710 2268 cum

55 2294 159 2351 udone
184 2292 275 2353 divina
298 2295 444 2351 credantur
467 2303 612 2368 expuncta.
630 2295 690 2352 Nisi
717 2298 789 2353 enim
813 2295 859 2352 ille
914 2314 1006 2357 coram
1028 2299 1164 2368 videntur,
1184 2307 1231 2356 aut
1249 2298 1396 2369 adimpleta
1415 2313 1478 2355 cnm
1492 2298 1638 2373 leguntur:
1665 2308 1712 2357 sut

54 2382 177 2440 venisset
191 2390 255 2456 post
278 2399 361 2456 qnam
380 2384 516 2440 habebant
530 2385 659 2459 expungi,
687 2386 760 2442 nullo
779 2386 860 2442 modo
914 2387 938 2443 si
956 2400 1011 2443 non
1037 2402 1121 2460 negas
1143 2395 1298 2461 utrumqne,
1328 2387 1356 2443 in
1371 2400 1404 2445 eo
1418 2395 1497 2444 erunt
1524 2387 1666 2460 adimpleta
1683 2388 1711 2443 in
1756 2436 1760 2442 .

52 2472 219 2530 menhsent
238 2473 262 2513 ¹¹
290 2487 351 2546 quae
370 2474 398 2530 in
417 2473 559 2531 adventum
574 2475 634 2546 ejus
647 2473 739 2531 lutura
760 2474 860 2545 praedi·
915 2491 995 2549 quem
1009 2483 1072 2532 sunt
1081 2476 1249 2549 prophetata.

746 2574 844 2638 Varia
866 2578 1022 2640 lectiones.

95 2679 124 2718 ¹⁰
132 2677 264 2753 Expistus
278 2681 364 2736 Fran.
380 2674 495 2749 expiatis
508 2675 571 2733 alti.
583 2676 606 2716 ¹¹
619 2677 765 2736 venisseut
779 2677 866 2736 Sorai·
886 2677 996 2736 oberth.
1013 2678 1037 2717 ¹²
1054 2675 1133 2748 Quod
1162 2676 1227 2734 cdd.
1262 2675 1348 2735 Serui,
1367 2676 1458 2734 Obori.
1475 2674 1499 2714 ¹³
1517 2671 1614 2731 bicen
1631 2672 1711 2732 abest

45 2750 138 2808 dm·
759 2820 1008 2885 Commentarius.

96 2919 443 3003 (laisneo-rdotcatcmpli
457 2922 607 3003 spiritalis,
624 2920 705 3002 idest
717 2918 860 3000 Ecclesiae.
875 2935 897 3015 c
912 2921 1105 3000 projormaso..
1130 2915 1322 2998 supralantem
1350 2914 1398 2971 lib.
1418 2913 1455 2970 ad
1473 2911 1711 2997 Scapulam,cum

45 2990 201 3048 Ecclesras
218 2991 283 3046 dicrt
308 2990 484 3059 Christianos,
503 3009 548 3066 qur
568 3008 584 3046 a
604 2989 707 3046 delictis
730 2989 857 3045 omuibus
912 2989 992 3058 drxtt,
1004 2991 1105 3060 guanti
1119 2985 1229 3044 honesta
1245 3002 1311 3053 uara,
1336 2988 1485 3041 honoratos
1503 2998 1576 3043 viros
1595 2984 1710 3056 intelligi

39 3076 111 3134 lter
127 3061 266 3119 Christum
280 3060 392 3133 expiati,
411 3063 564 3120 sacerdotes
578 3071 642 3119 sunt
662 3060 757 3133 templi
772 3058 856 3131 spiri·
911 3059 1014 3115 ibidem
1027 3058 1065 3115 ihi
1075 3057 1224 3114 adnotavit.
1240 3056 1307 3112 Ptrt.
1541 3124 1547 3136 ·

39 3132 134 3189 talis.
149 3133 213 3189 llus.
947 3130 1004 3200 (tt)
1031 3127 1085 3196 Qui
1112 3131 1205 3183 totum
1218 3129 1284 3197 jam
1298 3126 1403 3197 orbem,
1422 3125 1549 3184 stulius
1574 3125 1602 3181 in
1623 3127 1709 3197 primo

92 3203 155 3276 (tt)
175 3203 328 3261 mutiana
353 3203 454 3274 gratiae
481 3203 562 3274 guasi
583 3202 778 3259 visceratione.
803 3200 858 3255 Eu·
911 3199 1028 3255 adventu
1047 3197 1203 3268 spernendo
1217 3195 1291 3252 cultu
1313 3196 1389 3253 visus
1413 3197 1505 3267 tuerit,
1525 3199 1644 3254 secundo
1667 3197 1710 3253 ni-

40 3273 217 3331 charistiam
234 3271 376 3346 significat,
397 3272 484 3328 datam
499 3273 640 3341 Ecclesiis,
659 3273 711 3328 hoc
732 3279 773 3326 est
787 3268 856 3327 fide·
912 3269 1059 3327 bilominns
1074 3284 1122 3325 rex
1144 3266 1282 3338 apparebit
1289 3287 1299 3334 ,·
1329 3283 1462 3340 regasque
1490 3281 1584 3324 omnes
1612 3276 1638 3324 et
1656 3267 1709 3338 dy-

37 3342 137 3402 lihns
153 3342 323 3408 Christianis,
348 3344 425 3416 quasi
444 3343 472 3399 in
500 3344 704 3400 uiscerationem
722 3352 749 3398 et
770 3341 857 3411 pabn-
911 3348 997 3397 nostae
1015 3355 1047 3395 ac
1070 3342 1247 3409 imperatores
1265 3352 1387 3404 crucem,
1416 3352 1478 3409 qum
1500 3337 1617 3394 iulamiae
1644 3346 1710 3395 nota

36 3412 129 3471 lnm.
149 3415 213 3474 liro.
232 3445 269 3456 -
282 3414 441 3480 visceratio,
469 3415 508 3471 uti
526 3416 561 3470 sd
580 3414 728 3488 marginem
743 3412 857 3468 adnota-
912 3421 979 3479 erat,
997 3410 1154 3467 adorabunt.
1171 3406 1306 3476 Quoniam
1319 3411 1430 3481 ipsecst
1443 3424 1495 3465 rea
1509 3424 1539 3463 rc
1557 3425 1608 3465 um
1622 3413 1649 3466 at
1663 3408 1711 3464 do-

27 3488 97 3543 wit
120 3487 280 3551 Rhenanus,
305 3485 460 3542 distributio
488 3497 546 3542 erat
568 3486 671 3557 carnis,
704 3499 765 3554 quae
797 3482 857 3538 fieri
912 3483 1008 3539 minua
1027 3481 1249 3544 dominantium,
1265 3481 1357 3535 etalio
1376 3478 1402 3533 in
1417 3479 1487 3546 loco,
1508 3427 1711 3560 afferentium

37 3559 175 3623 solebat,
199 3557 241 3614 rel
263 3556 291 3610 in
324 3557 437 3612 solemni
468 3556 609 3625 sauilicio,
639 3555 682 3612 vel
705 3555 733 3610 in
765 3554 858 3610 lunera
912 3567 1005 3611 omncs
1032 3554 1138 3624 gentes,
1166 3557 1219 3607 etc.
1243 3547 1474 3631 Quemadmodum
1498 3557 1585 3603 nutem
1610 3548 1710 3618 praedi·

29 3627 219 3685 (excellentis
236 3626 442 3696 aliannsPttst.
911 3632 983 3683 ctum
998 3624 1085 3680 lucrat
1111 3622 1201 3692 ipsum
1223 3629 1377 3686 venturum,
1399 3629 1440 3677 stc
1466 3625 1494 3674 et
1516 3634 1545 3673 re
1585 3624 1704 3686 atnrum,

105 3699 360 3770 tattcjsoantthas
370 3697 726 3769 cateniasatanuempe
735 3694 856 3762 ethnicis,
911 3695 935 3752 si
946 3697 1044 3767 itaque,
1062 3698 1093 3750 ut
1112 3693 1305 3762 orohatcontra
1319 3690 1462 3759 Judaeos(
1501 3689 1536 3744 od
1572 3689 1710 3745 hristlanis

30 3765 225 3825 infidelibus.
244 3770 306 3825 th.
912 3766 1038 3823 omnibns
1062 3763 1262 3837 certissimum),
1286 3763 1369 3834 venit,
1394 3769 1423 3818 ut
1442 3779 1458 3818 a
1479 3761 1619 3831 'mplsatur
1665 3775 1709 3816 ro-

95 3841 156 3912 (ts)
171 3842 207 3897 lit
222 3842 301 3900 omui
324 3839 513 3898 inhonestate.
533 3840 730 3896 inhonestatem
746 3837 858 3910 (inquit,
913 3841 1053 3910 phetarnm
1068 3835 1235 3906 vaticinium,
1258 3841 1355 3910 regnat
1382 3848 1492 3907 quoque
1519 3846 1603 3904 snper
1616 3845 1648 3889 or
1683 3847 1709 3886 m

35 3914 120 3968 tum
134 3911 190 3978 hic,
221 3920 275 3967 tum
300 3911 370 3966 inira
386 3911 434 3967 lih.
452 3910 562 3968 rrtadu.
585 3909 791 3981 llarc.,llben.i
809 3924 857 3965 ac·
913 3911 1077 3968 universum.
1092 3907 1193 3965 LePu.

30 3984 128 4056 (cipit
154 3997 205 4055 pro
234 3981 412 4049 deformitate,
428 3981 509 4039 sicuti
533 3982 615 4055 paulo
630 3982 703 4053 prius
726 3982 859 4040 honestus

1467 4173 1705 4194 m

213 4396 292 4566 Q·
355 4400 589 4545 SEPT.
658 4396 908 4537 FLOR.
967 4381 1566 4532 TERTULLIANI

580 4695 780 4815 trouu
821 4692 911 4807 oo
953 4683 1194 4806 aurun.

326 5061 585 5124 suouuuurun.
886 5079 910 5156 n
924 5058 1060 5132 inspersit
1072 5054 1226 5128 principio,
1242 5048 1388 5120 vanosque
1410 5060 1518 5104 errores
1532 5047 1592 5119 ipse
1608 5046 1719 5105 Tertul-

65 5164 230 5242 Scripserat
243 5172 450 5239 tertullianus,
466 5177 499 5227 ut
513 5173 570 5245 ipre
580 5172 633 5236 ait,
644 5172 743 5226 contra
755 5168 870 5225 Hanno-
926 5131 1023 5189 liam
1037 5128 1168 5245 imfnfn'
1608 5226 1615 5239 ι

105 5254 204 5364 genem
221 5242 326 5326 tibrum
341 5242 536 5326 decessuros
552 5243 660 5311 angina
679 5241 784 5295 anima
797 5240 867 5323 ,gau
958 5236 981 5319 1
997 5237 1026 5291 ln
1049 5249 1145 5315 primis
1176 5237 1265 5285 autem
1293 5227 1376 5305 docet¹
1387 5237 1441 5279 non
1455 5239 1470 5278 a
1484 5222 1594 5282 Socrate
1607 5240 1720 5282 immor·

119 5311 188 5378 aber,
203 5311 477 5382 bcdtedcstdcrctus,
489 5317 630 5385 quantum
642 5311 737 5374 datur,
747 5312 869 5368 mentia·
923 5309 1051 5365 talliatam
1065 5317 1172 5371 aurmoe,
1183 5300 1254 5358 seda
1274 5299 1331 5354 Deo
1351 5294 1519 5352 discendum.

108 5396 173 5437 nem
196 5380 278 5440 hahet
302 5387 334 5440 t'n
348 5385 624 5455 sectioncsaqueoti;
635 5398 712 5439 nunc
726 5386 824 5438 autem
836 5381 868 5436 in
960 5379 993 5434 ll.
1009 5377 1066 5432 Etsi
1081 5375 1150 5432 enim
1166 5390 1180 5428 a
1199 5380 1295 5429 natura
1310 5369 1439 5440 ploraque
1465 5370 1657 5448 suggerantur,
1677 5375 1723 5447 aut

109 5450 158 5509 hoc
169 5458 311 5521 tractata,
326 5457 511 5526 sincinnium
521 5454 710 5520 montanista,
720 5452 753 5510 dc
763 5452 869 5508 cnimoe
924 5451 1006 5507 etiam
1020 5464 1052 5503 ex
1063 5445 1203 5519 prophetis
1226 5444 1320 5498 hausta
1333 5441 1451 5504 luerunt,
1467 5444 1556 5492 lamen
1572 5436 1724 5508 philosophi

110 5527 190 5580 statu
203 5527 359 5599 strationis
373 5525 484 5583 adeam
495 5522 871 5600 pertinentibusquoestioni·
924 5520 1006 5577 mults
1026 5520 1108 5573 mixta
1122 5517 1193 5573 veris
1209 5515 1276 5570 laisa
1296 5510 1473 5568 tradiderunt.

113 5593 870 5672 hus,adoneusphitomphosdimicat,cuitomcnfatsc

142 5704 265 5761 Parnon.
285 5703 319 5761 ll.
1073 5745 1076 5750 ,
1548 5686 1583 5739 22
