3840 6134
126 269 187 337 305

759 277 823 340 IIB.
839 277 850 340 l
868 277 946 341 lov.
962 277 1163 342 MARCIONEM.

1725 276 1778 341 306

125 400 228 460 viantis
248 401 316 476 tot),
336 411 362 461 et
384 420 472 463 scena
498 402 662 467 lascivientis
688 406 764 480 (soli
781 406 847 483 quid
876 422 930 465 non
945 421 968 504 Α
982 409 1119 483 quomodo
1147 417 1291 484 regenerat
1317 409 1362 484 qui
1390 427 1445 477 uon
1466 410 1655 486 regeneravit?
1668 408 1777 468 Iteratio

126 500 156 550 et
175 488 205 547 in
228 492 462 566 persecutionibus
479 497 572 554 statIm
586 498 676 556 oblata
698 515 790 556 acerra
811 497 928 553 animam

126 582 276 656 negatione
297 583 430 643 lucrarIs‘?
443 587 534 658 absit,
550 589 651 662 inquis,
676 589 756 647 absit.
778 589 852 661 Ergo
871 590 928 659 iam

127 671 211 728 times
234 673 373 746 delictum,
389 685 416 734 et
439 677 558 735 timendo
581 681 700 752 probasti
726 680 801 735 illum
826 677 927 744 timeri,

124 763 174 836 qni
188 764 318 835 prohibet
341 766 480 823 delictum.
495 769 574 827 atiud
589 777 641 836 est,
657 771 679 828 si
704 769 796 826 eadem
821 769 866 824 dei
889 765 928 825 tui

126 853 315 924 perversitate,
330 871 410 928 quem
426 873 479 914 non
503 858 591 926 times,
606 859 746 930 observas,
762 874 816 930 qua
837 865 865 913 et
882 855 928 910 ille

127 942 199 1013 quod
226 956 282 998 non
306 944 431 1013 alndicat,
457 947 591 1018 prohibet.
605 949 688 1006 Multo
711 950 799 1005 adhuc
821 945 927 1012 vanius,

128 1045 189 1086 cuni
206 1031 380 1107 interrogati,
395 1035 461 1107 qnid
486 1035 534 1093 fiet
559 1039 695 1110 peccatori
710 1037 806 1111 cuique
819 1036 862 1092 die
872 1035 927 1098 illo,

129 1122 302 1194 respondent
325 1125 349 1164 ³⁴
365 1124 444 1194 abjici
459 1124 537 1183 illum
564 1127 643 1200 quasi
662 1129 696 1183 ab
723 1125 817 1185 oculis.
834 1128 929 1183 Nonne

127 1218 153 1266 et
176 1211 233 1267 hoc
251 1212 355 1283 judIeio
378 1213 488 1287 agitur?
500 1215 636 1285 iudicatur
658 1216 730 1272 enlm
754 1215 928 1286 abjiciendus,

128 1309 153 1357 ει
167 1300 265 1373 utique
283 1302 387 1373 judicio
401 1304 580 1362 damnationis
599 1325 607 1362 ε
628 1307 679 1362 nisi
693 1305 755 1362 siin
775 1307 800 1345 ³⁴
815 1304 928 1361 salutem

130 1390 275 1460 abjiciatur
298 1402 434 1464 peccator,
450 1402 480 1451 ut
503 1403 531 1452 et
552 1395 604 1452 boc
617 1396 675 1453 Deo
696 1396 797 1468 optimo
814 1410 927 1465 compe-

130 1487 172 1537 tat.
193 1483 229 1538 Bt
253 1481 320 1553 quid
339 1483 391 1541 erit
409 1484 500 1554 abjici,
516 1485 568 1541 nisi
587 1485 709 1542 amittere
731 1486 759 1541 id
781 1485 929 1557 quoderat

983 502 1054 558 euim
1070 519 1124 561 non
1138 503 1268 576 competit
1280 501 1306 560 ei
1323 519 1338 559 a
1360 518 1414 575 quo
1432 502 1498 575 quid
1513 520 1563 559 uec
1580 503 1663 561 semel
1677 499 1777 558 factum

982 602 1039 650 est.
1063 592 1091 649 Si
1123 593 1277 652 consecutio
1305 603 1346 651 est
1374 592 1491 665 Spiritus
1518 595 1610 665 sancti,
1640 591 1777 665 quomodo

982 681 1106 752 spiritum
1126 683 1270 753 adtribuet,
1284 683 1329 756 qui
1344 684 1461 739 animam
1484 698 1536 739 nou
1553 681 1628 755 prius
1644 680 1777 739 contulit?

982 771 1044 844 quia
1055 771 1202 830 suffectura
1215 781 1256 828 est
1267 773 1468 846 quodammodo
1479 770 1590 846 spiritus
1603 771 1693 828 anima
1708 769 1776 842 (89).

981 859 1074 934 Signat
1097 860 1181 935 igitur
1199 863 1347 928 bominem,
1363 878 1508 935 numquam
1522 861 1594 932 apud
1610 876 1640 916 se
1654 860 1778 932 resigna·

982 954 1049 1017 tum,
1077 950 1147 1008 lavat
1175 952 1311 1009 bominem
1337 969 1475 1024 nunquam
1500 951 1571 1024 apud
1603 966 1633 1007 se
1657 947 1779 1022 coinqui-

982 1044 1088 1109 natum;
1105 1048 1133 1096 et
1147 1040 1174 1096 iii
1187 1042 1240 1097 hoc
1255 1049 1339 1098 totum
1353 1041 1447 1099 salutis
1460 1046 1656 1098 sacramentum
1671 1050 1780 1092 carnem

982 1129 1080 1202 mergit
1109 1132 1169 1203 (99)
1196 1138 1328 1188 exsortem
1358 1132 1462 1188 salutis.
1486 1132 1544 1187 Nec
1571 1129 1688 1186 rusticus
1721 1134 1779 1180 ter·

982 1234 1039 1274 ram
1058 1218 1166 1292 rigabit,
1182 1220 1298 1278 fructum
1321 1238 1376 1278 non
1398 1223 1553 1287 relaturam,
1574 1220 1625 1276 uisi
1654 1230 1708 1275 tam
1734 1231 1781 1271 va·

981 1323 1041 1372 nus,
1058 1323 1138 1379 quam
1163 1309 1231 1366 deus
1254 1310 1405 1368 llarcionis.
1421 1309 1548 1382 Proinde,
1564 1325 1614 1366 cur
1628 1308 1650 1346 ⁴¹
1669 1314 1780 1370 tantam,

982 1396 1041 1452 sive
1068 1396 1209 1463 sarcinam,
1236 1398 1293 1456 sive
1316 1399 1440 1471 gloriam,
1456 1396 1644 1454 infirmissimae
1668 1403 1713 1452 aut
1736 1394 1782 1449 iu-

982 1484 1148 1557 dignissImae
1199 1486 1273 1542 carni
1322 1488 1438 1559 imponit
1475 1485 1674 1544 sanctitatem?
1711 1483 1782 1553 Quid

130 1578 338 1639 consecuturus,
354 1572 377 1628 si
406 1588 459 1630 non
487 1574 665 1644 abjiceretur?
686 1574 714 1630 id
741 1584 781 1629 est
805 1573 927 1629 salutem.
985 1573 1072 1629 dicam
1099 1583 1188 1631 autem
1213 1577 1248 1632 de
1276 1577 1425 1650 discipliuae
1453 1577 1579 1644 vanitate,
1600 1591 1654 1646 qua
1683 1572 1782 1628 sancti·

131 1658 202 1732 Ergo
233 1660 328 1716 salutis
355 1661 383 1716 in
411 1663 601 1720 detrImcntum
628 1662 795 1731 obiiciatur:
823 1671 850 1718 ct
878 1663 931 1718 lioc
947 1625 969 1702 fl
985 1663 1057 1733 licat,
1087 1664 1266 1720 substantiam
1293 1667 1435 1721 sanctam?
1459 1664 1529 1733 Quid
1558 1674 1603 1720 aut
1633 1664 1658 1702 ⁴²
1690 1668 1785 1719 onerat

133 1746 240 1806 decerni
256 1765 311 1806 non
327 1751 425 1822 poterit
440 1751 491 1806 nisi
506 1755 539 1809 ab
549 1753 629 1823 irato,
640 1760 667 1809 et
681 1752 799 1820 offenso,
813 1760 839 1809 et
852 1767 931 1809 exse·

137 1846 224 1895 sutore
242 1838 342 1907 delicti,
359 1839 386 1896 id
405 1847 448 1899 est
458 1839 560 1912 judice.

409 1984 520 2040 CAPUT
532 1984 658 2042 XXVIII.

165 2108 260 2164 Exitus
272 2117 364 2165 autem
379 2107 419 2164 illi
435 2108 540 2179 abjecto
555 2110 687 2182 quisfilb
702 2109 778 2182 igne,
794 2109 928 2183 inquiunt,

136 2197 270 2254 creatoris
284 2196 515 2268 deprehendetur.
530 2198 642 2255 Adeone
656 2199 757 2255 nullum
775 2200 855 2255 babet
873 2198 932 2255 ele-

135 2298 263 2354 mentum,
280 2290 323 2345 vel
343 2289 368 2344 in
392 2291 461 2347 banc
484 2305 605 2346 caussam
619 2288 768 2361 provisum,
787 2305 841 2362 quo
865 2304 932 2360 pec-

135 2387 234 2434 catores
249 2393 316 2433 suos
339 2376 383 2433 vel
407 2379 467 2434 siue
488 2378 592 2436 saevitia
606 2381 716 2456 releget,
731 2396 763 2436 ne
778 2379 841 2434 illos
853 2379 934 2435 dedat

984 1751 1128 1823 infirmam,
1143 1760 1188 1809 aut
1212 1760 1326 1808 exornat
1348 1753 1509 1826 indignam?
1523 1752 1594 1823 Quid
1618 1767 1672 1807 uon
1697 1749 1784 1805 salute

985 1850 1151 1909 remunerat,
1171 1859 1251 1915 qnam
1275 1851 1369 1900 onorat
1391 1842 1432 1900 vel
1448 1840 1581 1898 exornati
1594 1839 1665 1908 Quid
1680 1839 1786 1894 fraudat

987 1931 1136 1988 mercedem
1157 1931 1258 2004 operis,
1272 1946 1327 1987 nou
1343 1931 1493 2002 rependens
1516 1930 1542 1969 ⁴³
1563 1929 1638 1984 carni
1660 1927 1784 1984 salntem.

989 2020 1061 2090 Quid
1089 2027 1116 2078 et
1144 2020 1276 2077 honorem
1290 2019 1441 2076 sanctitatis
1467 2018 1496 2075 io
1522 2017 1567 2074 illa
1590 2015 1660 2074 mori
1675 2015 1775 2090 patitur

1270 2206 1384 2267 CAPUT
1397 2207 1501 2264 XXIX.

1021 2381 1082 2437 Non
1099 2380 1229 2453 linquitur
1244 2380 1315 2450 apud
1331 2380 1406 2435 illum
1419 2394 1492 2446 caro,
1509 2376 1561 2434 nisi
1577 2377 1664 2451 virgo,
1681 2376 1733 2432 uisi
1749 2377 1788 2432 vi.

134 2467 273 2524 Creatori?
297 2467 369 2536 Quid
395 2474 459 2524 tunc
482 2469 612 2526 Creatmt
625 2469 721 2534 Credo,
747 2469 932 2540 sulphuratio·
986 2469 1049 2535 dua,
1071 2469 1122 2525 nisi
1137 2470 1243 2534 caelebs,
1260 2468 1439 2525 nisidivortio
1461 2469 1486 2506 ⁴⁴
1509 2466 1788 2537 baptismamercata,

136 2571 182 2611 iem
213 2556 257 2613 eis
286 2557 440 2629 gebennam
465 2559 625 2628 praeparabit
653 2559 688 2623 ³⁹,
713 2568 741 2613 ut
769 2557 933 2628 blasphemis
986 2561 1063 2630 quasi
1084 2575 1137 2616 non
1155 2559 1236 2615 etiam
1260 2559 1426 2629 spadonibus
1450 2574 1484 2613 eii
1507 2556 1608 2627 nuptiis
1628 2565 1700 2612 nata.
1721 2555 1787 2611 Siue

136 2646 183 2701 suis
208 2644 317 2703 scilicet
346 2663 352 2702 :
385 2646 436 2701 nisi
463 2647 535 2716 quod
560 2648 636 2713 ¹Deus
663 2647 763 2704 zelotes
786 2646 933 2703 fortassean
987 2648 1070 2705 dubio
1090 2664 1123 2704 eir
1137 2648 1309 2704 damnatIoue
1322 2646 1446 2720 conjugii
1461 2645 1592 2702 institutio
1608 2645 1660 2699 ista
1672 2654 1785 2700 consta-

135 2731 317 2789 desertoribus
332 2732 476 2790 aduersarii
491 2733 532 2789 sui
555 2735 694 2806 parcat⁴⁰.
723 2733 746 2791 0
774 2736 860 2790 Deum
885 2750 932 2789 us·
986 2737 1036 2792 bit.
1047 2737 1193 2795 Videamus
1207 2752 1240 2791 an
1248 2738 1322 2808 justa
1337 2755 1344 2791 a
1361 2750 1415 2791 non
1430 2735 1507 2806 quasi
1521 2732 1686 2790 destructuri
1702 2732 1788 2788 felici-

136 2836 294 2893 quequaque
312 2836 482 2891 perversum,
498 2822 598 2893 ubique
617 2822 813 2888 inrationalem,
828 2823 855 2878 in
871 2838 932 2879 om·
989 2832 1068 2880 tatem
1083 2825 1242 2891 sanctitatis,
1258 2834 1288 2879 ut
1308 2823 1390 2895 aliqui
1413 2822 1562 2888 Nicolaitae,
1587 2826 1738 2876 assertores
1751 2821 1787 2875 li·

138 2909 211 2965 nibus
226 2927 328 2967 vanum
342 2920 424 2982 atque
437 2910 475 2968 ita
493 2911 643 2969 nemineml
659 2913 737 2984 cujus
756 2927 810 2968 non
825 2919 934 2977 statum,
951 2911 1086 2990 ebidinis
1115 2921 1196 2984 atque
1222 2912 1356 2981 luxurIae3
1382 2912 1429 2967 scd
1456 2912 1502 2984 qui
1530 2911 1698 2967 sanctitatem
1726 2908 1786 2965 siue

139 3011 189 3052 non
212 2999 406 3068 conditionem,
429 3014 483 3056 nou
510 3009 647 3070 naturam,
668 3015 723 3056 non
745 3000 829 3077 ullum
857 3000 934 3056 ordi·

143 3101 201 3139 nem
213 3086 293 3142 video
313 3089 473 3155 consistere3
502 3087 590 3145 280
617 3089 673 3159 jam
697 3104 748 3144 nec
766 3089 855 3161 ipsum
870 3087 932 3144 fidei

144 3173 199 3241 ejus
219 3187 419 3232 sacramentum.
437 3177 486 3232 Cui
509 3177 581 3233 euim
606 3177 645 3233 rei
669 3179 802 3249 baptisma
824 3194 932 3250 quoque

139 3262 206 3331 apnd
239 3279 300 3319 enin
326 3266 466 3338 exigitur?
495 3267 523 3322 Si
547 3267 669 3322 remissio
697 3266 851 3322 delictorum
879 3275 930 3339 est,

139 3351 269 3421 quomodo
283 3353 418 3409 videbitur
437 3352 533 3409 delicta
554 3354 699 3419 dimittere,
714 3354 762 3425 qui
782 3369 834 3410 uon
856 3354 932 3412 vide·

139 3437 206 3494 bitur
228 3442 365 3497 retinere?
389 3442 451 3512 quia
474 3442 614 3512 retInerct,
631 3444 654 3498 si
673 3443 815 3512 judiearet.
832 3443 861 3497 Si
883 3445 931 3499 ab·

139 3528 230 3586 solutio
257 3531 355 3587 mortis
382 3539 432 3596 est,
449 3532 586 3602 quomodo
612 3531 763 3587 absolveret
791 3548 806 3587 a
835 3541 931 3599 morte,

139 3618 177 3689 qui
190 3633 244 3674 non
268 3620 390 3675 devinxit
416 3622 449 3676 ad
469 3621 601 3677 mortem?
621 3621 785 3677 devinxisset
807 3622 888 3690 enim,
906 3621 931 3677 si

140 3706 308 3777 eprimordio
323 3710 485 3767 damnasset.
501 3710 529 3767 Si
550 3710 718 3784 regeneratio
737 3718 778 3766 est
800 3711 929 3780 hominis,

986 3001 1141 3071 nuptiarum
1168 3001 1340 3057 damnatione
1368 3001 1534 3071 noverimus,
1548 3008 1575 3055 et
1600 3006 1744 3065 sectemur,
1760 3007 1786 3054 et
1874 3009 1883 3025 ⁶

987 3089 1173 3160 praeferamus;
1192 3104 1246 3145 non
1269 3096 1298 3142 ut
1317 3088 1513 3154 melchanum,
1530 3089 1578 3145 sed
1592 3096 1623 3144 ut
1638 3089 1710 3143 bono
1724 3103 1784 3143 me·

985 3178 1047 3234 lius.
1075 3178 1136 3233 Non
1164 3177 1237 3232 enim
1264 3175 1430 3247 projicimus,
1459 3177 1509 3231 sed
1540 3176 1703 3247 deponlmus
1731 3193 1784 3231 nu-

986 3266 1056 3339 ptias
1069 3268 1127 3340 (91)
1149 3283 1156 3324 :
1177 3265 1258 3323 281
1279 3280 1328 3321 nec
1343 3264 1554 3337 praescribImus,
1569 3264 1619 3320 sed
1642 3265 1786 3320 suademus

986 3356 1173 3425 sanctitatem;
1204 3363 1341 3412 servantes
1368 3363 1396 3409 ει
1423 3353 1535 3418 bonum,
1556 3359 1584 3408 et
1610 3351 1706 3407 melius
1733 3365 1784 3423 pro

984 3446 1085 3504 viribus
1100 3447 1229 3516 cujusque
1253 3442 1395 3509 sectando;
1412 3449 1475 3498 tune
1489 3441 1604 3513 denique
1627 3440 1785 3513 conjugium

984 3548 1075 3593 exorte
1097 3534 1272 3590 defendentes
1295 3548 1355 3588 cum
1375 3531 1482 3588 inimice
1508 3537 1649 3587 accusatur
1677 3528 1783 3603 spurci-

986 3623 1029 3679 tiae
1054 3622 1162 3679 uomiue
1182 3621 1209 3676 in
1228 3620 1437 3678 destructionem
1450 3619 1594 3686 Creatoris,
1610 3619 1657 3691 qni
1672 3619 1784 3690 prolude

984 3711 1141 3786 conjugium
1161 3726 1210 3781 pro
1233 3710 1272 3765 rei
1290 3710 1430 3764 honestate
1448 3707 1597 3778 benediiit,
1613 3709 1643 3763 iii
1657 3723 1783 3766 cremen-

820 3838 915 3903 Varitu
935 3840 1091 3903 lectiones.

169 3941 190 3980 ³⁴
209 3942 424 4012 Respondebam
451 3949 543 4003 entia.
570 3946 685 4011 illorum,
702 3944 869 4012 responderit
894 3947 1010 4003 Scmlcr.
1033 3947 1083 4002 Dei
1105 3945 1222 4002 olloinm
1249 3943 1337 4002 libere.
1358 3944 1383 3982 ³⁴
1405 3943 1462 3998 Nisi
1493 3943 1520 3996 iu
1546 3941 1632 4000 Rhea.
1669 3941 1780 4000 Obcrtb.

142 4009 161 4048 ³⁴
179 4012 342 4083 Praeparavit
365 4018 449 4074 Scml.
478 4019 546 4073 luri.
570 4018 595 4055 ⁴⁰
619 4017 772 4072 Adversarii
791 4017 913 4087 parcit‘l
940 4020 1031 4074 Poris.
1057 4021 1142 4075 Frate.
1168 4018 1192 4055 ⁴¹
1225 4018 1259 4072 Ut
1294 4017 1362 4071 deus
1394 4015 1535 4071 Marcionis
1569 4012 1684 4086 prolude
1718 4028 1782 4069 cum

143 4082 217 4142 Scml.
235 4086 348 4144 oberth.
365 4088 390 4125 ⁴²
403 4090 500 4144 iliitcm
516 4088 633 4146 Semler.
650 4088 675 4127 ⁴³
695 4089 906 4159 deprehendens
921 4088 1010 4146 Rbcre.
1025 4089 1050 4127 ⁴⁴
1068 4089 1197 4146 Devortio
1212 4090 1280 4146 lere.

835 4208 1085 4274 Commentarius·

140 4322 199 4368 orat.
228 4315 262 4368 Ὦ
294 4332 301 4369 :
330 4317 385 4383 περ)
416 4317 474 4376 τοὺς
504 4317 612 4377 ἱππικοὺς
630 4318 670 4371 καὶ
698 4316 729 4372 τὰ
755 4317 851 4388 θέατρα,
885 4319 926 4371 κα)

139 4383 165 4434 t'a
178 4386 275 4450 πᾶδία,
291 4388 332 4440 ια)
347 4387 379 4441 τὰ
405 4388 533 4460 κυνηγέσια
555 4393 686 4442 roooiiroav
702 4389 844 4471 μεμηνέναι,
865 4387 927 4442 ὥστε

140 4460 209 4508 ταῦτα
230 4461 352 4512 κυεῖσθαι
381 4459 435 4530 βίον
464 4478 507 4515 :a
532 4461 562 4514 ln
595 4460 763 4516 circensibus
795 4470 822 4517 ct
848 4476 926 4530 spec·

139 4527 235 4603 loculis,
250 4544 333 4584 cursu
348 4538 374 4586 et
396 4531 586 4587 venationibus
601 4532 668 4587 adeo
684 4530 843 4596 insaniebat,
854 4538 884 4587 ut
897 4531 925 4585 in

139 4596 261 4674 iisvitam
277 4608 377 4672 ageret.
397 4622 409 4652 ι
430 4602 504 4657 ldem
519 4602 607 4658 adhuc
628 4604 783 4676 Theologus
802 4601 926 4658 Carmli

138 4670 256 4727 ambico.
273 4672 313 4726 La
328 4673 376 4727 Pii.

166 4744 222 4812 (87)
242 4744 339 4799 Cerere
360 4745 512 4801 saevientis.
528 4744 615 4800 Cavea
630 4759 700 4813 saepe
720 4758 768 4815 pro
784 4745 887 4800 theatro
902 4751 928 4801 ει

138 4813 330 4891 amphitheatro
358 4823 389 4868 ut
415 4815 460 4871 hle
487 4816 612 4871 sumitur.
628 4816 683 4872 Sed
699 4816 771 4871 bunc
794 4816 882 4872 locum
901 4815 928 4869 ln

136 4891 184 4937 vita
197 4884 227 4938 S.
251 4883 399 4940 Hilarionis
421 4887 554 4956 expressit
577 4887 676 4957 optime
700 4886 731 4942 B.
746 4886 926 4958 Hieronymi

138 4954 222 5010 rh'on
251 4955 317 5012 circi
344 4955 489 5021 furoribus,
513 4974 567 5012 non
594 4973 681 5018 arenae
710 4958 849 5033 sanguiue,
875 4973 928 5013 non

136 5023 224 5080 theatri
248 5025 356 5083 luxurIa
380 5028 571 5084 delectabatur.
597 5048 609 5082 i
632 5029 714 5084 Vides
733 5047 851 5087 urceum
875 5029 929 5084 dici

150 5112 288 5222 ιοΡεαυεα,
303 5097 372 5152 unde
383 5101 493 5170 dpclcq.
506 5102 550 5170 88,
562 5118 657 5159 arente
671 5103 808 5159 atrocitas
822 5100 927 5157 dicitur.

201 5185 229 5223 a.

162 5239 224 5310 (88)
237 5241 336 5298 Sccnoe
360 5241 541 5299 usamenta.
561 5243 696 5299 Prohibita
710 5253 786 5299 erant
800 5241 929 5297 Christia-

134 5309 171 5389 uis
192 5311 349 5382 spectacula
373 5324 482 5384 propter
500 5313 663 5384 turpidincm
677 5322 704 5368 et
718 5313 929 5385 impudicitiam

132 5381 155 5435 id
169 5383 289 5455 undique
299 5384 416 5438 clamant
429 5400 559 5441 canones.
576 5386 637 5455 Ipse
651 5385 762 5441 Tertull.
776 5386 856 5458 Apol.
871 5388 905 5440 38
922 5404 928 5440 :

130 5450 303 5526 Spectaculis
309 5458 409 5512 uestris
416 5457 447 5512 iri
453 5459 571 5512 tantem
582 5457 832 5514 renuetiumttrrin
844 5457 930 5526 bapti·

130 5538 189 5581 arno
210 5526 349 5593 nimirum,
365 5527 436 5583 unde
459 5527 487 5584 S.
513 5528 733 5601 chrysostomus,
748 5536 816 5585 orat.
834 5531 878 5594 ι9,
895 5529 931 5585 cd

128 5597 195 5671 Pop.
208 5604 323 5655 testamr
335 5613 391 5656 non
406 5599 494 5657 videri
506 5599 608 5658 debere
622 5599 788 5657 Christianos
801 5601 830 5657 iu
850 5615 931 5658 scena

980 4324 1008 4373 et
1035 4314 1174 4372 ludiouum
1202 4314 1464 4386 gesticulationibus,
1485 4314 1510 4370 ὲν
1533 4318 1610 4385 σκηνῇ
1636 4314 1678 4368 καὶ
1697 4318 1780 4388 predii

979 4389 1108 4449 παιδειαῖς.
1127 4388 1166 4442 Lu
1177 4386 1226 4441 Pu.

1017 4461 1073 4528 (89)
1088 4460 1254 4530 suffectura
1268 4462 1312 4513 cst
1324 4457 1523 4530 quodammodo
1538 4459 1659 4529 spiritus
1670 4459 1779 4513 anieno.

980 4531 1127 4602 Tamquam
1149 4528 1286 4601 supposita
1311 4528 1416 4598 spiritui
1439 4527 1607 4582 sustinendo.
1636 4529 1780 4598 Suffectu-

981 4619 1044 4657 rcm
1068 4601 1141 4668 dicit,
1163 4600 1390 4674 quemadmodum
1410 4599 1544 4654 contrario
1566 4596 1719 4669 elguificatu
1734 4598 1779 4650 di-

981 4672 1068 4729 cimus
1085 4677 1295 4747 proefeclorum.
1316 4673 1409 4743 ltaque
1425 4667 1598 4727 suffecturam
1614 4665 1706 4720 tribuit
1720 4667 1780 4721 ani·

982 4759 1044 4809 mae,
1064 4755 1095 4800 ut
1122 4744 1303 4815 intelligamus
1330 4742 1418 4798 datam
1447 4737 1555 4822 spiritui
1584 4735 1779 4809 praelecturam.

982 4815 1027 4871 Sic
1039 4814 1111 4871 libro
1127 4815 1159 4873 de
1182 4816 1294 4881 Animo,
1310 4813 1430 4869 animum
1445 4813 1511 4868 dixit
1532 4811 1699 4882 scpqcslom
1721 4824 1781 4865 esse

981 4885 1088 4943 animae.
1113 4886 1177 4941 ltia.

1017 4955 1074 5028 (90)
1087 4960 1121 5014 ut
1132 4961 1161 5014 in
1172 4959 1220 5013 boc
1232 4962 1323 5014 totum
1331 4957 1435 5014 soluite
1444 4958 1657 5012 sacramentum
1666 4969 1783 5009 curnem

983 5030 1094 5100 merqil.
1110 5028 1290 5100 Augustinus,
1306 5028 1397 5084 libror
1419 5028 1452 5085 dc
1464 5030 1647 5099 pcccatorum
1660 5026 1780 5092 meritis,

982 5109 1075 5156 contra
1093 5100 1198 5171 Pelag.,
1223 5115 1283 5171 cap.
1308 5103 1343 5155 99
1369 5117 1375 5155 :
1404 5120 1415 5149 a
1441 5097 1559 5163 Optime,
1575 5097 1672 5169 inquit,
1689 5096 1782 5152 Punici

984 5170 1130 5227 Christiani
1149 5172 1312 5242 baptismum
1326 5172 1418 5244 ipsum
1441 5169 1509 5226 ulliil
1527 5170 1599 5225 aliud
1616 5185 1697 5241 quam
1712 5169 1782 5225 salu-

983 5251 1039 5298 tem
1051 5251 1157 5299 vocant.
1176 5263 1187 5294 i
1204 5244 1267 5299 llis.

1020 5314 1077 5383 (llll
1093 5316 1145 5372 Sed
1159 5315 1321 5387 deponlmus
1333 5318 1459 5388 anplius,
1472 5322 1523 5370 etc.
1537 5314 1650 5382 Nuptias
1658 5312 1783 5383 equidem

986 5399 1040 5439 nou
1060 5386 1214 5457 damnabat,
1230 5388 1285 5443 imo
1309 5388 1336 5442 in
1361 5388 1394 5441 iis
1421 5387 1588 5441 sanctitatem
1608 5382 1783 5439 commenda-

984 5455 1030 5511 bat
1058 5467 1160 5524 auctor,
1176 5458 1226 5512 sed
1255 5461 1408 5530 nuptiarum
1442 5457 1555 5512 obtentu
1585 5452 1780 5525 turpitudinem

983 5529 1040 5600 jam
1054 5528 1260 5586 Invalescentem
1272 5531 1417 5601 rejiciebat.
1431 5528 1471 5584 Lis
1485 5530 1534 5583 Pii.
