3840 6134
126 286 183 353 bid

127 411 159 486 (l
167 415 277 484 domur,
286 415 345 490 ta);
356 415 454 485 licebat
467 419 534 479 etde
540 419 687 496 Evangelio
697 424 742 481 ali.
750 426 805 482 Sed
815 427 927 498 quijure

127 496 182 556 boe
195 514 261 555 usus
275 514 328 557 nou
343 508 385 558 est
406 501 433 557 in
454 505 636 576 occasionem,
651 507 686 565 ad
709 510 861 583 exemplum
875 530 925 571 nos

128 600 214 645 suum
236 597 376 660 provocat,
401 590 503 649 docens
533 593 560 649 in
583 610 617 652 eo
640 612 700 653 esse
727 599 923 676 probationem,

128 673 158 732 in
171 690 227 748 quo
250 675 358 734 licentia
372 679 589 750 experimentum
604 683 775 745 abstinentia
792 700 926 764 praestru·

128 762 170 821 xit
182 765 218 820 ²³.

443 859 555 919 CAPUT
567 863 617 920 tx.

167 943 197 1000 Si
211 943 322 1016 penitus
345 961 443 1004 sensus
457 950 519 1022 ejus
541 950 758 1025 interpretemur,
786 971 839 1013 uon
853 957 926 1015 aliud

128 1031 274 1090 dicendum
298 1034 350 1090 erit
372 1039 523 1095 secundum
539 1041 749 1111 matrimonium,
765 1061 845 1117 quam
860 1063 925 1119 spe·

628 300 727 365 ttbutt
744 300 787 365 bb
806 303 1061 373 EXHORTATIONE
1080 312 1274 378 bisurttts.

1718 330 1773 397 stt

944 432 1070 528 flodus,
1093 437 1156 508 quia
1187 445 1262 495 caret
1286 440 1372 511 stupri
1399 441 1540 499 uiduitate.
1571 447 1603 503 Et
1628 465 1692 506 cum
1715 453 1774 513 baeo

983 518 1061 577 etium
1081 522 1116 580 de
1134 522 1227 596 primis
1241 533 1268 582 et
1289 527 1350 583 unis
1372 529 1472 600 nuptiis
1494 535 1626 604 praetendi
1646 541 1680 594 ad
1695 556 1774 599 caus

978 628 1036 670 sam
1065 613 1235 671 continentiae
1269 616 1382 686 possint,
1408 625 1508 690 quanto
1532 623 1620 695 magis
1655 631 1774 687 secundo

979 700 1147 757 matrimonio
1178 702 1329 758 recusando
1358 706 1574 776 praejudicabunt
1599 711 1647 766 ³⁹1
1672 715 1774 775 Gratus

979 798 1049 855 esto,
1074 789 1097 846 si
1123 788 1206 846 semel
1229 789 1279 845 tibi
1305 790 1416 849 indulsit
1440 795 1515 852 Deus
1538 797 1658 869 nubere;
1679 814 1773 877 gratus

978 878 1152 944 autumaris,
1175 877 1198 934 si
1217 877 1317 935 iterum
1337 881 1479 939 indulsisse
1497 884 1572 942 illurn
1593 887 1641 944 tibi
1655 893 1771 953 nescius.

979 964 1123 1036 Caeterum,
1139 967 1259 1023 abuteris
1277 967 1458 1042 indulgentia,
1473 989 1533 1030 oum
1555 974 1614 1033 sine
1641 980 1773 1037 modestia

980 1053 1074 1109 uteris.
1088 1053 1218 1111 Modestia
1235 1071 1251 1109 a
1265 1056 1346 1114 undo
1358 1057 1530 1132 intelligitur.
1541 1063 1598 1119 Non
1615 1065 1663 1122 tibi
1673 1066 1774 1126 snidcit

128 1119 187 1177 cies
201 1122 297 1195 stupri.
322 1123 390 1180 Cum
405 1127 476 1182 euim
501 1128 581 1199 dicat,
603 1131 712 1187 maritos
735 1133 787 1191 hoc
800 1135 828 1191 in
847 1135 925 1192 solli-
979 1141 1012 1198 de
1026 1158 1130 1200 summo
1143 1142 1190 1200 illo
1209 1144 1385 1202 immaculatae
1399 1149 1424 1187 44
1445 1148 1611 1223 uirginitatis
1631 1155 1718 1227 gradu
1746 1157 1773 1213 in

128 1207 251 1268 citudine
270 1209 381 1278 babere,
396 1217 627 1286 quemadmodum
649 1219 702 1275 sibi
716 1221 855 1293 placeant;
872 1240 925 1281 uon
979 1231 1128 1288 secundum
1143 1233 1272 1290 recidisse
1283 1233 1305 1274 44
1323 1237 1469 1307 nubendo,
1484 1240 1534 1295 sed
1553 1242 1580 1296 in
1596 1243 1705 1301 tertium
1718 1246 1772 1301 ad-

127 1295 224 1368 utique
237 1298 271 1354 de
285 1298 406 1356 moribus
428 1300 501 1372 (narn
523 1305 623 1359 bonam
645 1306 857 1367 sollicitudinem
871 1324 926 1368 nou
980 1320 1033 1377 buc
1054 1321 1216 1394 devolveris,
1237 1329 1264 1378 et
1282 1322 1310 1377 in
1328 1332 1462 1396 quartum,
1478 1336 1504 1383 et
1526 1328 1647 1386 fortassis
1662 1332 1690 1388 in
1706 1336 1773 1406 plu-

128 1384 301 1458 sugillaret);
318 1393 345 1442 et
362 1387 396 1444 de
412 1391 496 1458 cultu,
522 1403 549 1448 et
571 1400 678 1462 ornatu,
702 1405 730 1452 et
747 1399 819 1454 omni
834 1400 926 1458 studio
980 1423 1033 1475 res,
1059 1416 1203 1481 postquam
1225 1409 1254 1465 in
1277 1413 1396 1467 secunda
1415 1412 1532 1471 statione
1555 1419 1699 1476 continens
1719 1437 1773 1479 non

129 1473 238 1544 iormae,
253 1474 287 1530 ad
302 1474 443 1533 illecebras
464 1480 614 1536 movendas
630 1482 656 1522 ³⁰
669 1484 801 1541 sollicitos
814 1485 926 1560 intelligi
980 1495 1075 1553 fuisti:
1095 1498 1159 1568 quia
1182 1514 1233 1555 nec
1263 1500 1408 1571 probibere
1428 1503 1518 1573 plures
1541 1508 1649 1576 nuptias
1673 1510 1774 1578 voluit,

129 1561 214 1634 uelit3
239 1561 274 1619 de
301 1561 389 1619 forma
408 1573 496 1622 autem
521 1575 550 1623 et
582 1567 658 1627 cultu
681 1571 787 1642 placere
811 1575 927 1632 carnalis
942 1620 965 1699 Β
980 1583 1027 1657 qui
1046 1584 1080 1643 de
1102 1586 1227 1642 secundis
1249 1588 1430 1658 provocandis
1453 1596 1614 1652 retractavit.
1635 1596 1776 1655 Nubamus

130 1652 358 1726 concupiscentia
392 1653 530 1727 ingenium
567 1658 610 1724 sit,
638 1676 698 1731 quae
730 1663 809 1718 etiam
839 1665 926 1739 stupri
978 1672 1062 1746 igitur
1075 1673 1205 1745 quotidie,
1215 1684 1242 1730 ct
1264 1675 1437 1735 nubentesub
1447 1680 1541 1736 ultimo
1564 1682 1607 1738 die
1621 1685 1775 1755 depreben-

132 1754 218 1799 aaosa
243 1749 302 1797 est:
318 1741 415 1813 ecquid
443 1743 548 1801 videtur
572 1746 621 1803 tibi
651 1749 737 1821 stupri
763 1750 844 1808 affine
867 1769 926 1811 esse
979 1761 1074 1816 damur
1099 1767 1223 1834 tanquam
1249 1763 1367 1820 Sodoma
1384 1773 1411 1822 et
1428 1765 1605 1824 Gomorrha:
1631 1788 1683 1842 quo
1712 1773 1775 1843 die,

135 1826 286 1885 ”eundum
307 1830 518 1898 matrimonium,
542 1835 670 1907 quoniam
692 1852 724 1893 ⁰²
750 1838 778 1894 in
805 1838 851 1896 ὶΙΙθ
875 1841 925 1897 de·
985 1851 1026 1907 Vae
1041 1848 1107 1906 illud
1118 1865 1202 1922 super
1220 1859 1389 1923 praegnantes
1405 1851 1673 1932 [adimplentium]
1688 1861 1776 1930 idest,

133 1917 276 1988 prehendo
289 1933 347 1990 qum
360 1926 453 1991 stupro
477 1926 653 1995 competunt?
668 1927 728 1998 lpse
744 1927 875 1986 Dominus
884 1929 925 1988 ³¹:
979 1952 1064 2009 super
1086 1937 1195 1995 maritos
1217 1947 1245 1995 et
1265 1941 1463 1999 incontinentes
1486 1961 1494 1998 :
1518 1943 1553 2001 de
1586 1947 1687 2017 nuptiis
1705 1950 1777 2005 enim

134 2005 192 2074 Qui
203 2005 315 2074 uiderit,
330 2006 427 2081 inquit,
441 2012 594 2070 mulierem
606 2013 643 2070 od
661 2016 927 2089 concupiscendum,

129 2094 193 2165 iam
207 2097 418 2168 stupraritsum
433 2099 465 2153 ic
480 2099 625 2158 cordetuo
640 2101 750 2173 (Mutila.
762 2118 790 2172 v,
806 2105 861 2177 28).
874 2105 927 2176 Qui

129 2190 223 2243 autem
247 2197 305 2239 eam
333 2184 368 2240 od
391 2186 544 2243 ducendum
567 2189 674 2257 viderit,
701 2192 788 2248 minus
811 2209 845 2248 un
868 2196 929 2267 pius

130 2268 199 2328 iecit
212 2270 238 2311 ³²
253 2272 330 2344 (tur
352 2271 468 2346 Quid,si
483 2277 564 2332 etiam
578 2278 705 2336 duxerit?
728 2282 800 2352 quod
815 2297 870 2339 uon
885 2282 927 2339 ia·

130 2367 216 2431 aeret,
229 2359 282 2417 nisi
297 2369 325 2417 et
337 2363 370 2418 ad
391 2362 545 2421 ducendum
568 2371 751 2441 concupisset,
770 2383 798 2428 et
812 2373 846 2427 ad
860 2388 928 2430 cou-

130 2448 331 2521 cupiscendum
340 2450 461 2508 vidisset.
474 2454 534 2510 Nisi
548 2456 571 2510 si
582 2465 672 2528 potest
685 2457 746 2516 duci
758 2475 837 2529 uxor,
848 2478 928 2533 quatu

130 2551 188 2593 non
202 2536 304 2594 rideris
319 2554 370 2595 nec
384 2541 554 2612 concupieris
561 2543 597 2597 ³³.
609 2543 723 2601 ilultum
731 2560 797 2602 saue
807 2547 927 2616 interest,

131 2626 247 2683 maritus
272 2643 307 2683 au
329 2629 428 2685 caelebs
451 2629 530 2686 aliam
563 2635 734 2707 concupiscat
766 2636 800 2691 34.
833 2634 929 2692 Omnis

131 2714 231 2772 mulier
257 2716 339 2773 etiam
362 2717 449 2775 caelibi
476 2719 594 2776 aliaest
620 2722 656 2794 ³⁵,
680 2723 801 2796 quandiu
823 2724 926 2796 alicua,

131 2819 186 2861 nec
211 2821 261 2876 per
292 2805 365 2863 stud
389 2815 478 2864 umen
498 2806 651 2876 fitmarita,
677 2811 729 2866 nisi
748 2828 796 2883 per
822 2813 931 2884 quodct

132 2891 270 2951 adultera.
295 2893 381 2968 Leges
402 2895 527 2953 videntur
549 2897 711 2954 matrimonii
727 2907 754 2955 et
777 2900 863 2971 stupri
877 2900 930 2957 dii·

133 2979 278 3037 ierentiam
301 2980 389 3060 ¹iacere
413 2999 462 3052 per
490 2983 672 3043 diversitatem
694 2985 789 3053 illiciti,
811 3003 866 3043 nou
883 3003 933 3059 per

131 3065 222 3127 m
246 3068 429 3126 conditionem
452 3070 492 3128 rei
512 3071 606 3143 ipsius.
632 3073 759 3146 Alioquin
774 3091 834 3147 quae
848 3076 874 3115 ³⁶
889 3090 933 3132 res

132 3163 162 3214 et
173 3156 277 3214 viriset
291 3156 399 3214 leminis
412 3159 540 3217 omnibus
555 3162 629 3218 adest
643 3162 666 3201 ³³
681 3163 714 3216 ad
731 3164 929 3220 matrimonium

131 3250 160 3301 et
182 3247 325 3318 stuprum?
346 3248 499 3305 commistio
521 3249 610 3305 carnis
635 3251 745 3317 scilicet,
769 3252 845 3322 cujus
859 3267 929 3308 con·

133 3332 332 3407 cupiscentiam
354 3336 486 3393 Dominus
504 3338 530 3377 ³⁸
543 3347 637 3409 stupro
660 3337 821 3413 adaquavit.
846 3341 927 3413 Ergo,

132 3422 351 3496 inquisitum
364 3426 473 3498 primas,
490 3427 582 3497 idest,
598 3429 782 3500 unasnoptias
801 3430 928 3487 destruis.

131 3511 194 3569 ileo
215 3512 362 3582 immerito,
390 3514 517 3587 quoniam
539 3527 567 3572 et
589 3516 655 3587 ipsa
677 3531 711 3575 ex
733 3532 765 3574 eo
798 3527 931 3591 consum,

980 2027 1068 2096 uteri,
1091 2036 1119 2085 et
1143 2028 1235 2095 ubera,
1259 2035 1287 2084 et
1308 2028 1434 2086 inientes.
1456 2031 1490 2086 Et
1513 2033 1623 2104 quondo
1643 2033 1705 2092 finis
1728 2053 1779 2093 uu·

979 2113 1085 2171 bendii
1098 2116 1184 2173 Credo
1193 2123 1256 2188 post
1275 2115 1478 2175 meretricandi
1494 2120 1561 2192 (ts).

1284 2266 1398 2324 curbi
1417 2268 1455 2323 X.

1017 2361 1212 2418 Renuntiemus
1232 2364 1396 2430 carnalibus,
1424 2372 1453 2419 ut
1476 2363 1623 2439 aliquando
1644 2366 1776 2442 spiritalia

981 2454 1158 2505 retractemus
1171 2450 1206 2507 43.
1222 2451 1297 2523 Rape
1320 2452 1500 2522 occasionem,
1520 2455 1571 2512 etsi
1585 2470 1641 2513 non
1661 2468 1776 2530 exopta-

984 2536 1124 2605 tissimam,
1155 2544 1271 2595 attamen
1300 2551 1489 2611 opportunam,
1521 2558 1576 2599 non
1603 2544 1702 2601 babere
1736 2546 1782 2603 cui

982 2623 1103 2682 debitum
1127 2625 1255 2692 solveras,
1276 2635 1337 2681 eta
1359 2643 1415 2698 quo
1444 2629 1647 2684 exsolvereris:
1677 2630 1781 2689 desiisti

983 2726 1044 2768 esse
1067 2712 1184 2768 debitor.
1201 2713 1224 2769 0
1244 2723 1269 2768 to
1293 2713 1420 2770 felicem!
1451 2714 1576 2770 dimisisti
1599 2716 1749 2775 debitorem
1769 2737 1776 2785 ;

985 2801 1089 2859 sustine
1105 2803 1235 2858 damnum
1263 2803 1298 2860 44.
1321 2801 1394 2872 Quid
1415 2803 1449 2872 si,
1473 2805 1544 2876 quod
1559 2804 1676 2860 diximus
1699 2807 1781 2862 dam-

983 2906 1058 2960 num,
1084 2891 1190 2947 lucrum
1204 2889 1328 2947 sentias?
1347 2891 1400 2948 Per
1417 2892 1610 2949 continentiam
1633 2894 1706 2950 enim
1730 2912 1782 2952 ne-

986 2978 1132 3051 gotiaberis
1152 2994 1278 3051 magnam
1298 2979 1476 3035 substantiam
1498 2982 1665 3055 sanctitatis3
1689 2987 1780 3056 parci·

986 3069 1079 3127 monia
1101 3068 1189 3126 carnis
1216 3067 1251 3134 45,
1277 3067 1401 3140 spiritum
1427 3069 1564 3150 adquires.
1590 3072 1781 3146 Recogitemus

984 3160 1057 3216 enim
1075 3158 1164 3229 ipsam
1186 3155 1377 3214 conscientiam
1401 3166 1529 3226 nostram,
1555 3176 1635 3231 quam
1654 3161 1736 3218 aliurn
1752 3180 1783 3221 se

984 3249 1066 3304 bomo
1088 3245 1188 3303 sentiat
1203 3263 1210 3301 ι
1230 3260 1292 3301 curn
1306 3243 1375 3300 torte
1388 3261 1404 3300 a
1419 3261 1468 3300 sua
1482 3245 1581 3302 femina
1605 3257 1703 3316 cessat,
1724 3252 1781 3322 spi-

985 3335 1098 3392 ritaliter
1116 3334 1196 3407 sapit.
1221 3332 1252 3389 Si
1270 3330 1360 3391 920
1379 3334 1529 3390 orationem
1551 3336 1611 3392 tacit
1629 3337 1664 3392 ad
1682 3340 1783 3395 Domi-

984 3441 1061 3493 num,
1078 3439 1164 3496 prope
1182 3431 1224 3479 est
1243 3421 1324 3480 coelo.
1340 3422 1368 3479 Si
1384 3423 1526 3496 scripturis
1549 3424 1692 3497 incumbit,
1713 3435 1785 3485 totus

983 3514 1041 3572 illic
1056 3520 1106 3570 cst.
1127 3512 1155 3569 Si
1176 3511 1310 3583 psalmum
1328 3511 1411 3579 canit,
1436 3512 1522 3582 placet
1545 3512 1607 3568 sibi.
1631 3514 1660 3570 Si
1675 3516 1781 3574 daemo-

133 3616 192 3675 quo
204 3608 233 3660 et
256 3609 390 3674 stuprum.
410 3604 473 3661 ldeo
492 3605 626 3676 optimum
653 3615 695 3663 est
708 3606 810 3664 bomini
832 3608 930 3664 mulie·
984 3619 1048 3661 aem
1062 3601 1179 3672 adjurat,
1205 3598 1317 3656 confidit
1340 3599 1402 3654 sibi.
1417 3598 1482 3656 Ideo
1509 3601 1653 3672 Apostolus
1673 3611 1783 3677 tempo-

135 3705 197 3749 rem
211 3693 422 3765 nonattinqcre,
448 3702 475 3750 et
497 3693 557 3752 ideo
570 3694 684 3768 virginis
698 3696 853 3769 principalis
867 3713 931 3754 san-
985 3695 1068 3751 talem
1107 3688 1325 3765 purificationem
1362 3687 1515 3746 orationum
1550 3692 1783 3750 commendanda-

803 3823 899 3904 Variae
920 3842 1078 3905 lectiones.

143 3968 146 3972 ·
172 3937 201 3979 ²³
219 3937 418 3996 Abstinentiam
442 3939 595 4010 praestruxit
617 3942 686 4000 luc.
710 3944 895 4014 praestruxerit
913 3944 974 4002 cod.
1003 3945 1107 4002 Wouw.
1129 3938 1316 4020 ³⁰biolieudas
1340 3939 1427 3996 Seml.
1447 3940 1489 4021 etl.
1519 3942 1614 4000 Vener.
1630 3942 1653 3982 ³¹
1675 3944 1783 4026 Interim

133 4010 272 4068 Dominus
283 4010 341 4080 ipse
355 4011 444 4067 libert.
461 4013 548 4068 Fron.
567 4014 636 4069 Por.
660 4016 741 4070 Pom.
767 4014 792 4052 ³²
805 4014 894 4070 blinus
908 4014 1052 4088 perfecerit
1067 4016 1154 4069 Fran.
1169 4013 1235 4068 Pur.
1251 4026 1342 4065 miuus
1358 4027 1405 4091 par
1420 4008 1484 4066 iectt
1500 4011 1590 4070 libert.
1619 4014 1644 4053 ³³
1656 4015 1712 4072 Etst
1728 4033 1784 4098 uon

133 4080 246 4150 rideris,
263 4081 432 4151 concupieris
446 4081 551 4148 saltam,
564 4099 624 4138 curu
641 4085 727 4155 ipsam
744 4084 841 4140 ducere
855 4083 973 4156 ooeperis
992 4084 1080 4141 Rbcu.
1096 4087 1164 4139 Por.
1180 4084 1208 4138 et
1222 4082 1261 4161 al.
1282 4081 1307 4118 ³⁴
1321 4082 1432 4161 iltutus
1447 4083 1482 4138 ab
1496 4085 1553 4138 2⁸¹0
1573 4099 1628 4139 ⁰0¹1
1652 4100 1784 4157 0⁰³⁰flpl·

133 4167 216 4210 scens
235 4154 320 4209 Fron.
345 4154 438 4210 Poris.
463 4151 575 4208 multum
591 4169 656 4211 sane
673 4158 751 4210 abest
766 4156 876 4210 maritus
899 4158 932 4210 ab
953 4153 1012 4210 zelo
1036 4155 1117 4209 Pom.
1143 4151 1409 4205 ³⁵M11110t20¹¹V1l³
1431 4160 1472 4206 ³³¹
1494 4155 1574 4208 Pam·
1600 4156 1668 4210 Par·
1696 4159 1782 4236 Fsfm·

127 4221 159 4262 ³⁷
175 4221 244 4292 Quae
257 4223 335 4282 obest
354 4240 372 4280 o
393 4226 477 4280 Pom.
501 4224 588 4282 Rbeu.
606 4225 691 4283 Seml.
708 4226 731 4265 ³³
747 4226 850 4282 Eadem
866 4227 992 4296 imponit,
1018 4222 1144 4279 estasim
1169 4231 1196 4275 et
1217 4230 1294 4275 matr.
1321 4223 1408 4277 Fron.
1431 4224 1500 4278 Por.
1527 4225 1607 4278 Pom.
1633 4224 1659 4262 ³³
1676 4224 1785 4306 Scilicet

134 4294 296 4350 certandum
321 4296 400 4351 ca'us
424 4296 641 4367 coucupiscentia
664 4311 715 4352 nos
737 4299 820 4354 Poto.
846 4297 872 4335 ³⁹
894 4293 1117 4352 Praet’idebuntur
1140 4291 1229 4347 libert.
1249 4294 1330 4347 Pom.
1356 4292 1382 4329 ⁴⁰
1405 4291 1524 4346 iunxere
1552 4292 1644 4350 libert.
1672 4310 1784 4378 sincerae

134 4364 306 4436 conjiciebat
327 4313 369 4422 iti-J
393 4366 516 4422 inutorae
541 4369 622 4422 Pom.
647 4370 712 4424 Por.
740 4367 762 4406 44
786 4366 938 4439 [reliquisse
963 4364 1051 4424 44444·
1077 4367 1155 4421 Pam·
1183 4363 1237 4419 ⁸⁰⁶
1257 4360 1331 4418 ⁰⁶7⁶·
1350 4361 1457 4442 ,44444444
1485 4363 1518 4443 ‚Bi
1538 4401 1544 4415 ·
1568 4363 1593 4402 ⁴³
1627 4365 1780 4426 Frumffioe'

135 4450 199 4492 mus
213 4437 276 4508 Rip.
289 4437 315 4475 44
329 4435 421 4494 Simile
435 4438 562 4494 damnum
578 4437 666 4494 libert.
682 4442 764 4495 Pom.
783 4439 808 4477 ⁴⁵
822 4438 919 4495 Carnis
933 4437 1076 4494 servientis
1094 4438 1182 4494 Fron.
1199 4435 1267 4490 Por.
1284 4447 1357 4490 carm
1371 4441 1493 4489 saevtetttt
1524 4446 1573 4487 uti·

837 4551 1084 4617 Commentarius.

137 4670 209 4711 rum.
235 4656 267 4712 In
281 4670 313 4712 eo
334 4664 423 4713 antem
440 4673 534 4715 errore
555 4658 797 4731 deprehenduntur
810 4660 934 4742 Sporates
949 4675 974 4756 ὓ
988 4674 1013 4716 c.
1030 4658 1064 4715 de
1079 4658 1164 4784 eg‘isc.
1181 4666 1206 4714 et
1221 4658 1286 4714 cler.
1304 4659 1344 4713 bn
1355 4658 1405 4740 Pu..
1641 4729 1647 4740 ι
1720 4731 1725 4742 .

137 4732 167 4781 et
178 4727 344 4784 &comanus
366 4729 411 4800 qui
425 4730 566 4787 Nicaenum
580 4733 717 4789 conclium
729 4732 804 4786 aiunt
818 4731 932 4787 liberum
1022 4728 1080 4802 (tt)
1120 4745 1187 4811 tuus
1207 4746 1245 4785 un
1257 4731 1323 4810 plus
1346 4732 1435 4793 secat?
1449 4729 1477 4784 in
1502 4729 1648 4800 exemplari
1670 4731 1782 4803 legitur,

138 4796 191 4852 reli
210 4797 282 4854 uisse
308 4800 414 4856 clericis
435 4802 602 4872 conjugium,
627 4802 699 4875 quod
727 4819 808 4875 quam
834 4803 932 4858 falsum
986 4805 1082 4859 miuus
1096 4800 1220 4872 ompltus
1242 4803 1323 4881 secat,
1345 4799 1424 4855 Forte
1441 4804 1529 4882 autem
1551 4801 1650 4858 rocula
1668 4817 1706 4857 on
1720 4817 1784 4883 cum

137 4814 269 4924 sitdocet
289 4884 375 4925 canon
399 4873 505 4939 tertius,
547 4871 704 4945 ἀπηγόρευσα
734 4877 830 4928 tauto
852 4874 868 4943 ἡ
889 4894 933 4947 pi·
985 4873 1107 4945 sequenti
1127 4873 1228 4928 coaluit
1250 4869 1381 4926 affinitate
1399 4874 1636 4939 annumerasset
1656 4874 1781 4946 emptast

156 4938 204 4994 ἀλη
226 4932 326 5000 Moe
346 4940 407 5013 pr're
434 4941 568 5016 ἔπισκόπῳ,
591 4945 651 5017 μήτε
677 4947 839 5018 π·ισ6υτιρῳ,
869 4946 931 5017 μήτε
985 4945 1064 5016 fecit.
1409 5013 1414 5026 .
1492 5013 1497 5025 .
1538 5015 1543 5026 ,
1714 5015 1720 5027 ·

137 4957 256 5085 Ξιακόνφε
269 5010 332 5150 grisa
350 5013 410 5073 ὅλως
426 5015 472 5068 τινὶ
486 5021 533 5067 τῶν
549 5012 576 5067 ἔκ
587 5015 669 5138 κλήὲῳ
683 4964 768 5077 tiabat
779 5017 931 5070 συνιίοακτον
1025 5014 1084 5087 (18)
1107 5013 1192 5072 Credo
1205 5016 1271 5086 post
1284 5013 1370 5082 finem
1385 5012 1561 5072 cremasse
1574 5015 1781 5088 legebatfltem,

138 5082 298 5150 arto-rut
321 5081 342 5136 el
361 5083 395 5157 μὴ
414 5085 462 5156 ἄρα
483 5085 607 5156 patipati.
644 5081 743 5157 istest,
764 5088 781 5144 t
800 5088 872 5155 cata,
890 5088 937 5145 dd
991 5103 1099 5156 uymus,
1119 5088 1206 5158 spat.
1228 5083 1264 5139 ud
1292 5085 1465 5154 Cerealium,
1490 5099 1543 5140 nou
1568 5096 1597 5141 ut
1616 5086 1644 5143 in
1667 5088 1783 5163 vulgatis

167 5154 174 5170 '
214 5163 333 5225 πρόσωπα
342 5158 423 5210 πᾶσαν
436 5156 542 5225 ὑποψίαν
552 5153 720 5229 διαπέφευγεν.
738 5158 858 5216 Omnino
869 5174 935 5231 pro·
991 5157 1169 5214 editionibus:
1197 5176 1209 5206 ‹
1234 5156 1298 5237 Post
1321 5155 1401 5235 tinem
1424 5156 1548 5235 subaudi.
1574 5158 1781 5241 Adhinuiarnus,

140 5171 243 5293 mit,
256 5242 365 5298 mopso
378 5226 510 5300 modus,
528 5245 564 5287 uc
579 5230 733 5312 episcopos,
754 5244 843 5302 raeque
855 5244 937 5302 pres·
991 5227 1087 5300 inquit,
1101 5229 1134 5283 ud
1144 5242 1248 5290 omues,
1266 5228 1392 5293 luminas,
1404 5236 1431 5281 et
1444 5241 1471 5280 ru
1481 5229 1636 5297 exemplum
1646 5230 1783 5285 Sodomam

180 5297 233 5362 ter,
244 5312 335 5371 usque
355 5299 502 5365 diaconus,
518 5314 605 5373 neque
618 5298 672 5355 ultr
690 5300 797 5356 ordinis
810 5301 940 5358 ecclesio·
992 5309 1020 5355 et
1041 5299 1214 5367 Gomorrlte,
1229 5298 1262 5352 ab
1281 5297 1375 5353 ultimo
1397 5298 1440 5353 dic
1454 5298 1691 5384 deprehendamur
1714 5316 1782 5355 ven·

139 5365 209 5424 sici
225 5372 398 5427 ectromate
421 5369 530 5435 taluc,
550 5374 778 5443 praetermotrcm
793 5373 845 5427 out
862 5386 940 5428 soro·
993 5371 1088 5429 dentes
1100 5379 1126 5426 et
1145 5377 1277 5433 ementes,
1292 5375 1319 5423 ct
1331 5368 1463 5451 nubentes
1481 5379 1508 5425 ct
1523 5377 1618 5451 nuptui
1636 5372 1781 5451 tradentes,

140 5453 207 5497 rem
223 5443 276 5497 out
289 5441 422 5509 omium,
437 5444 490 5497 cut
504 5458 550 5499 ecs
565 5444 680 5498 tontum
712 5455 827 5499 crucum
845 5457 942 5514 poteo
993 5452 1023 5498 ut
1048 5450 1111 5500 tunc
1132 5442 1167 5500 sit
1187 5439 1249 5498 tinis
1271 5440 1385 5512 cuiauis,
1406 5440 1512 5513 quaudo
1536 5447 1782 5525 terminantium.»

140 5510 304 5584 suspicione
324 5514 509 5572 omniserunt
529 5512 679 5572 immunes.
692 5459 867 5595 {dembsbes
879 5526 941 5569 cun.
992 5512 1058 5570 ltro.

141 5580 171 5650 ³,
186 5595 268 5661 conc.
281 5582 409 5660 Cartbaq.
423 5590 452 5643 et
463 5599 497 5643 ex
508 5585 570 5659 jura
588 5583 659 5643 cirili
671 5583 689 5640 l.
705 5599 801 5642 sacris.
819 5598 881 5641 csu.
894 5584 941 5654 bb,
