3840 6134
211 309 265 375 555
551 304 771 367 sententiani
789 301 924 365 otendit
943 298 1025 361 PARS
1043 297 1078 358 li.
1098 324 1133 340 -
1151 293 1267 355 stillis
1285 295 1305 365 l,
1329 296 1504 359 Potentes.
1798 300 1854 362 titt

211 433 358 508 Apostolus
379 430 414 488 de
435 429 599 490 diversitatis
622 430 795 486 denotatione
828 434 854 483 et
882 427 1004 494 increpa·
1020 437 1044 517 Α
1059 436 1095 479 ee
1109 421 1185 492 depe,
1201 421 1248 478 sed
1265 438 1328 494 quae
1340 437 1393 495 per
1411 425 1515 497 ipsum,
1530 423 1630 484 sedicet
1643 425 1790 497 Christian,
1813 445 1854 487 ee

211 524 286 581 tione
301 523 436 579 mouisset.
460 522 498 577 ita
526 536 585 578 cunr
600 518 744 576 diversitas
771 534 806 575 na
826 523 931 573 taxatur
945 513 1006 586 qui·
1062 512 1124 567 Deo.
1149 509 1234 582 Ergo,
1264 510 1362 582 inquis,
1392 513 1440 568 bac
1469 513 1641 571 distinctione
1663 515 1717 572 Lex
1741 533 1795 575 non
1818 535 1854 575 ea

210 627 284 684 oem,
312 611 416 669 novitus
441 626 496 667 non
520 610 658 682 probatur.
686 609 768 664 Plane
796 606 831 662 dc
857 602 1006 660 substantia
1061 598 1117 655 Deo
1141 607 1198 656 erat
1226 599 1334 657 Christi.
1363 601 1501 658 Subtiliter
1528 603 1601 660 satis.
1632 605 1732 676 Accipe
1760 605 1854 679 itaque

211 701 311 760 Christi
323 710 417 774 putant
431 708 459 757 et
473 700 517 755 tric
540 698 702 755 Marcionita
720 694 864 770 suffragari
885 696 1004 765 dposto·
1059 688 1190 744 subtilius.
1215 689 1282 745 Cum
1305 689 1377 745 enim
1405 691 1471 746 dicit
1500 708 1506 745 τ
1537 693 1597 750 Non
1630 710 1693 767 qne
1713 710 1750 752 ee
1780 698 1851 768 lene,

209 791 339 861 iumsibi,
364 791 438 863 qnod
453 791 610 860 phantasma
626 787 716 843 carnis
739 783 820 842 inerit
841 785 869 839 in
884 781 1004 847 Christo,
1058 779 1106 833 sed
1128 796 1189 851 qne
1202 796 1253 851 per
1273 783 1387 852 ipsam,
1408 795 1461 836 uon
1477 780 1599 848 dixisset,
1622 797 1674 854 per
1687 786 1793 856 ipsam,
1813 784 1852 840 de

209 894 269 937 cum
289 879 364 950 dicit,
378 878 450 952 quod
464 878 600 949 inesfipie
615 877 664 934 ilci
678 876 862 937 constitutos,
880 887 939 929 nort
955 886 1004 926 ro·
1058 865 1120 931 aiio,
1136 882 1218 937 quarn
1231 868 1312 938 cuius
1326 867 1376 925 fuit
1388 868 1441 925 lex.
1457 870 1565 935 Noster,
1582 869 1680 942 inquit,
1690 874 1854 946 municipia.

208 972 311 1044 pinam
320 966 613 1039 existimauitporiori
619 967 673 1022 ileo
685 965 753 1036 (65),
765 962 812 1021 sed
822 962 956 1020 exhausit
964 974 1005 1016 se·
1058 959 1106 1012 los
1119 956 1151 1012 in
1166 956 1252 1015 coelis.
1268 958 1394 1029 Agnosco
1408 967 1525 1014 veterem
1538 958 1572 1013 ad
1585 958 1721 1015 Abrabam
1736 962 1854 1033 pronus·

209 1060 374 1130 metipsum,
386 1061 499 1129 occepta
510 1056 603 1128 effipia
612 1056 694 1120 servi,
708 1068 762 1108 non
771 1051 913 1117 varietate3
930 1054 958 1106 el
972 1050 1004 1104 in
1055 1043 1159 1100 aionem
1174 1045 1311 1102 Crantoris
1325 1046 1406 1117 (Cen.
1423 1062 1494 1114 narr,
1510 1047 1553 1118 ill
1569 1050 1623 1104 :at
1636 1050 1743 1120 sociam
1752 1066 1853 1108 semen

209 1147 401 1204 similitudine
415 1145 546 1213 manino,
563 1160 616 1201 non
628 1142 656 1198 in
670 1142 795 1208 homine;
808 1144 836 1197 el
849 1139 942 1211 fiqure
953 1138 1002 1192 in·
1058 1138 1141 1190 taam
1151 1135 1394 1206 lonquomstellos
1404 1136 1436 1191 in
1447 1136 1523 1193 caelo.
1534 1134 1598 1192 ideo
1608 1145 1633 1191 et
1643 1138 1729 1195 stello
1739 1156 1758 1195 a
1767 1142 1855 1198 stelle

208 1240 309 1294 uentos
330 1237 421 1304 mmo,
450 1251 504 1289 non
529 1232 688 1298 substantia,
710 1230 738 1285 id
761 1239 872 1287 estnon
895 1240 1001 1284 carne:
1055 1222 1199 1295 dissertio
1212 1223 1312 1295 plotio.
1326 1224 1436 1293 Quodsi
1449 1225 1784 1283 Christnsoducnlensde
1800 1245 1854 1285 coe-

207 1325 286 1397 quasi
312 1339 366 1380 non
380 1333 408 1380 ct
421 1322 515 1395 ligura,
541 1332 568 1377 et
593 1319 752 1385 similitudo,
767 1328 794 1374 et
813 1316 918 1390 efligies
933 1316 1002 1371 sub·
1056 1312 1091 1370 lis
1106 1315 1319 1384 tronsfipnrobt't
1331 1313 1416 1371 im
1432 1331 1533 1387 corpus
1544 1314 1719 1373 hamilitatis
1731 1322 1851 1385 nostrae,

207 1414 310 1470 stende
336 1427 442 1485 quoque
456 1412 591 1467 accedant.
614 1410 687 1464 liene
701 1417 793 1463 autern
807 1408 880 1477 quod
896 1415 923 1460 ct
937 1401 1002 1459 alibi
1055 1405 1230 1473 conformale
1239 1404 1453 1475 corporiqlorioe
1462 1422 1535 1471 snae,·
1546 1414 1852 1478 resurgoterqocorpus

207 1501 341 1559 Christum
358 1500 504 1572 imaginem
516 1498 566 1554 Dei
577 1497 719 1552 invisibilis
732 1493 856 1567 appellat.
866 1491 1001 1564 Numquid
1055 1490 1106 1546 hoc
1119 1501 1242 1547 nostrum
1255 1495 1328 1566 quod
1344 1493 1498 1548 humiliatur
1509 1492 1536 1547 in
1554 1493 1725 1561 passionibus
1739 1502 1766 1550 et
1779 1494 1808 1550 in
1824 1497 1852 1535 ⁵²

206 1604 273 1663 erqo
301 1597 327 1645 et
353 1589 473 1660 hicque
503 1588 526 1626 ⁵⁵
551 1586 579 1640 in
606 1584 698 1657 effigie
717 1599 778 1639 eum
794 1583 843 1637 Dei
865 1580 1001 1637 collocati
1054 1576 1114 1650 ipsa
1132 1579 1193 1653 leqc
1207 1581 1301 1637 mortis
1313 1581 1341 1636 in
1354 1586 1453 1637 terram
1467 1580 1609 1651 dejectum.
1620 1581 1763 1652 Quomodo
1775 1583 1850 1640 enim

205 1679 361 1749 AEquenon
382 1677 432 1733 erit
455 1677 529 1731 Deus
558 1674 679 1730 Christus
701 1688 774 1735 vero,
795 1673 817 1726 si
847 1683 898 1723 nec
917 1670 999 1724 homo
1055 1667 1257 1741 transfigurabit
1271 1668 1460 1736 ⁵³,sinullum
1475 1668 1554 1723 erili
1573 1670 1627 1724 dut
1648 1669 1671 1724 si
1695 1670 1728 1726 de
1748 1670 1789 1724 eis
1808 1673 1850 1727 di·

205 1782 269 1823 vere
284 1766 335 1821 tuit
354 1766 382 1819 in
398 1762 490 1834 effigie
518 1761 634 1817 bominis
659 1760 829 1815 constitutus.
853 1757 999 1828 Utrobique
1015 1735 1133 1823 Reum,
1150 1756 1239 1829 quiin
1256 1758 1373 1814 adventu
1391 1757 1443 1814 Dei
1465 1756 1627 1827 deprehensi
1646 1758 1674 1814 in
1697 1773 1779 1817 carne
1792 1761 1848 1816 de-

204 1853 275 1909 enim
303 1852 402 1907 veritas
425 1863 534 1904 neccsse
552 1848 659 1903 babebit
686 1847 775 1910 eludi,
801 1847 824 1901 si
842 1846 948 1918 efligies
971 1854 998 1900 et
1052 1849 1139 1919 putari
1153 1848 1178 1886 ⁵⁴
1192 1849 1329 1904 habebunt
1341 1849 1408 1920 (66),
1423 1848 1487 1920 quid
1501 1848 1598 1905 facient
1622 1848 1667 1920 qui
1693 1849 1771 1920 primi
1800 1865 1847 1907 re·

203 1940 351 1998 similitudo
375 1945 401 1994 et
428 1938 516 2012 inpura
542 1938 567 1975 ‘¹⁸
601 1936 779 2008 phantasmati
805 1935 995 1993 vindicabitur.
1050 1946 1160 2006 surgent
1174 1938 1254 2009 (67)?
1268 1938 1332 1996 Non
1345 1936 1524 1993 habebuntde
1538 1951 1591 2009 quo
1602 1935 1848 2011 transfigurentur?

201 2027 280 2097 Quod
305 2030 329 2084 si
359 2027 385 2080 in
408 2025 498 2098 eiligie
521 2033 549 2082 et
576 2025 702 2098 imagine,
723 2041 779 2097 qua
804 2022 888 2080 Filius
908 2024 996 2078 Patris
1050 2025 1160 2098 Atquin,
1182 2043 1247 2083 cum
1270 2026 1338 2096 illis,
1354 2026 1429 2096 dicit,
1447 2028 1533 2085 sintrd
1548 2029 1695 2099 rapiemur
1707 2027 1741 2082 in
1754 2027 1846 2084 nabi·

200 2132 265 2175 vere
280 2115 327 2172 Dei
342 2115 503 2187 predicatus
516 2124 558 2170 cst
583 2115 618 2179 ἦ9,
643 2114 724 2169 eiiam
742 2114 769 2169 in
784 2111 876 2184 effigie
889 2118 917 2167 ei
930 2112 997 2167 ima·
1048 2115 1097 2172 las
1121 2115 1229 2172 obvium
1255 2116 1382 2176 Domino.
1406 2115 1436 2171 Si
1462 2115 1595 2174 cumillis
1617 2115 1725 2181 sublati,
1749 2115 1845 2189 utique

200 2205 264 2281 gine
289 2204 415 2275 hominis,
440 2221 494 2277 qua
521 2202 592 2259 iilius
618 2203 747 2272 hominis,
775 2217 839 2258 vere
858 2203 995 2256 hominem
1047 2202 1175 2261 cumillis
1189 2211 1216 2260 et
1230 2203 1422 2278 transfigurati.

198 2296 349 2362 inventurn,
364 2309 424 2349 nam
452 2302 478 2350 et
502 2296 651 2352 inventurn
672 2293 775 2347 ratione
789 2290 887 2363 posuit,
913 2290 940 2346 id
954 2299 995 2346 cst

199 2381 287 2442 528
301 2382 448 2440 certissime
470 2380 606 2438 hominem
623 2399 630 2434 ι
646 2381 719 2452 quod
745 2380 819 2435 enim
847 2380 991 2448 invenitur,
1336 2347 1448 2403 CAPUT
1466 2347 1545 2403 XXI·

197 2480 303 2530 constat
317 2486 387 2528 esse.
404 2472 448 2528 Sic
463 2480 490 2527 et
509 2472 584 2526 Deus
597 2469 722 2524 inventus
740 2476 781 2524 est
795 2484 843 2540 per
855 2470 990 2537 virtutem,
1080 2470 1134 2543 (ln.
1154 2471 1240 2545 tipisl.
1255 2472 1292 2529 od
1312 2472 1455 2544 Philam).
1471 2471 1526 2527 Soti
1550 2472 1611 2529 truie
1624 2472 1752 2544 Epistola
1766 2474 1838 2532 bre-

197 2559 268 2617 sicut
290 2561 372 2618 horno
387 2574 572 2633 percamem;
602 2556 665 2630 qnia
691 2573 740 2614 nec
759 2555 990 2613 mortisubditum
1044 2560 1114 2616 vitas
1142 2576 1191 2616 sua
1224 2559 1334 2632 proluit,
1368 2567 1396 2617 ut
1427 2561 1547 2617 falsarias
1569 2576 1665 2618 manua
1692 2562 1841 2620 Marcionis

195 2649 413 2722 pronuntiasset,
430 2663 484 2704 non
507 2648 535 2702 in
557 2647 707 2703 substantia
727 2646 833 2703 mortali
858 2643 989 2701 constitu·
1043 2651 1180 2707 evaderet.
1203 2649 1286 2706 diiror
1307 2653 1407 2720 nmen,
1436 2665 1498 2707 curn
1524 2650 1559 2706 ad
1589 2667 1672 2706 unum
1697 2651 1840 2710 hominem

195 2745 263 2795 tum.
291 2738 354 2795 Plus
376 2745 418 2795 est
440 2745 529 2794 antem
553 2736 627 2808 quod
650 2735 749 2806 adjecit
776 2752 783 2791 a
810 2737 846 2792 nt
868 2739 990 2793 mortem
1042 2738 1145 2796 liberas
1163 2737 1248 2795 laona
1261 2737 1402 2812 receperit,
1418 2737 1482 2809 quid
1497 2739 1531 2794 ad
1550 2738 1742 2795 Thimotbeum
1755 2740 1837 2809 duas,

194 2832 298 2888 crucia
323 2832 384 2886 Non
407 2829 480 2885 enim
502 2837 650 2900 exaggerat
664 2827 688 2866 ⁵⁰
710 2827 886 2891 atrocitatem,
902 2827 988 2882 extol·
1041 2835 1070 2883 et
1082 2823 1162 2882 unani
1181 2828 1216 2883 ad
1230 2825 1330 2894 Titum,
1354 2826 1388 2883 de
1411 2826 1590 2885 ecclesiastico
1608 2835 1679 2885 statu
1700 2828 1839 2901 composi·

195 2917 275 2975 lando
299 2919 424 2975 virtutem
444 2915 623 2988 subjectionis
638 2917 673 2982 ⁵¹,
695 2931 774 2988 quarn
797 2914 988 2986 imaginariam
1044 2922 1085 2972 tas
1103 2915 1275 2974 recusaverit.
1292 2915 1453 2983 Adfectavit,
1468 2916 1575 2988 opinor,
1590 2917 1669 2973 etiam
1694 2933 1837 2974 numerum

195 3006 381 3078 phantasmate
407 3006 511 3076 scisset,
540 3004 670 3062 frustrato
694 3005 786 3078 potius
810 3019 880 3069 eam,
907 3020 988 3076 quarn
1005 3004 1218 3099 tilpistolarnm
1241 3004 1413 3077 interpolare.
1438 3006 1583 3076 Memento,
1600 3006 1747 3079 inspector,
1762 3006 1839 3080 quod

193 3104 326 3165 experto;
353 3110 402 3151 nec
416 3094 513 3151 virtuto
537 3093 629 3151 iuncto
644 3093 671 3148 in
692 3092 825 3164 passione,
841 3093 888 3149 sed
915 3093 985 3152 lusu.
1040 3109 1072 3150 ea
1084 3109 1145 3167 quae
1169 3101 1327 3166 pertractata
1340 3101 1411 3162 sunt,
1437 3102 1508 3151 retro
1523 3095 1557 3150 de
1579 3095 1711 3167 Apostoto
1726 3110 1839 3168 quoqne

196 3183 264 3255 (jere
276 3189 374 3242 nomm
390 3189 464 3243 retro
481 3184 554 3241 locri
566 3183 699 3250 duxerat,
715 3199 776 3254 quae
798 3193 824 3239 ct
838 3198 920 3253 supra
935 3200 987 3239 nn·
1041 3182 1242 3254 probaverimus
1265 3182 1324 3254 (dt)
1340 3195 1346 3236 :
1364 3192 1390 3239 et
1409 3182 1432 3238 si
1460 3198 1513 3256 qua
1534 3183 1563 3239 in
1589 3183 1725 3254 hocopus
1752 3181 1838 3238 dilata

193 3281 288 3343 ruerat,
312 3275 428 3346 gloriam
450 3273 548 3344 carnis,
574 3281 664 3330 nomm
691 3271 912 3342 circmcisionis,
937 3288 986 3344 ge·
1040 3278 1127 3338 erant,
1155 3271 1386 3343 expunxerimns3
1415 3286 1448 3327 ne
1486 3280 1533 3328 ant
1570 3271 1614 3328 bic
1640 3286 1839 3343 supervacuam

190 3362 265 3418 neris
292 3362 448 3419 hebraica
476 3363 586 3418 hebreo
615 3376 737 3426 censum,
769 3360 873 3417 titulum
900 3360 986 3417 tribus
1040 3358 1174 3415 existimes
1202 3359 1380 3425 iterationem,
1414 3376 1467 3431 qna
1498 3359 1717 3416 confirmavimus
1755 3374 1836 3431 spem

190 3448 344 3521 Beniamin,
360 3450 500 3522 phariseae
514 3448 894 3521 candidaedignitatem;lnec
903 3451 986 3505 modo
1039 3448 1191 3520 pristinam,
1214 3457 1259 3504 aut
1285 3449 1338 3504 illic
1366 3458 1514 3522 suspectam
1541 3450 1643 3505 habeas
1666 3449 1835 3519 dilationem,

189 3536 351 3597 detrimento
379 3539 430 3596 sibi
454 3539 574 3609 deputat,
599 3553 653 3595 non
669 3539 764 3604 Deum,
780 3539 826 3592 sed
846 3547 985 3609 stuporem
1039 3551 1091 3607 qna
1114 3538 1233 3592 eruimus
1258 3547 1379 3608 tempora
1393 3537 1454 3593 ista.
1478 3538 1506 3594 Si
1535 3538 1560 3576 ⁵⁵
1574 3545 1658 3594 totum
1672 3537 1837 3608 opusculum

189 3625 357 3683 Jndaeorum.
381 3629 443 3684 ilaeo
466 3643 498 3683 uc
525 3629 551 3683 si
581 3629 706 3684 stercora
734 3626 899 3692 existimet,
921 3642 985 3698 pree
1037 3622 1199 3696 inspexeris,
1216 3640 1265 3681 nec
1280 3625 1325 3682 hic
1339 3625 1553 3692 redundantiam,
1571 3624 1687 3683 necillic
1701 3624 1836 3682 diffiden-

189 3716 401 3786 comporotione
410 3716 564 3785 opnitionis
576 3713 690 3779 Christi,
703 3727 757 3768 non
769 3728 826 3784 prae
840 3712 984 3785 rejectione
1038 3712 1102 3768 tiam
1114 3711 1259 3781 iudicabis.

190 3800 239 3857 Dei
250 3800 395 3868 Creatoris,
412 3801 681 3872 bobensjoslitiom,
695 3803 911 3872 nonsnomjnnr
921 3819 982 3874 qnae

873 3925 969 3990 Variae
988 3929 1141 3991 lectiones.

223 4033 248 4073 ⁴⁷
262 4031 333 4101 Quia
347 4032 386 4088 ol.
401 4033 427 4071 *Β
442 4032 513 4088 Cura
532 4032 596 4090 Vere.
610 4032 750 4091 rnendosc.
766 4034 791 4073 ⁵⁵
806 4032 996 4104 prejudicatus
1014 4032 1103 4092 Oberl.
1121 4032 1146 4071 ⁵⁰
1164 4031 1343 4106 exaggeraret
1359 4035 1418 4093 Lot.
1433 4035 1456 4074 ⁵¹
1473 4033 1644 4092 Collectionis
1655 4034 1741 4091 liban.
1761 4033 1788 4072 ⁵²
1804 4034 1834 4090 ln

189 4106 262 4162 delet
280 4106 370 4163 Clocc.
385 4104 410 4142 ⁵³
422 4101 630 4178 Transfiguravit
649 4106 739 4163 Vcncl.
756 4105 984 4178 transfiguraverit
998 4106 1058 4178 liiq.
1074 4102 1305 4177 transfigurabitur
1318 4107 1397 4163 Pom.
1414 4107 1437 4146 ⁵⁵
1466 4108 1604 4164 Demutari
1631 4107 1669 4161 ol.
1700 4108 1833 4163 demutati

188 4178 249 4234 tot.
260 4177 286 4215 ὅ
301 4175 355 4234 Sed
368 4178 455 4233 Fron.

879 4276 1127 4338 Commentarius.

223 4371 282 4445 (llll)
302 4374 361 4430 Non
384 4373 517 4497 talpinom
536 4371 712 4429 existimavit
727 4375 841 4444 portori
861 4376 924 4430 ilco.
953 4373 981 4428 Si
1037 4374 1250 4445 transfianori.
1266 4374 1328 4430 Rue.

186 4443 383 4526 pbantasticum
408 4443 505 4525 'nisset
537 4444 634 4499 Christi
666 4459 776 4515 corpus,
802 4446 862 4524 ¹baec
890 4445 982 4499 omnia
1071 4442 1129 4515 (ut)
1148 4447 1220 4513 Quid
1232 4448 1342 4518 socient
1351 4448 1402 4527 qui¹
1412 4453 1560 4527 nesorpenl
1576 4418 1675 4520 primi.
1691 4449 1836 4507 Consimili

187 4515 732 4643 tltttlttltt'ttltdtlttitt
746 4515 980 4644 {thiatbald
1034 4516 1454 4645 tltlt‘tlblllldtt
1473 4518 1728 4623 ⁰²‘²'‘²s“⁶²'³⁷².²l¹⁴²'
1743 4523 1837 4595 Μ’

187 4657 266 4722 eadit,
294 4673 353 4712 nam
381 4602 492 4729 possinri
513 4627 562 4712 ’est
590 4603 775 4726 ffarempcsse,
801 4605 935 4727 riraigtee,
953 4667 979 4713 et
1070 4658 1124 4728 [68)
1139 4604 1381 4730 ἔκραηωενὶππύε.
1402 4633 1459 4717 lioc
1472 4669 1522 4728 est,
1537 4662 1578 4718 Ex
1600 4661 1689 4718 debito
1704 4663 1835 4719 absolve-

186 4729 322 4813 eeltousit
336 4728 660 4811 semetipsumbocest,
685 4728 796 4799 objecit,
820 4730 902 4783 taurin
932 4727 982 4782 ἐκέ·
1034 4726 1128 4810 nonus,
1154 4730 1421 4812 praestiterirnnsque.
1442 4731 1487 4812 Sic
1515 4732 1561 4788 lib.
1583 4747 1616 4816 rv
1636 4735 1832 4818 precedente:

186 4800 766 4944 ”ltattttttdtllt'tillll...-
791 4871 977 4930 ...taa-
1034 4800 1497 4944 lt.tllttttttltltlttl
1522 4821 1719 4877 lr⁰m²⁵⁸²⁰l²⁸
1736 4806 1832 4881 “⁰⁹⁵⁵

183 4943 283 5016 putori
304 4940 453 4998 addant.
476 4941 531 4998 lmo
557 4941 714 5007 demutari,
731 4912 804 5015 qnod
827 4958 889 5001 mox
903 4942 976 4998 dicet
1415 4914 1422 4929 ’

1465 4889 1536 4932 nitu.

757 5237 762 5251 ,
851 5211 1163 5242 *ψ
