3840 6134
138 252 208 315 toti
675 245 721 306 to
737 243 883 308 aaroni
897 240 1118 306 llllhhttlrtl
1136 237 1246 301 ortui
1724 223 1793 284 titre

135 378 193 448 jam
206 373 308 433 rictum
329 388 362 430 ac
381 370 454 430 carie
467 386 589 441 exesum,
604 369 750 444 vinumque
773 372 862 446 ipsum
882 377 938 429 tar·
988 385 1110 446 quosque
1124 364 1276 434 sulcando,
1296 375 1326 416 ce
1347 358 1435 414 artinis
1453 356 1564 432 generis
1581 352 1681 410 officiis
1698 352 1796 407 deme-

136 467 212 522 tarao
234 477 285 520 suo
309 461 418 531 cortice,
442 477 478 518 ne
500 477 553 534 qua
575 460 684 518 eiiluere
703 460 806 530 possit,
819 460 938 533 nudique
987 460 1084 517 reudo.

136 553 290 610 conclusum
312 567 374 608 esse
399 549 552 622 perhibent.
567 551 653 622 litque
673 549 765 604 sinum
779 550 831 604 hoc
844 549 934 620 (naro-
1024 551 1086 606 llaec
1100 558 1188 603 autem
1204 541 1299 616 populi
1324 539 1374 596 sibi
1394 533 1557 595 conciliandi
1576 532 1645 590 ratio
1663 530 1794 602 gpraeci·

137 657 192 712 qne
216 641 250 697 ab
273 641 373 712 insigni
387 640 501 710 (liwdflm
526 639 553 693 iu
575 638 676 695 licinia
697 638 784 694 antico
805 636 935 709 propina·
988 654 1043 710 pne
1066 637 1187 711 partibus
1207 630 1410 694 conficiebatur,
1426 624 1665 687 nomenclatione,
1681 621 1796 676 blandi·

137 737 197 789 turn
209 737 323 804 gustare
336 728 421 798 licuit)
437 727 543 785 tartarei
557 726 650 783 odoris
662 741 694 782 ac
709 726 815 797 saporis
833 733 885 793 est,
900 726 935 782 de
989 730 1043 799 tio,
1058 727 1238 789 assiduitate,
1254 726 1283 778 et
1301 719 1485 791 tenipuitute,

68 813 72 823 '
136 836 190 894 qno
203 823 266 894 jure
280 818 381 877 dixeris
395 817 463 873 illud
478 816 600 886 eiusdem
613 816 668 874 Cic.
684 816 738 873 loc.
751 816 796 873 cit.
819 838 830 868 ι
847 816 937 872 Nimia
1024 816 1220 877 Nomenclatia
1239 813 1265 868 in
1287 825 1321 866 eo
1336 811 1424 880 posita
1441 814 1509 872 erat,
1532 811 1562 860 ut
1580 802 1735 874 quemlibet
1756 800 1794 856 ci-

136 917 259 969 ltlusllss
280 922 332 965 ¹10⁰
354 906 437 962 htbtl
460 921 519 962 tam
544 921 624 976 (tuam
649 905 799 977 quaerimus
814 903 936 962 suavila·
987 909 1060 965 rium
1083 906 1162 979 (alias
1185 903 1256 958 euim
1282 917 1312 956 se
1335 901 1467 954 hactonus
1488 895 1639 967 neglectos,
1664 899 1713 948 aut
1741 907 1795 946 noc

136 1006 202 1070 tem,
225 1013 275 1055 nec
298 1003 339 1055 est
358 996 417 1066 jnm
436 992 709 1063 sauetolerahilis3»
736 993 936 1064 spiritusexoi-
986 1013 1078 1068 parem
1101 1010 1162 1051 cum
1186 992 1248 1048 aliis
1271 1005 1364 1046 eorum
1391 985 1521 1043 rationem
1552 984 1676 1038 habitam
1701 980 1793 1047 tuisse¹

134 1089 191 1160 pio,
216 1086 297 1159 plane
320 1086 454 1152 heroicos,
479 1094 507 1141 et
528 1083 629 1139 ultimis
646 1083 791 1139 senectutis
814 1083 936 1141 scintillis
985 1087 1115 1158 conqueri
1133 1082 1270 1156 poteraut)
1285 1077 1394 1134 nomine
1412 1090 1463 1131 suo
1482 1072 1646 1145 compellare
1666 1079 1791 1127 nossent.

133 1177 225 1234 denuo
251 1174 431 1234 accendendis
453 1179 542 1245 aptos.
565 1176 654 1244 Atque
677 1173 736 1229 haec
760 1189 808 1244 per
829 1174 936 1248 digres-
986 1175 1055 1233 Cum
1077 1189 1142 1232 vero
1157 1172 1185 1229 id
1199 1173 1228 1226 in
1243 1177 1314 1226 anta
1334 1164 1428 1239 populi
1447 1160 1623 1221 multitudine
1644 1158 1730 1215 nimis
1752 1175 1795 1215 ar·

135 1268 251 1339 sionem,
266 1282 300 1322 ex
313 1264 455 1322 occasione
468 1271 570 1332 naam,
587 1277 753 1318 memorasse
768 1261 855 1318 libuit.
986 1265 1072 1321 duum
1094 1273 1176 1330 esset,
1203 1259 1292 1332 quiuis
1315 1254 1474 1312 candidatus
1497 1267 1563 1308 suos
1579 1250 1633 1305 sibi
1659 1249 1796 1305 adscisce·

172 1357 283 1413 Anima
298 1353 444 1426 largiaris.
455 1352 508 1409 Seu
522 1351 551 1407 in
564 1351 687 1407 eamdem
698 1357 753 1405 tam
770 1351 895 1409 locatis
907 1355 937 1409 et
986 1357 1044 1421 bat,
1058 1354 1105 1426 qni
1123 1351 1229 1424 petitori
1249 1346 1416 1418 singulorum
1439 1339 1663 1415 praetereuntium
1687 1338 1796 1396 uomina

137 1442 446 1519 corpusculorum
470 1448 560 1498 autem
573 1447 687 1509 canstat,
703 1456 794 1497 crasse
807 1440 888 1497 nimis
902 1441 936 1498 de
987 1450 1175 1518 suggererent,
1195 1436 1421 1496 nomenclatores
1444 1433 1518 1500 dicti,
1544 1445 1559 1484 a
1584 1428 1644 1485 Cic.
1675 1443 1743 1484 vcro
1769 1429 1795 1482 in

134 1537 236 1593 anima
249 1533 368 1592 sensisse
381 1531 588 1598 Tertullianum,
608 1531 709 1604 quippe
729 1546 810 1602 quarn
825 1531 852 1585 in
866 1530 885 1585 l.
901 1531 936 1587 dc
987 1533 1061 1592 Orat.
1077 1549 1126 1606 pro
1139 1531 1261 1588 rduraena
1274 1527 1438 1590 monitores,
1455 1520 1562 1576 adesto
1572 1521 1715 1590 sartores,
1724 1520 1795 1588 quod

134 1626 239 1684 Anima
252 1623 364 1697 passim,
388 1622 538 1694 praesertim
553 1638 577 1678 c.
594 1625 637 1688 38,
655 1621 762 1689 asserit,
777 1637 829 1676 nou
846 1620 934 1675 minus
985 1624 1013 1678 in
1036 1622 1240 1680 candidatorum
1265 1632 1345 1673 aures
1367 1614 1477 1669 nomina
1499 1611 1601 1666 civium
1626 1609 1699 1664 clam
1724 1608 1794 1664 velut

133 1732 214 1790 qnam
243 1728 360 1786 corpus,
388 1713 416 1766 in
440 1714 579 1783 pubertate
601 1711 779 1783 adolescere3
810 1711 933 1767 ciborum
953 1710 1169 1788 fliusarcireut,
1181 1706 1320 1780 appellati.
1333 1702 1480 1761 blanditia
1490 1697 1646 1766 dicebatur,
1662 1711 1730 1751 cnm
1743 1711 1793 1752 nou

133 1819 243 1878 quoqne
266 1804 295 1858 in
320 1801 408 1858 anima
431 1801 674 1872 concupiscentiam
690 1815 761 1868 esse,
778 1809 851 1859 certo
866 1817 933 1874 qno·
985 1801 1097 1875 proprio
1119 1799 1250 1855 duntaxat
1268 1794 1387 1858 nomine,
1403 1790 1451 1847 sed
1472 1786 1607 1843 blandiori
1630 1785 1729 1852 etiarn,
1747 1803 1793 1859 pa·

130 1892 194 1949 dam
208 1892 300 1949 colore
314 1890 498 1962 conspicuam,
513 1897 577 1956 etc,
594 1905 619 1946 c.
635 1894 651 1946 9
665 1889 790 1948 affirmat.
986 1898 1078 1962 trum,
1092 1893 1231 1963 fratrum,
1244 1889 1444 1959 patronorum,
1455 1886 1505 1935 elta
1520 1893 1569 1933 “³11
1584 1877 1692 1948 quibus
1706 1878 1794 1932 alell*

168 1981 358 2054 Delirtqucmlo
378 1981 448 2039 lati.
468 1980 532 2036 llaec
554 1979 603 2035 abs
626 1978 709 2035 dubio
732 1980 836 2036 ironica
859 1989 932 2052 sunt,
984 1982 1052 2040 sima
1088 1977 1207 2036 adstricti
1250 1980 1349 2038 esseut,
1389 1967 1598 2039 compellatione
1631 1965 1790 2020 salutabant.

131 2077 227 2130 contra
239 2086 287 2129 eos
299 2071 381 2138 dicta
396 2070 442 2143 qui
456 2070 539 2127 ctiam
555 2078 628 2143 tunc,
642 2085 703 2126 cum
718 2071 827 2142 corpori
841 2071 934 2127 omnia
984 2070 1148 2128 Assiduitos
1160 2065 1294 2140 praecipue
1309 2064 1335 2117 iu
1350 2057 1509 2126 ambiendo,
1520 2055 1705 2128 prensando,
1718 2063 1793 2112 etro·

131 2160 289 2235 indulgent,
313 2159 467 2218 statuere
487 2175 518 2216 se
542 2158 730 2232 propeccatis
753 2174 835 2232 posse
861 2159 933 2215 arbi·
983 2160 1087 2234 qundo,
1102 2156 1278 2216 consistebat.
1295 2147 1792 2218 Ambitoutuutcm,seucircuibani

38 2304 41 2315 ,
131 2257 245 2312 huntur.
983 2253 1012 2310 in
1026 2249 1123 2322 plateis
1136 2261 1244 2320 quoque
1258 2259 1291 2299 ac
1304 2241 1380 2312 vicis,
1396 2243 1424 2295 et
1436 2254 1495 2295 nau
1515 2238 1614 2293 liomoe
1633 2233 1792 2304 sclumsed

166 2339 282 2395 ruditu
304 2337 416 2403 obeunt,
432 2336 452 2392 i.
468 2351 493 2392 e.
509 2334 719 2407 perambulant,
744 2336 786 2393 vel
809 2337 933 2394 mecum·
983 2342 1013 2396 in
1034 2340 1094 2394 aliis
1116 2351 1227 2410 quoque
1248 2333 1342 2389 ltalioe
1363 2327 1528 2392 civitatibus,
1548 2324 1705 2398 inquibus
1726 2325 1794 2380 circs

129 2426 291 2483 ambulant·
983 2429 1084 2486 multos
1103 2422 1257 2499 negotiandi
1280 2436 1361 2478 causa
1386 2418 1489 2475 versari
1516 2422 1666 2472 noverant.
1693 2414 1793 2470 Circui-

168 2514 362 2585 liaqt'stratas.
377 2511 427 2568 nst
438 2513 624 2584 maqistratus
638 2527 737 2569 munus
753 2512 890 2584 quoddam
903 2512 930 2568 in
982 2519 1047 2576 bant
1060 2531 1125 2575 voro
1140 2523 1186 2571 aut
1197 2529 1247 2585 per
1262 2519 1356 2579 semet,
1372 2516 1418 2564 aut
1441 2506 1509 2563 alios
1527 2505 1644 2576 amicos,
1661 2504 1698 2559 nd
1718 2504 1794 2574 hujus

132 2600 246 2661 ¹²³3
265 2602 401 2676 ieiumi&
423 2616 485 2658 lum
509 2607 641 2674 ll⁰²⁹l³l⁸le
661 2602 731 2673 lutis
753 2601 865 2659 dcundi
880 2617 888 2660 :
903 2608 932 2659 el
982 2608 1065 2668 officii
1089 2614 1190 2680 partem
1218 2602 1345 2669 adscitos,
1370 2598 1490 2669 illucque
1517 2596 1631 2662 misaca,
1658 2601 1708 2652 aut
1732 2595 1794 2650 alias

130 2691 275 2764 aliquando
298 2689 371 2764 lP⁸⁸⁸
395 2689 476 2748 ellam
492 2705 632 2762 temnat»
648 2691 930 2762 ⁰l1¹⁵ffl0dlll⁰l⁰⁸l⁰l0
983 2701 1084 2757 ibidem
1112 2694 1285 2755 consolatos.
1318 2691 1465 2749 Prensotio
1492 2687 1591 2754 fiebat,
1622 2686 1793 2760 singularum

130 2781 276 2856 fulgentes,
289 2781 419 2839 Romanis
433 2780 613 2854 significabat.
637 2781 701 2837 Erat
723 2791 812 2837 autem
835 2781 930 2839 multi·
982 2779 1495 2862 dexterasprotendendomsoutandc,
1512 2777 1792 2844 dnsuaumndcmtc.

129 2871 193 2944 alex
220 2886 307 2946 genus
329 2869 533 2944 magistratuum
559 2885 566 2928 :
591 2876 668 2927 erant
694 2871 806 2936 arlaci,
828 2871 874 2944 (tul
902 2872 930 2927 ill
985 2881 1099 2955 liopatio
1113 2877 1261 2943 dicebatur,
1276 2890 1339 2932 cum
1352 2874 1422 2928 inter
1435 2883 1539 2942 preces,
1559 2883 1617 2925 uon
1637 2882 1706 2924 raro
1721 2882 1793 2939 pror·

130 2960 190 3033 ¹9⁸²
203 2959 286 3032 Urbe,
301 2960 401 3017 deinde
421 2961 621 3032 provinciales,
644 2959 690 3032 qui
712 2961 862 3031 erVlntllS
875 2960 930 3018 lei·
983 2986 1030 3028 sus
1048 2968 1141 3043 putide
1158 2965 1287 3034 humiles,
1310 2960 1558 3020 commemorabant
1581 2955 1722 3014 beneficia
1742 2958 1792 3029 jan

128 3047 244 3120 publicae
258 3064 267 3106 s
284 3048 365 3105 bom.
381 3048 514 3118 subjectis
528 3050 573 3120 jus
585 3049 735 3106 dicebaut:
759 3055 789 3105 ιιι
810 3066 931 3125 procon-
951 3041 1050 3122 colias
1063 3075 1079 3115 a
1092 3056 1193 3131 populo
1214 3059 1333 3125 acceptu,
1353 3049 1526 3106 denudabant
1545 3045 1631 3104 etiarn
1653 3047 1793 3104 cicatrices

128 3138 933 3212 rulcnnroproetcrn,uoattprccuuutuuetpropretor
984 3165 1059 3218 snas,
1072 3164 1139 3221 quas
1158 3146 1230 3204 iorta
1252 3159 1301 3217 pro
1321 3141 1410 3215 patria
1430 3141 1543 3198 adverso
1563 3145 1687 3208 pectore
1700 3137 1729 3194 in
1744 3137 1794 3194 arie

129 3242 197 3284 ”lm
210 3231 361 3298 ‘llloetl‘lrsst
381 3228 580 3300 l’rWlthallts
595 3237 647 3295 ⁸¹0·
663 3227 746 3282 Elam
758 3227 823 3283 ilem
839 3243 872 3283 θλ
886 3246 934 3285 Ul·
984 3245 1154 3311 acceperant,
1168 3245 1233 3307 etc,
1249 3242 1306 3291 tum
1324 3246 1390 3289 vero
1409 3239 1439 3286 ut
1457 3226 1618 3299 hujusmodi
1637 3243 1736 3284 rerum
1755 3226 1792 3280 iu·

130 3316 209 3373 banis
222 3318 357 3390 majoros,
372 3316 419 3389 qni
433 3319 558 3375 comitiae
572 3318 744 3375 contortulis
764 3317 932 3385 cretbtntub
984 3328 1056 3385 tuitu
1068 3325 1198 3401 sutfragia
1213 3321 1265 3380 sibi
1280 3320 1426 3387 deterrent,
1442 3316 1609 3389 rogitabant,
1630 3324 1690 3376 etc.
1712 3316 1793 3388 Atque

129 3413 160 3465 nt
173 3408 313 3473 consulti,
338 3421 476 3478 elmete,
497 3410 645 3482 pretores,
669 3416 723 3465 etc.
744 3407 935 3466 hliimtucres
985 3416 1013 3472 in
1033 3416 1075 3473 his
1098 3431 1159 3471 cum
1182 3413 1232 3470 soli
1256 3408 1379 3468 sulficere
1398 3424 1451 3465 uon
1475 3414 1600 3479 possent,
1621 3404 1711 3461 etiarn
1732 3405 1792 3460 alios

132 3501 247 3558 tributis
261 3498 387 3557 emittis
400 3497 488 3554 citari
511 3497 936 3571 ⁸011lirllli¹⁸oethYtttltlsstlr
986 3505 1075 3562 claros
1094 3505 1169 3561 viros
1192 3501 1366 3565 adhibebant,
1388 3499 1599 3568 suffragatores
1628 3495 1734 3560 dictos,
1752 3492 1791 3566 qui

134 3586 361 3663 tribuniplebis,
381 3587 661 3659 adimpletione.
684 3588 724 3642 Ex
746 3596 863 3660 utroque
886 3589 940 3645 hoo
987 3597 1102 3655 virtutes
1133 3591 1282 3666 potentium
1313 3585 1418 3661 populo
1451 3585 1716 3656 commemorabant,
1742 3593 1790 3640 eta.

131 3694 232 3750 genera
252 3686 329 3733 erant
356 3674 499 3733 ordinarii
522 3683 548 3732 et
571 3676 810 3736 extraordinarii.
832 3676 873 3732 De
895 3677 940 3732 his
988 3685 1036 3742 ffis
1054 3699 1161 3757 quoque
1174 3680 1272 3739 osfiofis
1285 3679 1431 3736 mdabat
1445 3675 1619 3747 benignitas,
1634 3691 1693 3748 quo
1708 3689 1789 3748 popu.

130 3767 230 3822 ddiuse
254 3773 281 3821 et
302 3774 430 3822 accurate
455 3772 549 3822 tractm
567 3765 687 3821 Thomas
701 3765 869 3839 Demsterus,
884 3768 904 3822 l.
919 3783 938 3823 v
986 3775 1044 3830 lum
1058 3790 1108 3846 per
1121 3772 1275 3844 congiaria,
1289 3767 1420 3832 missilia,
1434 3765 1574 3832 conuiuia,
1592 3764 1676 3823 ludos
1691 3764 1789 3838 glodu-

128 3856 226 3925 Atili·
240 3854 320 3910 Rom
335 3868 360 3907 ⁶·
376 3854 459 3925 litt?
472 3857 523 3910 2⁰²·
990 3865 1088 3931 tortos,
1112 3862 1314 3935 pecauicrum,
1337 3855 1417 3930 prius
1439 3853 1511 3926 apud
1531 3858 1709 3926 sequestros,
1735 3850 1788 3908 tidei

170 3943 262 4014 nuque
283 3939 388 4013 pudet,
413 3957 506 4012 ueouc
526 3942 612 4014 riaet-
639 3941 680 3997 nc
706 3941 854 3999 candidatis
879 3945 936 4016 ian
987 3969 1080 4021 uun,
1111 3948 1331 4023 deponendorum
1359 3942 1549 4016 ditatoribus,
1584 3953 1641 4000 ere.
1672 3943 1786 4000 demas

134 4029 261 4102 quaedam
275 4028 302 4083 in
317 4027 336 4083 l.
351 4028 385 4085 dc
398 4030 482 4102 Bapt.
503 4044 528 4085 c.
550 4032 595 4097 to,
618 4032 679 4088 nat.
703 4032 878 4091 Candidatus
892 4050 936 4093 re·
985 4043 1096 4114 bantur,
1116 4037 1270 4111 cujusmodi
1299 4034 1458 4093 muneribus
1484 4032 1593 4104 aliquos
1620 4034 1731 4107 integra
1747 4047 1786 4088 sua

133 4120 287 4190 missionis,
301 4117 464 4192 “lllsslmtlss
486 4134 558 4176 ⁰⁰⁰⁰
581 4126 668 4175 aulem
692 4121 725 4177 de
746 4120 792 4192 lit,
811 4124 888 4194 quasi
902 4124 936 4179 ab
986 4129 1147 4206 patrimonia
1191 4141 1381 4198 nonnunquam
1420 4121 1580 4180 exhausisse
1622 4128 1786 4195 compertum

130 4209 237 4283 origine
259 4224 309 4265 sna
333 4206 503 4275 revocandis,
527 4208 645 4265 breuiter
668 4209 798 4267 nonnulla
820 4211 934 4269 dicenda
985 4220 1045 4278 tuit,

130 4296 265 4354 videntur.
289 4296 357 4353 Cum
382 4295 463 4370 igitur
485 4295 660 4370 magistratus
682 4297 709 4353 in
740 4299 858 4356 comitiis
884 4317 933 4372 per
1021 4311 1061 4367 No
1078 4322 1144 4365 vero
1168 4303 1281 4363 nimium
1302 4304 1360 4360 haec
1382 4319 1398 4358 a
1419 4300 1498 4358 nobis
1519 4312 1695 4374 exaggerma
1715 4300 1787 4356 foisse

131 4384 262 4459 suffragia
276 4384 368 4458 populi
381 4384 468 4441 creari
483 4401 543 4442 mos
564 4394 647 4454 esset,
669 4396 703 4444 cr
725 4389 827 4461 populo
843 4396 933 4446 autem
952 4382 1125 4472 nqoisquum
1144 4394 1291 4464 existimet,
1306 4408 1370 4448 sane
1388 4405 1442 4446 non
1462 4390 1510 4444 abs
1533 4404 1564 4444 re
1588 4389 1705 4445 videtur
1725 4403 1786 4444 non·

134 4476 256 4549 plerique
269 4475 343 4550 ipsos
357 4493 501 4550 personas,
518 4494 579 4552 quoe
592 4478 626 4536 ad
640 4478 701 4535 illos
715 4480 835 4538 honores
856 4481 929 4553 aspi·
985 4488 1060 4544 nulla
1078 4502 1112 4543 er
1131 4485 1261 4541 Cicerone
1279 4483 1333 4538 huc
1351 4477 1503 4535 transferre.
1522 4475 1558 4545 Q.
1583 4477 1723 4546 Tullium,
1738 4476 1785 4532 hu·

133 4567 238 4633 rabant,
262 4581 295 4623 er
319 4567 397 4624 vultu
419 4575 447 4625 et
468 4569 573 4625 meritis
594 4570 652 4627 suis
673 4569 840 4644 ignorarent,
864 4589 933 4645 opus
986 4586 1055 4635 trem
1069 4591 1147 4631 suum
1162 4574 1190 4629 in
1205 4573 1224 4629 l.
1240 4567 1349 4628 1228
1376 4568 1411 4626 dc
1424 4567 1510 4624 Petit.
1528 4566 1685 4624 Consului.
1700 4567 1737 4624 ita
1750 4566 1785 4621 in·

132 4661 189 4712 erat
201 4654 265 4725 illis,
279 4653 411 4729 sutfragia
431 4657 526 4728 populi
551 4657 709 4715 meritorum
730 4675 844 4717 suorum
857 4677 932 4720 com-
985 4674 1104 4723 strnenta
1119 4682 1158 4720 :a
1183 4662 1258 4718 Multi
1273 4658 1396 4716 homines
1418 4653 1526 4723 urbani,
1546 4653 1697 4722 industrii,
1720 4653 1785 4712 multi

132 4743 346 4814 memoratione,
369 4759 546 4818 personaque
571 4745 656 4818 ipsius
679 4749 834 4806 ostensione
862 4766 931 4807 con·
984 4754 1113 4824 libertini,
1130 4751 1242 4827 gratiosi
1264 4750 1293 4805 in
1312 4749 1373 4805 loro
1392 4745 1529 4821 gravique
1548 4756 1713 4815 demantur,
1729 4758 1784 4818 quos

131 4833 250 4907 quirerc.
264 4833 355 4891 Primo
369 4833 463 4907 igitur,
485 4842 515 4891 ut
537 4835 659 4909 dignosci
673 4847 794 4909 possent,
810 4841 932 4898 candida
985 4861 1034 4918 per
1048 4852 1084 4911 te,
1098 4856 1167 4914 quos
1182 4857 1230 4912 per
1244 4853 1403 4897 communes
1416 4836 1518 4892 amicos
1537 4835 1648 4905 poteris
1661 4849 1782 4894 sumere:

131 4931 207 4979 reste
219 4923 387 4995 (eratantem
401 4922 471 4979 inter
483 4926 552 4980 hanc
566 4933 593 4980 et
607 4927 701 4984 olbam
715 4926 743 4982 id
758 4928 930 5000 discriminis,
984 4949 1058 5002 cura,
1074 4940 1103 4988 ut
1122 4931 1162 4988 tui
1188 4928 1279 5001 cupidi
1303 4928 1356 4985 sint
1379 4945 1386 4982 r
1412 4925 1560 4994 elaborato,
1576 4923 1783 4997 appetitoris

132 5012 207 5085 quod
228 5012 274 5067 illa
296 5027 349 5084 opa
369 5023 451 5070 crete
465 5014 606 5086 atriusdam
626 5017 660 5073 ad
684 5016 819 5073 illustrem
837 5035 931 5091 quem·
983 5032 1057 5098 gato,
1076 5034 1181 5078 summo
1204 5017 1334 5075 beneficio
1359 5025 1385 5073 te
1407 5013 1479 5071 aifici
1504 5014 1662 5070 ostendito.
1693 5012 1783 5071 Deinde

133 5102 197 5160 dam
220 5117 253 5159 ac
273 5101 402 5172 majorem
426 5106 540 5160 nitorem
566 5105 681 5176 expolita
709 5105 801 5180 inerit)
830 5109 931 5182 induti,
982 5112 1082 5169 habeto
1109 5110 1241 5167 rationem
1267 5108 1343 5164 urbis
1372 5106 1463 5174 totius,
1492 5102 1644 5176 collegium
1673 5104 1783 5162 omniun

133 5208 183 5265 per
198 5190 497 5264 tuuuuoiuumtquod
510 5204 567 5251 eret
581 5199 731 5267 tempusi'l
744 5198 859 5273 diemm,
871 5216 932 5256 nam
985 5217 1128 5276 pagorum,
1153 5198 1322 5256 uicinitatum
1340 5215 1347 5250 ι
1364 5212 1396 5250 cx
1411 5195 1446 5250 iis
1471 5192 1609 5265 principes
1633 5193 1671 5248 ad
1697 5190 1782 5250 amici·

133 5296 208 5338 ncno
221 5279 344 5354 quolibet
356 5279 402 5337 die
416 5283 591 5342 nundinain
602 5285 662 5342 ioro
675 5287 719 5362 agi
729 5292 934 5363 consueverant)
985 5291 1049 5347 tiam
1069 5298 1142 5347 tuam
1163 5287 1186 5344 si
1205 5284 1370 5358 adjunxeris,
1389 5299 1437 5356 per
1450 5297 1497 5338 eos
1512 5282 1647 5354 reliquam
1663 5281 1781 5338 multitu·

133 5371 162 5428 in
176 5386 273 5444 campo
287 5369 584 5444 llartiocompurebaut
597 5378 792 5447 supercollcm
807 5379 935 5438 hortulo-
984 5380 1074 5437 dinem
1097 5378 1177 5436 tacile
1200 5374 1314 5433 tenebis.
1336 5375 1432 5430 Postea
1455 5381 1538 5429 totam
1560 5370 1669 5426 ltaliam
1696 5371 1740 5427 iac
1762 5375 1782 5421 nt

132 5474 201 5517 ram
215 5460 329 5527 dictum,
353 5468 383 5516 ut
407 5460 496 5535 magis
518 5463 655 5532 conspicui
673 5472 774 5533 esseut,
790 5466 935 5525 considen-
986 5470 1014 5526 in
1034 5469 1124 5526 animo
1145 5477 1173 5526 et
1194 5465 1324 5523 memoria
1349 5464 1398 5520 tibi
1416 5462 1536 5520 tributim
1553 5460 1615 5534 (per
1629 5459 1730 5528 tribus)
1742 5459 1782 5514 de

134 5553 176 5603 tas
192 5565 200 5602 ι
216 5554 272 5604 tum
287 5563 352 5606 vero
367 5549 468 5620 populo
482 5548 644 5605 adventante
667 5549 827 5622 circuibant,
842 5558 936 5619 obvius
986 5559 1116 5632 scriptam
1131 5556 1410 5629 comprehensamque
1433 5553 1543 5622 habeas,
1559 5550 1688 5622 nequod
1703 5547 1783 5605 mnni-
