3840 6134
132 329 186 394 559
485 325 700 394 inhibituri!
715 331 850 398 orshult
869 330 952 393 PARS
969 329 1003 392 lt.
1018 359 1055 376 -
1066 328 1181 394 seht!
1199 329 1223 399 1,
1241 327 1416 392 totumue.
1723 327 1779 388 5110

118 454 179 537 ¹tim
196 449 256 509 libri
279 448 410 510 adrerum
434 451 630 526 Hermogenem
646 456 809 525 meminerit,
832 471 911 530 mem
936 455 996 527 ejus
1021 473 1082 514 essa
1106 462 1221 513 constet.
1238 454 1274 511 Et
1300 465 1364 510 rero
1386 450 1528 525 scripsisse
1549 451 1626 509 illam
1644 450 1776 510 adremus

131 547 334 610 Valentinianos
356 548 486 608 inruenti
509 558 575 607 sunt
589 561 669 610 testes
690 554 733 610 B.-
747 552 863 627 Optatus
880 551 1058 624 blileritanus,
1078 552 1126 611 lib.
1152 567 1162 608 1
1181 551 1315 611 umerus
1335 550 1530 609 Parmensium.
1545 548 1723 614 Donatistam,
1748 559 1778 605 et

13 707 16 713 ,
130 645 289 707 Vincentius
310 645 469 716 Lirinensis,
485 645 533 705 lib.
555 649 589 706 de
611 652 728 724 Profert.
744 653 848 711 floerer.
873 653 1009 710 nonime.
1025 650 1107 708 Visus
1131 650 1182 707 fuit
1204 649 1286 707 etism
1308 649 1365 720 iem
1384 648 1448 705 olim
1469 664 1522 705 ms.
1547 647 1730 705 s'l'rithemio
1750 646 1780 703 el

131 742 272 810 Politiano,
288 750 316 799 et
334 741 406 798 inter
419 742 522 814 primos
548 760 565 800 a
584 744 712 804 Rheunno
730 747 818 803 editus
836 746 954 821 primum
978 747 1099 814 scholiis,
1121 745 1219 804 deiude
1241 755 1268 802 et
1286 743 1502 803 annotationibus
1519 744 1557 800 ita
1573 743 1732 815 illustratus,
1748 751 1779 798 ut

131 856 266 914 nusquam
280 839 435 916 diligentior
449 839 540 897 fuerit.
560 842 621 900 Non
640 846 866 903 contemnendam
889 855 977 901 tanuen
1000 860 1061 902 esse
1076 852 1194 901 nostram
1218 851 1383 917 postremam
1406 845 1475 898 bauo
1498 840 1720 915 recognitionem,
1736 840 1780 896 id-

69 949 72 963 ·
131 954 183 1012 que
201 954 234 995 ex
248 936 279 993 B.
294 938 399 1006 heaaei,
413 936 459 994 lib.
475 954 497 1011 1,
511 953 572 1013 onp.
599 944 627 1012 l,
642 951 669 998 et
687 942 789 1017 aliquot
802 942 988 1018 sequentibus,
1004 957 1091 1018 eoque
1108 951 1164 998 um
1179 941 1277 999 Graeoo
1294 940 1365 1012 apud
1378 939 1571 1014 Epiphaniam,
1586 954 1666 1011 quam
1681 937 1779 995 Latino

128 1035 206 1106 juata
221 1034 358 1091 versiones
370 1034 468 1106 varim,
484 1041 510 1092 et
534 1036 620 1093 tribus
643 1036 731 1095 vetio.
751 1056 804 1096 ms.
824 1036 1031 1110 exemplaribus,
1047 1036 1155 1110 colliget
1179 1035 1259 1093 fenile
1281 1036 1374 1102 leotor,
1394 1050 1426 1092 ax
1450 1034 1482 1090 iis
1500 1050 1568 1107 quas
1590 1032 1703 1104 majoris
1725 1031 1779 1088 ad·

131 1129 186 1186 huo
199 1129 266 1187 lueis
279 1129 364 1202 gratia
385 1130 536 1202 adjecimus
556 1131 784 1204 adnotationibus,
801 1134 980 1209 argumento,
994 1132 1050 1192 imo
1072 1141 1099 1188 et
1113 1132 1240 1208 Catalogo
1253 1132 1370 1189 AEonum
1388 1146 1419 1188 eo
1439 1130 1507 1188 situs
1526 1129 1645 1202 ipsorum
1658 1123 1780 1186 delinea-

131 1227 203 1286 tione
216 1227 407 1301 aportioribus.
424 1228 579 1287 Psunmus.

167 1326 352 1400 Opportunior
365 1341 431 1385 sane
445 1343 475 1385 se
489 1329 565 1385 debit
577 1330 684 1388 nonasio
700 1329 735 1388 de
744 1329 877 1388 immensa
894 1330 1029 1403 farragine
1042 1328 1192 1385 fretellus
1204 1326 1232 1384 in
1252 1341 1352 1401 genere
1371 1341 1402 1383 ae
1425 1325 1459 1382 de
1478 1325 1561 1382 arduo
1585 1326 1701 1383 themate
1723 1327 1781 1384 Va-

132 1425 283 1484 lentiniano
298 1425 326 1480 in
341 1425 432 1497 speeie
456 1427 568 1485 uberius
577 1428 740 1497 disserendi,
768 1428 816 1486 ubi
844 1430 877 1486 de
891 1426 1119 1501 praestantissimis
1141 1423 1236 1482 Irenaei
1261 1425 1391 1480 aduersus
1405 1423 1526 1480 haereses
1539 1423 1616 1479 libris
1634 1423 1780 1481 dinendum

132 1515 193 1573 erit.
211 1514 296 1571 Nobis
317 1513 408 1589 igitur,
423 1530 474 1587 pro
488 1532 572 1583 more,
590 1517 755 1592 moduloque
781 1528 885 1586 nostro,
897 1515 1017 1574 sufficiet
1032 1517 1091 1574 hee
1112 1529 1212 1588 pauca,
1233 1512 1357 1584 prooemii
1372 1511 1466 1577 instar,
1491 1511 1658 1585 prelibasse,
1674 1526 1782 1584 paunu-

131 1611 210 1685 laque
217 1610 317 1668 addere
329 1611 391 1667 hino
404 1611 465 1669 inde
474 1611 625 1685 desumpta,
640 1614 699 1671 sive
708 1629 742 1670 ea
751 1613 879 1685 Pamelio,
894 1614 953 1672 site
967 1630 1000 1670 ex
1014 1614 1158 1679 blessueto,
1171 1610 1281 1682 addere,
1296 1609 1406 1684 quibus,
1418 1616 1560 1681 antequam
1573 1607 1670 1664 librum
1694 1609 1781 1676 bunt,

130 1709 276 1767 obscurant
287 1725 351 1766 sane
368 1717 395 1765 et
412 1708 551 1766 intellectu
562 1711 731 1784 impervium,
742 1713 942 1789 aggrediamur,
958 1713 1053 1770 lentori
1075 1713 1219 1785 preluoent
1234 1717 1291 1767 tum
1305 1706 1493 1782 interpretatio
1508 1707 1647 1765 nominum
1662 1707 1782 1766 AEnnnrn

131 1807 273 1872 vdmdni,
288 1815 345 1863 tunt
356 1812 497 1882 syntagma
510 1823 627 1882 gnoseos
641 1825 674 1867 ex
683 1810 806 1881 eiusdem
824 1811 969 1885 hypothesi
983 1811 1184 1870 concinnatum.
1199 1809 1270 1867 Eun.

591 2209 729 2270 Nouius
746 2206 877 2269 11011111
895 2209 939 2269 ET
957 2208 1106 2270 DEORUM
1125 2209 1320 2276 vetuerunt,

363 2387 423 2454 imo
436 2387 592 2453 eriminum
604 2388 703 2470 potins
718 2403 808 2470 qnam
823 2389 989 2467 numinum,
1005 2386 1303 2468 aliorumqueeodem
1317 2386 1544 2467 pertinentium.

825 2541 867 2605 (xx
876 2553 943 2593 surr.
962 2539 1085 2605 austri.)

167 2706 208 2764 De
219 2706 262 2764 bis
275 2705 431 2766 nominibus
443 2704 524 2775 inira,
538 2721 563 2763 a.
579 2706 607 2777 b,
623 2705 662 2765 sio
674 2706 854 2765 Tertullianus
865 2727 872 2764 :
885 2707 1077 2780 Quorumdam
1084 2705 1193 2780 (inquit)
1204 2707 1236 2763 de
1253 2707 1346 2765 Grreeo
1355 2707 1558 2780 interpretatio
1567 2721 1625 2764 non
1635 2705 1782 2773 occurrit,

131 2805 380 2880 puummdumnec
394 2803 507 2864 detentu
520 2819 626 2877 perere
647 2805 831 2876 conveniunt,
842 2805 1029 2881 pompeam
1048 2806 1185 2864 usitatior
1199 2807 1230 2862 in
1252 2805 1346 2863 droeeo
1361 2805 1468 2864 notitia
1490 2807 1542 2863 est.
1560 2805 1657 2878 ltaque
1675 2803 1778 2876 pluri-

130 2919 213 2962 mum
237 2904 333 2963 erma
348 2903 493 2976 ponimus,
517 2900 718 2975 Qnifienntioe
734 2920 786 2979 per
806 2905 981 2978 popinarum
1017 2903 1124 2962 limites
1146 2903 1290 2973 nerant,
1312 2919 1364 2962 nec
1389 2904 1500 2961 Latinio
1523 2903 1637 2976 quidem
1658 2901 1784 2960 tamar

133 2998 298 3067 drittenteil
310 3000 343 3056 in
359 2998 442 3058 lineis
455 3000 575 3075 desuper
587 3002 780 3060 notabuntur.

165 3113 356 3202 bii-528
371 3115 571 3176 Hactenusillo.
587 3115 666 3187 Quod
682 3128 769 3175 tamen
780 3133 841 3176 nunu
870 3118 898 3176 in
922 3134 973 3175 ms.
992 3117 1134 3175 nodioibus
1153 3133 1241 3190 neque
1250 3118 1410 3187 Rhenanus,
1427 3134 1513 3192 neque
1538 3133 1591 3192 epo
1619 3118 1720 3176 iactum
1735 3118 1784 3175 in-

129 3212 294 3284 venerimus,
320 3213 480 3285 expediebat
499 3215 533 3282 au',
560 3215 727 3273 intellectum
750 3217 895 3287 majorem,
911 3216 984 3273 hune
1004 3214 1150 3273 Nominum
1175 3215 1336 3287 catalogum
1364 3214 1517 3290 prefigere.
1537 3214 1625 3285 Quem
1654 3232 1730 3276 auno
1755 3225 1785 3275 et

130 3309 303 3383 locupletari,
317 3319 345 3368 et
364 3312 392 3367 in
408 3311 530 3370 ordinem
549 3326 701 3386 congruum
729 3312 830 3384 redegi,
857 3312 961 3382 adjeoto
981 3312 1096 3382 majoris
1106 3311 1296 3383 explicationis
1311 3314 1397 3384 gratia
1407 3314 1525 3386 capitum
1538 3329 1662 3382 numero,
1680 3314 1729 3371 ubi
1747 3316 1786 3372 de

129 3398 246 3474 singulis
262 3401 383 3471 ipsorum
398 3399 497 3474 agitur.
513 3399 650 3457 denotavi
665 3400 746 3457 etiam
774 3416 836 3473 quse
856 3399 900 3457 hie
915 3408 961 3458 ant
981 3400 1044 3456 alibi
1066 3399 1234 3456 Terttdliano
1250 3400 1358 3466 usitata,
1379 3417 1440 3473 qnae
1461 3404 1561 3458 lrenaeo
1580 3403 1674 3461 Ladon
1697 3403 1746 3460 lib.
1761 3419 1784 3476 r,

128 3497 191 3556 adu.
207 3497 318 3563 hoerer..
329 3513 355 3554 o.
371 3501 398 3568 l,
412 3512 473 3570 quse
486 3497 604 3569 denique
614 3496 879 3570 EpiphanioGraeoo.
890 3498 987 3556 heres.
995 3501 1040 3565 el,
1052 3498 1429 3573 antejuslntnrpretibatin03
1444 3515 1460 3556 e
1474 3499 1659 3572 quibusetiem
1671 3502 1785 3559 nomina

128 3592 232 3665 aliquot
245 3594 378 3668 eastigeta
398 3603 471 3652 sunt.
492 3598 564 3653 Patr.

289 3989 447 4034 omasum
460 3965 633 4047 nomento
647 3990 872 4049 raonuorronau,
888 3994 1032 4049 coetuum,
1047 3995 1085 4039 ur
1094 3996 1230 4041 nnusaurt
1245 3997 1349 4042 sonunt
1363 3997 1551 4042 eanmuanrut
1563 4024 1571 4052 ‚
1582 3999 1620 4040 ax

655 4116 714 4163 etr.
731 4117 780 4176 vu,
796 4119 859 4172 utu,
873 4120 922 4175 xu,
936 4121 1021 4176 xxur,
1037 4122 1097 4165 xxx
1112 4124 1149 4166 ar
1163 4123 1249 4166 xxxi.

330 4276 464 4343 suetus
844 4280 979 4349 sunus
1402 4284 1579 4353 NOMINUM

271 4426 400 4475 1101111111
430 4427 544 4479 uulda.
784 4430 917 4480 1101111111
935 4433 1048 4483 (iiim.
1330 4436 1570 4492 metuentem.

129 4532 207 4601 AEdn,
228 4533 346 4593 tertull.
370 4534 433 4594 iren
439 4574 658 4593 .......
712 4533 781 4608 αἰὼν,
797 4538 888 4612 Epiph
893 4579 1207 4601 ..........
1239 4542 1567 4627 Saeoulum,1nt.dpiph.

128 4605 229 4663 AEdnes
260 4644 658 4667 ............
712 4606 813 4671 αἰῶνες.
845 4650 1207 4672 ...........
1239 4616 1353 4672 Secula.

130 4708 247 4822 διιεῖ·
265 4750 658 4772 ············
711 4715 809 4790 ⁶⁰<th
815 4754 1207 4780 ············
1246 4686 1575 4829 liiliiiii’iil'iiiil

128 4852 273 4928 Η11111111611
296 4893 657 4915 ···········
710 4859 811 4931 supper
814 4899 1206 4920 ,,,,,,,,,,,,
1245 4828 1426 4965 {ssgffigsm
1440 4834 1547 4893 domus.

127 4959 243 5016 Pmbole
261 4998 657 5024 ............
709 4961 813 5036 repsisti
816 5005 1207 5027 ............
1239 4971 1366 5039 emissio,
1386 4977 1506 5037 Tertalt.
1621 5016 1623 5021 -

129 5065 242 5139 Ogdoas
260 5108 444 5128 ......
473 5120 476 5126 ,
508 5111 657 5130 ,,,,,
712 5072 796 5137 epm&
804 5113 1063 5133 ,,,,,,
1267 5041 1438 5128 Ontonariua,
1460 5048 1580 5105 tertull.

877 5115 1207 5135 ‘‘‘‘‘
1266 5111 1442 5175 Ontonsrrus.
1463 5119 1540 5176 lren.

1266 5184 1470 5256 Quaternsrius,
1491 5192 1548 5247 lot.
1563 5189 1667 5264 Epipb.

128 5244 233 5317 seura,
250 5206 370 5305 Tertulli
384 5250 447 5308 iren
454 5289 655 5310 .......
710 5250 804 5323 τετρὰς.
816 5252 905 5324 Epiph
909 5289 1206 5313 .........
1266 5258 1402 5330 Qtradriga
1421 5263 1536 5318 Tertull.

709 5390 780 5454 M<
1240 5327 1539 5449 DQuttternutiodren.

709 5432 851 5525 neat:
878 5436 885 5523 :
913 5430 921 5522 t
949 5434 956 5518 f
984 5435 992 5524 :
1021 5435 1063 5525 :1
1093 5441 1100 5526 ;
1128 5441 1135 5525 ;
1163 5442 1207 5528 ;.
1239 5417 1435 5533 nllltlhn

708 5535 848 5605 τριακοντὰς
851 5578 1206 5597 ...........
1239 5538 1422 5601 Trieenarius.

605 5644 614 5661 .
642 5646 650 5663 .
707 5603 821 5681 isrrnpa
827 5648 1170 5670 ...........
1182 5645 1206 5669 -.
1238 5609 1335 5672 Partus
1349 5614 1499 5675 abortivus.
