<?xml version="1.0" encoding="UTF-8"?>
<!DOCTYPE html PUBLIC "-//W3C//DTD XHTML 1.0 Transitional//EN"
    "http://www.w3.org/TR/xhtml1/DTD/xhtml1-transitional.dtd">
<html xmlns="http://www.w3.org/1999/xhtml" xml:lang="en" lang="en">
 <head>
  <title>
</title>
<meta http-equiv="Content-Type" content="text/html;charset=utf-8" />
  <meta name='ocr-system' content='tesseract 3.04.00' />
  <meta name='ocr-capabilities' content='ocr_page ocr_carea ocr_par ocr_line ocrx_word'/>
</head>
<body>
  <div class='ocr_page' id='page_1' title='image "./patrologiaecurs51unkngoog/patrologiaecurs51unkngoog_0506.png"; bbox 0 0 3840 6134; ppageno 0'>
   <div class='ocr_carea' id='block_1_1' title="bbox 129 250 1774 330">
    <p class='ocr_par' dir='ltr' id='par_1_1' title="bbox 129 250 1774 330">
     <span class='ocr_line' id='line_1_1' title="bbox 129 250 1774 330; baseline -0.016 -2"><span class='ocrx_word' id='word_1_1' title='bbox 129 264 198 328; x_wconf 85' lang='lat' dir='ltr'><strong>tout</strong></span> <span class='ocrx_word' id='word_1_2' title='bbox 539 281 556 317; x_wconf 75' lang='lat' dir='ltr'><em>t</em></span> <span class='ocrx_word' id='word_1_3' title='bbox 761 250 859 314; x_wconf 81' lang='lat' dir='ltr'>LIBER</span> <span class='ocrx_word' id='word_1_4' title='bbox 877 253 920 315; x_wconf 85' lang='lat' dir='ltr'><strong>blt</strong></span> <span class='ocrx_word' id='word_1_5' title='bbox 937 251 1145 315; x_wconf 77' lang='lat' dir='ltr'><strong>honouttttt.</strong></span> <span class='ocrx_word' id='word_1_6' title='bbox 1705 268 1774 330; x_wconf 64' lang='lat'>1002</span> 
     </span>
    </p>
   </div>
   <div class='ocr_carea' id='block_1_2' title="bbox 126 378 1889 3863">
    <p class='ocr_par' dir='ltr' id='par_1_2' title="bbox 126 378 1889 3863">
     <span class='ocr_line' id='line_1_2' title="bbox 128 378 1889 478; baseline -0.004 -28"><span class='ocrx_word' id='word_1_7' title='bbox 128 390 234 451; x_wconf 83' lang='lat' dir='ltr'><strong>caudas</strong></span> <span class='ocrx_word' id='word_1_8' title='bbox 247 385 367 460; x_wconf 89' lang='lat' dir='ltr'><strong>nuptias,</strong></span> <span class='ocrx_word' id='word_1_9' title='bbox 381 391 411 441; x_wconf 93' lang='lat' dir='ltr'><strong>ut</strong></span> <span class='ocrx_word' id='word_1_10' title='bbox 431 380 549 455; x_wconf 86' lang='lat' dir='ltr'><strong>illicitas,</strong></span> <span class='ocrx_word' id='word_1_11' title='bbox 572 381 649 453; x_wconf 82' lang='lat' dir='ltr'><strong>juxta</strong></span> <span class='ocrx_word' id='word_1_12' title='bbox 663 378 825 437; x_wconf 80' lang='lat' dir='ltr'><strong>adulterium</strong></span> <span class='ocrx_word' id='word_1_13' title='bbox 846 379 922 450; x_wconf 78' lang='lat' dir='ltr'><strong>iudi·</strong></span> <span class='ocrx_word' id='word_1_14' title='bbox 942 394 1035 478; x_wconf 57' lang='lat' dir='ltr'><strong>flnou</strong></span> <span class='ocrx_word' id='word_1_15' title='bbox 1050 378 1085 437; x_wconf 92' lang='lat' dir='ltr'><strong>de</strong></span> <span class='ocrx_word' id='word_1_16' title='bbox 1099 378 1190 436; x_wconf 83' lang='lat' dir='ltr'><strong>afflatu</strong></span> <span class='ocrx_word' id='word_1_17' title='bbox 1203 380 1253 437; x_wconf 83' lang='lat' dir='ltr'><strong>Dei</strong></span> <span class='ocrx_word' id='word_1_18' title='bbox 1272 381 1424 454; x_wconf 81' lang='lat' dir='ltr'><strong>psychicus.</strong></span> <span class='ocrx_word' id='word_1_19' title='bbox 1441 383 1522 454; x_wconf 85' lang='lat' dir='ltr'><strong>Quid,</strong></span> <span class='ocrx_word' id='word_1_20' title='bbox 1540 389 1561 444; x_wconf 91' lang='lat' dir='ltr'><strong>si</strong></span> <span class='ocrx_word' id='word_1_21' title='bbox 1580 390 1697 464; x_wconf 89' lang='lat' dir='ltr'><strong>inopiam</strong></span> <span class='ocrx_word' id='word_1_22' title='bbox 1712 395 1776 467; x_wconf 89' lang='lat' dir='ltr'><strong>quis</strong></span> <span class='ocrx_word' id='word_1_23' title='bbox 1887 438 1889 443; x_wconf 76' lang='grc'><strong><em>,</em></strong></span> 
     </span>
     <span class='ocr_line' id='line_1_3' title="bbox 126 466 1776 555; baseline 0.001 -16"><span class='ocrx_word' id='word_1_24' title='bbox 126 477 251 539; x_wconf 74' lang='lat' dir='ltr'><strong>murus?</strong></span> <span class='ocrx_word' id='word_1_25' title='bbox 265 476 337 547; x_wconf 85' lang='lat' dir='ltr'><strong>Quid</strong></span> <span class='ocrx_word' id='word_1_26' title='bbox 352 481 393 532; x_wconf 90' lang='lat' dir='ltr'><strong>est</strong></span> <span class='ocrx_word' id='word_1_27' title='bbox 410 472 482 531; x_wconf 90' lang='lat' dir='ltr'><strong>enirn</strong></span> <span class='ocrx_word' id='word_1_28' title='bbox 495 471 669 539; x_wconf 77' lang='lat' dir='ltr'><strong>adulterium,</strong></span> <span class='ocrx_word' id='word_1_29' title='bbox 688 485 769 543; x_wconf 88' lang='lat' dir='ltr'><strong>quam</strong></span> <span class='ocrx_word' id='word_1_30' title='bbox 789 466 927 525; x_wconf 90' lang='lat' dir='ltr'><strong>matrimo·</strong></span> <span class='ocrx_word' id='word_1_31' title='bbox 982 477 1116 538; x_wconf 75' lang='lat' dir='ltr'><strong>causetur,</strong></span> <span class='ocrx_word' id='word_1_32' title='bbox 1131 477 1161 525; x_wconf 92' lang='lat' dir='ltr'><strong>ut</strong></span> <span class='ocrx_word' id='word_1_33' title='bbox 1174 486 1280 528; x_wconf 91' lang='lat' dir='ltr'><strong>carnem</strong></span> <span class='ocrx_word' id='word_1_34' title='bbox 1299 488 1373 539; x_wconf 82' lang='lat' dir='ltr'><strong>epam</strong></span> <span class='ocrx_word' id='word_1_35' title='bbox 1395 485 1488 545; x_wconf 88' lang='lat' dir='ltr'><strong>aperte</strong></span> <span class='ocrx_word' id='word_1_36' title='bbox 1511 479 1681 549; x_wconf 88' lang='lat' dir='ltr'><strong>prostitutam</strong></span> <span class='ocrx_word' id='word_1_37' title='bbox 1710 500 1776 555; x_wconf 90' lang='lat' dir='ltr'><strong>pro-</strong></span> 
     </span>
     <span class='ocr_line' id='line_1_4' title="bbox 126 555 1776 637; baseline 0.001 -10"><span class='ocrx_word' id='word_1_38' title='bbox 126 569 205 628; x_wconf 89' lang='lat' dir='ltr'><strong>nium</strong></span> <span class='ocrx_word' id='word_1_39' title='bbox 218 564 368 624; x_wconf 87' lang='lat' dir='ltr'><strong>illicituml</strong></span> <span class='ocrx_word' id='word_1_40' title='bbox 381 564 465 620; x_wconf 88' lang='lat' dir='ltr'><strong>Notat</strong></span> <span class='ocrx_word' id='word_1_41' title='bbox 478 561 626 635; x_wconf 76' lang='lat' dir='ltr'><strong>Apostolus</strong></span> <span class='ocrx_word' id='word_1_42' title='bbox 641 575 703 627; x_wconf 88' lang='lat' dir='ltr'><strong>eos,</strong></span> <span class='ocrx_word' id='word_1_43' title='bbox 725 558 772 630; x_wconf 87' lang='lat' dir='ltr'><strong>qni</strong></span> <span class='ocrx_word' id='word_1_44' title='bbox 795 558 821 614; x_wconf 92' lang='lat' dir='ltr'><strong>iu</strong></span> <span class='ocrx_word' id='word_1_45' title='bbox 843 567 928 614; x_wconf 91' lang='lat' dir='ltr'><strong>totum</strong></span> <span class='ocrx_word' id='word_1_46' title='bbox 982 555 1101 629; x_wconf 77' lang='lat' dir='ltr'><strong>dueatur,</strong></span> <span class='ocrx_word' id='word_1_47' title='bbox 1141 559 1314 617; x_wconf 84' lang='lat' dir='ltr'><strong>exhibitionis</strong></span> <span class='ocrx_word' id='word_1_48' title='bbox 1349 577 1443 619; x_wconf 89' lang='lat' dir='ltr'><strong>caussa</strong></span> <span class='ocrx_word' id='word_1_49' title='bbox 1479 565 1634 637; x_wconf 90' lang='lat' dir='ltr'><strong>nubentem,</strong></span> <span class='ocrx_word' id='word_1_50' title='bbox 1675 572 1776 629; x_wconf 91' lang='lat' dir='ltr'><strong>oblitus</strong></span> 
     </span>
     <span class='ocr_line' id='line_1_5' title="bbox 126 646 1778 732; baseline -0.002 -13"><span class='ocrx_word' id='word_1_51' title='bbox 126 662 235 720; x_wconf 85' lang='lat' dir='ltr'><strong>nubere</strong></span> <span class='ocrx_word' id='word_1_52' title='bbox 249 654 437 731; x_wconf 89' lang='lat' dir='ltr'><strong>prohibebant,</strong></span> <span class='ocrx_word' id='word_1_53' title='bbox 459 653 504 724; x_wconf 88' lang='lat' dir='ltr'><strong>qui</strong></span> <span class='ocrx_word' id='word_1_54' title='bbox 526 650 602 708; x_wconf 90' lang='lat' dir='ltr'><strong>etde</strong></span> <span class='ocrx_word' id='word_1_55' title='bbox 625 649 691 707; x_wconf 89' lang='lat' dir='ltr'><strong>cibis</strong></span> <span class='ocrx_word' id='word_1_56' title='bbox 715 647 926 713; x_wconf 82' lang='lat' dir='ltr'><strong>interdicebant,</strong></span> <span class='ocrx_word' id='word_1_57' title='bbox 982 646 1093 720; x_wconf 72' lang='lat' dir='ltr'><strong>(idolol.</strong></span> <span class='ocrx_word' id='word_1_58' title='bbox 1109 665 1148 715; x_wconf 83' lang='grc' dir='ltr'><strong>ιι,</strong></span> <span class='ocrx_word' id='word_1_59' title='bbox 1160 651 1205 721; x_wconf 81' lang='lat'><strong>25)</strong></span> <span class='ocrx_word' id='word_1_60' title='bbox 1221 651 1255 708; x_wconf 80' lang='lat' dir='ltr'><strong>dc</strong></span> <span class='ocrx_word' id='word_1_61' title='bbox 1269 651 1348 708; x_wconf 83' lang='lat' dir='ltr'><strong>uictu</strong></span> <span class='ocrx_word' id='word_1_62' title='bbox 1362 656 1390 709; x_wconf 84' lang='lat' dir='ltr'><strong>et</strong></span> <span class='ocrx_word' id='word_1_63' title='bbox 1403 655 1574 714; x_wconf 81' lang='lat' dir='ltr'><strong>vcstitucon</strong></span> <span class='ocrx_word' id='word_1_64' title='bbox 1587 662 1778 732; x_wconf 57' lang='lat' dir='ltr'><strong>&amp;acception-</strong></span> 
     </span>
     <span class='ocr_line' id='line_1_6' title="bbox 127 733 1777 824; baseline 0.001 -18"><span class='ocrx_word' id='word_1_65' title='bbox 127 766 200 824; x_wconf 88' lang='lat' dir='ltr'><strong>quos</strong></span> <span class='ocrx_word' id='word_1_66' title='bbox 220 749 293 804; x_wconf 88' lang='lat' dir='ltr'><strong>Deus</strong></span> <span class='ocrx_word' id='word_1_67' title='bbox 315 741 436 802; x_wconf 78' lang='lat' dir='ltr'><strong>condidit</strong></span> <span class='ocrx_word' id='word_1_68' title='bbox 459 742 482 810; x_wconf 89' lang='lat' dir='ltr'><strong>(l</strong></span> <span class='ocrx_word' id='word_1_69' title='bbox 499 741 567 798; x_wconf 80' lang='lat' dir='ltr'><strong>Tim.</strong></span> <span class='ocrx_word' id='word_1_70' title='bbox 583 756 622 807; x_wconf 90' lang='grc' dir='ltr'><strong>ιν,</strong></span> <span class='ocrx_word' id='word_1_71' title='bbox 644 739 685 811; x_wconf 85' lang='grc'><strong>3.)</strong></span> <span class='ocrx_word' id='word_1_72' title='bbox 708 738 766 795; x_wconf 92' lang='lat' dir='ltr'><strong>Nos</strong></span> <span class='ocrx_word' id='word_1_73' title='bbox 787 753 849 795; x_wconf 89' lang='lat' dir='ltr'><strong>voro</strong></span> <span class='ocrx_word' id='word_1_74' title='bbox 874 752 928 794; x_wconf 90' lang='lat' dir='ltr'><strong>nou</strong></span> <span class='ocrx_word' id='word_1_75' title='bbox 982 736 1073 794; x_wconf 84' lang='lat' dir='ltr'><strong>dum?</strong></span> <span class='ocrx_word' id='word_1_76' title='bbox 1103 733 1188 792; x_wconf 87' lang='lat' dir='ltr'><strong>ilabet</strong></span> <span class='ocrx_word' id='word_1_77' title='bbox 1215 739 1302 795; x_wconf 87' lang='lat' dir='ltr'><strong>Deum</strong></span> <span class='ocrx_word' id='word_1_78' title='bbox 1327 740 1408 796; x_wconf 90' lang='lat' dir='ltr'><strong>etiam</strong></span> <span class='ocrx_word' id='word_1_79' title='bbox 1430 756 1572 800; x_wconf 84' lang='lat' dir='ltr'><strong>corvorum</strong></span> <span class='ocrx_word' id='word_1_80' title='bbox 1595 748 1777 820; x_wconf 82' lang='lat' dir='ltr'><strong>educatorem,</strong></span> 
     </span>
     <span class='ocr_line' id='line_1_7' title="bbox 128 825 1779 915; baseline -0.001 -17"><span class='ocrx_word' id='word_1_81' title='bbox 128 837 218 915; x_wconf 75' lang='lat' dir='ltr'><strong>magis</strong></span> <span class='ocrx_word' id='word_1_82' title='bbox 240 834 348 909; x_wconf 87' lang='lat' dir='ltr'><strong>nuptias</strong></span> <span class='ocrx_word' id='word_1_83' title='bbox 373 830 532 897; x_wconf 82' lang='lat' dir='ltr'><strong>auferimus,</strong></span> <span class='ocrx_word' id='word_1_84' title='bbox 556 831 579 886; x_wconf 92' lang='lat' dir='ltr'><strong>sl</strong></span> <span class='ocrx_word' id='word_1_85' title='bbox 603 828 737 887; x_wconf 88' lang='lat' dir='ltr'><strong>secundus</strong></span> <span class='ocrx_word' id='word_1_86' title='bbox 758 843 926 894; x_wconf 84' lang='lat' dir='ltr'><strong>recusamus,</strong></span> <span class='ocrx_word' id='word_1_87' title='bbox 981 825 1063 882; x_wconf 88' lang='lat' dir='ltr'><strong>etiam</strong></span> <span class='ocrx_word' id='word_1_88' title='bbox 1077 826 1173 884; x_wconf 90' lang='lat' dir='ltr'><strong>llorum</strong></span> <span class='ocrx_word' id='word_1_89' title='bbox 1187 827 1363 886; x_wconf 83' lang='lat' dir='ltr'><strong>excultorem.</strong></span> <span class='ocrx_word' id='word_1_90' title='bbox 1386 830 1459 902; x_wconf 88' lang='lat' dir='ltr'><strong>Quid</strong></span> <span class='ocrx_word' id='word_1_91' title='bbox 1481 832 1505 888; x_wconf 90' lang='lat' dir='ltr'><strong>si</strong></span> <span class='ocrx_word' id='word_1_92' title='bbox 1527 834 1700 894; x_wconf 87' lang='lat' dir='ltr'><strong>solitudinem</strong></span> <span class='ocrx_word' id='word_1_93' title='bbox 1726 839 1779 897; x_wconf 92' lang='lat' dir='ltr'><strong>do·</strong></span> 
     </span>
     <span class='ocr_line' id='line_1_8' title="bbox 128 917 1779 1004; baseline -0.001 -18"><span class='ocrx_word' id='word_1_94' title='bbox 128 944 212 1004; x_wconf 82' lang='lat' dir='ltr'><strong>quarn</strong></span> <span class='ocrx_word' id='word_1_95' title='bbox 225 927 302 983; x_wconf 87' lang='lat' dir='ltr'><strong>cibos</strong></span> <span class='ocrx_word' id='word_1_96' title='bbox 316 922 501 996; x_wconf 88' lang='lat' dir='ltr'><strong>reprobamus,</strong></span> <span class='ocrx_word' id='word_1_97' title='bbox 519 920 830 993; x_wconf 80' lang='lat' dir='ltr'><strong>sisaepiusJ‘ejuuamus.</strong></span> <span class='ocrx_word' id='word_1_98' title='bbox 847 917 928 973; x_wconf 82' lang='lat' dir='ltr'><strong>htiud</strong></span> <span class='ocrx_word' id='word_1_99' title='bbox 982 931 1042 972; x_wconf 88' lang='lat' dir='ltr'><strong>mus</strong></span> <span class='ocrx_word' id='word_1_100' title='bbox 1066 918 1192 974; x_wconf 88' lang='lat' dir='ltr'><strong>obtendat</strong></span> <span class='ocrx_word' id='word_1_101' title='bbox 1223 918 1272 976; x_wconf 75' lang='lat'><strong>⁶⁶?</strong></span> <span class='ocrx_word' id='word_1_102' title='bbox 1294 920 1376 990; x_wconf 85' lang='lat' dir='ltr'><strong>Quasi</strong></span> <span class='ocrx_word' id='word_1_103' title='bbox 1402 937 1455 978; x_wconf 90' lang='lat' dir='ltr'><strong>uua</strong></span> <span class='ocrx_word' id='word_1_104' title='bbox 1481 922 1579 980; x_wconf 89' lang='lat' dir='ltr'><strong>mulier</strong></span> <span class='ocrx_word' id='word_1_105' title='bbox 1601 923 1779 999; x_wconf 80' lang='lat' dir='ltr'><strong>frequentiam</strong></span> 
     </span>
     <span class='ocr_line' id='line_1_9' title="bbox 129 1006 1780 1084; baseline -0.007 -8"><span class='ocrx_word' id='word_1_106' title='bbox 129 1025 175 1076; x_wconf 89' lang='lat' dir='ltr'><strong>est</strong></span> <span class='ocrx_word' id='word_1_107' title='bbox 196 1016 312 1083; x_wconf 80' lang='lat' dir='ltr'><strong>auterre,</strong></span> <span class='ocrx_word' id='word_1_108' title='bbox 340 1010 414 1068; x_wconf 90' lang='lat' dir='ltr'><strong>aliud</strong></span> <span class='ocrx_word' id='word_1_109' title='bbox 424 1018 586 1083; x_wconf 88' lang='lat' dir='ltr'><strong>temperare,</strong></span> <span class='ocrx_word' id='word_1_110' title='bbox 610 1007 681 1064; x_wconf 90' lang='lat' dir='ltr'><strong>aliud</strong></span> <span class='ocrx_word' id='word_1_111' title='bbox 702 1015 744 1063; x_wconf 91' lang='lat' dir='ltr'><strong>est</strong></span> <span class='ocrx_word' id='word_1_112' title='bbox 765 1008 852 1078; x_wconf 80' lang='lat' dir='ltr'><strong>legem</strong></span> <span class='ocrx_word' id='word_1_113' title='bbox 873 1022 928 1062; x_wconf 91' lang='lat' dir='ltr'><strong>uon</strong></span> <span class='ocrx_word' id='word_1_114' title='bbox 982 1013 1092 1077; x_wconf 81' lang='lat' dir='ltr'><strong>praestet</strong></span> <span class='ocrx_word' id='word_1_115' title='bbox 1110 1006 1212 1064; x_wconf 92' lang='lat' dir='ltr'><strong>bomini</strong></span> <span class='ocrx_word' id='word_1_116' title='bbox 1234 1007 1377 1083; x_wconf 82' lang='lat' dir='ltr'><strong>adingam</strong></span> <span class='ocrx_word' id='word_1_117' title='bbox 1396 1011 1541 1084; x_wconf 82' lang='lat' dir='ltr'><strong>proximo:</strong></span> <span class='ocrx_word' id='word_1_118' title='bbox 1562 1013 1643 1071; x_wconf 87' lang='lat' dir='ltr'><strong>habet</strong></span> <span class='ocrx_word' id='word_1_119' title='bbox 1670 1017 1780 1075; x_wconf 74' lang='lat' dir='ltr'><strong>viduam</strong></span> 
     </span>
     <span class='ocr_line' id='line_1_10' title="bbox 129 1095 1780 1179; baseline 0.001 -16"><span class='ocrx_word' id='word_1_120' title='bbox 129 1103 253 1163; x_wconf 89' lang='lat' dir='ltr'><strong>nubendi</strong></span> <span class='ocrx_word' id='word_1_121' title='bbox 266 1097 464 1176; x_wconf 89' lang='lat' dir='ltr'><strong>ponere,alind</strong></span> <span class='ocrx_word' id='word_1_122' title='bbox 478 1098 504 1136; x_wconf 83' lang='grc'><strong>66</strong></span> <span class='ocrx_word' id='word_1_123' title='bbox 526 1096 635 1153; x_wconf 92' lang='lat' dir='ltr'><strong>modum</strong></span> <span class='ocrx_word' id='word_1_124' title='bbox 658 1095 778 1152; x_wconf 90' lang='lat' dir='ltr'><strong>nubendi</strong></span> <span class='ocrx_word' id='word_1_125' title='bbox 801 1102 927 1151; x_wconf 88' lang='lat' dir='ltr'><strong>statuere.</strong></span> <span class='ocrx_word' id='word_1_126' title='bbox 982 1095 1086 1169; x_wconf 85' lang='lat' dir='ltr'><strong>utique,</strong></span> <span class='ocrx_word' id='word_1_127' title='bbox 1112 1112 1193 1169; x_wconf 89' lang='lat' dir='ltr'><strong>quam</strong></span> <span class='ocrx_word' id='word_1_128' title='bbox 1212 1099 1333 1154; x_wconf 87' lang='lat' dir='ltr'><strong>adsumat</strong></span> <span class='ocrx_word' id='word_1_129' title='bbox 1356 1099 1459 1157; x_wconf 90' lang='lat' dir='ltr'><strong>licebit.</strong></span> <span class='ocrx_word' id='word_1_130' title='bbox 1481 1101 1543 1158; x_wconf 91' lang='lat' dir='ltr'><strong>Non</strong></span> <span class='ocrx_word' id='word_1_131' title='bbox 1567 1119 1649 1160; x_wconf 91' lang='lat' dir='ltr'><strong>unam</strong></span> <span class='ocrx_word' id='word_1_132' title='bbox 1671 1108 1780 1179; x_wconf 75' lang='lat' dir='ltr'><strong>generis</strong></span> 
     </span>
     <span class='ocr_line' id='line_1_11' title="bbox 129 1182 1781 1266; baseline 0.001 -15"><span class='ocrx_word' id='word_1_133' title='bbox 129 1192 274 1266; x_wconf 78' lang='lat' dir='ltr'><strong>Plenaqui</strong></span> <span class='ocrx_word' id='word_1_134' title='bbox 298 1189 464 1263; x_wconf 80' lang='lat' dir='ltr'><strong>exprobrant</strong></span> <span class='ocrx_word' id='word_1_135' title='bbox 487 1186 567 1243; x_wconf 91' lang='lat' dir='ltr'><strong>uobis</strong></span> <span class='ocrx_word' id='word_1_136' title='bbox 589 1184 719 1243; x_wconf 90' lang='lat' dir='ltr'><strong>duritiam</strong></span> <span class='ocrx_word' id='word_1_137' title='bbox 740 1186 780 1242; x_wconf 83' lang='lat' dir='ltr'><strong>uel</strong></span> <span class='ocrx_word' id='word_1_138' title='bbox 803 1182 929 1239; x_wconf 76' lang='lat' dir='ltr'><strong>haeresim</strong></span> <span class='ocrx_word' id='word_1_139' title='bbox 982 1183 1062 1255; x_wconf 91' lang='lat' dir='ltr'><strong>hujus</strong></span> <span class='ocrx_word' id='word_1_140' title='bbox 1082 1202 1204 1254; x_wconf 77' lang='lat' dir='ltr'><strong>uxorem,</strong></span> <span class='ocrx_word' id='word_1_141' title='bbox 1219 1188 1267 1243; x_wconf 85' lang='lat' dir='ltr'><strong>aad</strong></span> <span class='ocrx_word' id='word_1_142' title='bbox 1287 1189 1368 1245; x_wconf 89' lang='lat' dir='ltr'><strong>etiam</strong></span> <span class='ocrx_word' id='word_1_143' title='bbox 1390 1189 1415 1228; x_wconf 73' lang='grc'><strong>66</strong></span> <span class='ocrx_word' id='word_1_144' title='bbox 1429 1191 1523 1264; x_wconf 91' lang='lat' dir='ltr'><strong>plures</strong></span> <span class='ocrx_word' id='word_1_145' title='bbox 1544 1193 1645 1251; x_wconf 86' lang='lat' dir='ltr'><strong>habere</strong></span> <span class='ocrx_word' id='word_1_146' title='bbox 1668 1211 1781 1254; x_wconf 88' lang='lat' dir='ltr'><strong>conces-</strong></span> 
     </span>
     <span class='ocr_line' id='line_1_12' title="bbox 129 1271 1779 1358; baseline 0.001 -17"><span class='ocrx_word' id='word_1_147' title='bbox 129 1284 161 1340; x_wconf 89' lang='lat' dir='ltr'><strong>in</strong></span> <span class='ocrx_word' id='word_1_148' title='bbox 174 1285 226 1340; x_wconf 90' lang='lat' dir='ltr'><strong>hac</strong></span> <span class='ocrx_word' id='word_1_149' title='bbox 240 1295 321 1339; x_wconf 85' lang='lat' dir='ltr'><strong>causa</strong></span> <span class='ocrx_word' id='word_1_150' title='bbox 335 1280 370 1349; x_wconf 82' lang='grc'><strong>66,</strong></span> <span class='ocrx_word' id='word_1_151' title='bbox 387 1276 410 1333; x_wconf 89' lang='lat' dir='ltr'><strong>si</strong></span> <span class='ocrx_word' id='word_1_152' title='bbox 423 1277 452 1332; x_wconf 90' lang='lat' dir='ltr'><strong>in</strong></span> <span class='ocrx_word' id='word_1_153' title='bbox 467 1283 571 1332; x_wconf 87' lang='lat' dir='ltr'><strong>tautum</strong></span> <span class='ocrx_word' id='word_1_154' title='bbox 586 1274 675 1331; x_wconf 86' lang='lat' dir='ltr'><strong>iuvent</strong></span> <span class='ocrx_word' id='word_1_155' title='bbox 700 1274 790 1331; x_wconf 90' lang='lat' dir='ltr'><strong>caruis</strong></span> <span class='ocrx_word' id='word_1_156' title='bbox 814 1271 929 1328; x_wconf 76' lang='lat' dir='ltr'><strong>inlaturi·</strong></span> <span class='ocrx_word' id='word_1_157' title='bbox 984 1289 1046 1329; x_wconf 91' lang='lat' dir='ltr'><strong>sum</strong></span> <span class='ocrx_word' id='word_1_158' title='bbox 1059 1285 1108 1333; x_wconf 85' lang='lat' dir='ltr'><strong>est.</strong></span> <span class='ocrx_word' id='word_1_159' title='bbox 1125 1273 1206 1347; x_wconf 87' lang='lat' dir='ltr'><strong>Quid,</strong></span> <span class='ocrx_word' id='word_1_160' title='bbox 1221 1277 1244 1332; x_wconf 91' lang='lat' dir='ltr'><strong>si</strong></span> <span class='ocrx_word' id='word_1_161' title='bbox 1258 1276 1292 1333; x_wconf 90' lang='lat' dir='ltr'><strong>de</strong></span> <span class='ocrx_word' id='word_1_162' title='bbox 1306 1279 1465 1351; x_wconf 89' lang='lat' dir='ltr'><strong>posteritate</strong></span> <span class='ocrx_word' id='word_1_163' title='bbox 1478 1281 1539 1353; x_wconf 90' lang='lat' dir='ltr'><strong>quis</strong></span> <span class='ocrx_word' id='word_1_164' title='bbox 1553 1282 1653 1358; x_wconf 77' lang='lat' dir='ltr'><strong>cogitet</strong></span> <span class='ocrx_word' id='word_1_165' title='bbox 1683 1286 1779 1343; x_wconf 87' lang='lat' dir='ltr'><strong>iisdem</strong></span> 
     </span>
     <span class='ocr_line' id='line_1_13' title="bbox 131 1363 1782 1440; baseline -0.002 -9"><span class='ocrx_word' id='word_1_166' title='bbox 131 1381 226 1440; x_wconf 85' lang='lat' dir='ltr'><strong>tatem,</strong></span> <span class='ocrx_word' id='word_1_167' title='bbox 240 1369 322 1429; x_wconf 75' lang='grc'><strong>951</strong></span> <span class='ocrx_word' id='word_1_168' title='bbox 343 1375 372 1425; x_wconf 91' lang='lat' dir='ltr'><strong>ut</strong></span> <span class='ocrx_word' id='word_1_169' title='bbox 385 1367 413 1423; x_wconf 89' lang='lat' dir='ltr'><strong>iu</strong></span> <span class='ocrx_word' id='word_1_170' title='bbox 432 1366 559 1424; x_wconf 87' lang='lat' dir='ltr'><strong>nubendo</strong></span> <span class='ocrx_word' id='word_1_171' title='bbox 574 1364 730 1437; x_wconf 76' lang='lat' dir='ltr'><strong>frequenter</strong></span> <span class='ocrx_word' id='word_1_172' title='bbox 744 1363 930 1420; x_wconf 87' lang='lat' dir='ltr'><strong>sustinendam</strong></span> <span class='ocrx_word' id='word_1_173' title='bbox 986 1363 1095 1433; x_wconf 90' lang='lat' dir='ltr'><strong>animis,</strong></span> <span class='ocrx_word' id='word_1_174' title='bbox 1128 1366 1228 1437; x_wconf 88' lang='lat' dir='ltr'><strong>quihus</strong></span> <span class='ocrx_word' id='word_1_175' title='bbox 1251 1368 1338 1424; x_wconf 88' lang='lat' dir='ltr'><strong>oculis</strong></span> <span class='ocrx_word' id='word_1_176' title='bbox 1362 1384 1429 1426; x_wconf 81' lang='lat' dir='ltr'><strong>uuor</strong></span> <span class='ocrx_word' id='word_1_177' title='bbox 1450 1370 1528 1437; x_wconf 91' lang='lat' dir='ltr'><strong>Loth,</strong></span> <span class='ocrx_word' id='word_1_178' title='bbox 1557 1383 1586 1428; x_wconf 90' lang='lat' dir='ltr'><strong>ut</strong></span> <span class='ocrx_word' id='word_1_179' title='bbox 1608 1371 1697 1432; x_wconf 66' lang='lat'><strong>952</strong></span> <span class='ocrx_word' id='word_1_180' title='bbox 1720 1375 1782 1433; x_wconf 75' lang='lat' dir='ltr'><strong>ideo</strong></span> 
     </span>
     <span class='ocr_line' id='line_1_14' title="bbox 131 1451 1782 1537; baseline 0 -15"><span class='ocrx_word' id='word_1_181' title='bbox 131 1471 254 1537; x_wconf 87' lang='lat' dir='ltr'><strong>putent:</strong></span> <span class='ocrx_word' id='word_1_182' title='bbox 275 1475 325 1518; x_wconf 92' lang='lat' dir='ltr'><strong>cur</strong></span> <span class='ocrx_word' id='word_1_183' title='bbox 348 1455 471 1514; x_wconf 86' lang='lat' dir='ltr'><strong>illumin</strong></span> <span class='ocrx_word' id='word_1_184' title='bbox 494 1455 546 1512; x_wconf 90' lang='lat' dir='ltr'><strong>alia</strong></span> <span class='ocrx_word' id='word_1_185' title='bbox 570 1470 652 1511; x_wconf 87' lang='lat' dir='ltr'><strong>causa</strong></span> <span class='ocrx_word' id='word_1_186' title='bbox 676 1470 763 1527; x_wconf 87' lang='lat' dir='ltr'><strong>neque</strong></span> <span class='ocrx_word' id='word_1_187' title='bbox 785 1451 929 1517; x_wconf 88' lang='lat' dir='ltr'><strong>sustinent,</strong></span> <span class='ocrx_word' id='word_1_188' title='bbox 984 1452 1044 1523; x_wconf 83' lang='lat' dir='ltr'><strong>qtuis</strong></span> <span class='ocrx_word' id='word_1_189' title='bbox 1069 1461 1171 1525; x_wconf 89' lang='lat' dir='ltr'><strong>repetat</strong></span> <span class='ocrx_word' id='word_1_190' title='bbox 1199 1457 1410 1531; x_wconf 86' lang='lat' dir='ltr'><strong>matrimonium,</strong></span> <span class='ocrx_word' id='word_1_191' title='bbox 1434 1459 1545 1531; x_wconf 86' lang='lat' dir='ltr'><strong>quiade</strong></span> <span class='ocrx_word' id='word_1_192' title='bbox 1566 1461 1656 1534; x_wconf 88' lang='lat' dir='ltr'><strong>priore</strong></span> <span class='ocrx_word' id='word_1_193' title='bbox 1681 1463 1782 1522; x_wconf 87' lang='lat' dir='ltr'><strong>liberos</strong></span> 
     </span>
     <span class='ocr_line' id='line_1_15' title="bbox 130 1542 1779 1627; baseline 0.001 -17"><span class='ocrx_word' id='word_1_194' title='bbox 130 1567 223 1626; x_wconf 84' lang='lat' dir='ltr'><strong>neque</strong></span> <span class='ocrx_word' id='word_1_195' title='bbox 237 1549 318 1607; x_wconf 87' lang='lat' dir='ltr'><strong>venia</strong></span> <span class='ocrx_word' id='word_1_196' title='bbox 332 1548 434 1617; x_wconf 75' lang='lat' dir='ltr'><strong>locent,</strong></span> <span class='ocrx_word' id='word_1_197' title='bbox 458 1562 520 1604; x_wconf 91' lang='lat' dir='ltr'><strong>cum</strong></span> <span class='ocrx_word' id='word_1_198' title='bbox 543 1543 688 1600; x_wconf 87' lang='lat' dir='ltr'><strong>tormentis</strong></span> <span class='ocrx_word' id='word_1_199' title='bbox 711 1547 866 1615; x_wconf 76' lang='lat' dir='ltr'><strong>expugnata</strong></span> <span class='ocrx_word' id='word_1_200' title='bbox 888 1545 930 1596; x_wconf 86' lang='lat' dir='ltr'><strong>cst</strong></span> <span class='ocrx_word' id='word_1_201' title='bbox 986 1554 1041 1598; x_wconf 90' lang='lat' dir='ltr'><strong>uon</strong></span> <span class='ocrx_word' id='word_1_202' title='bbox 1066 1542 1184 1599; x_wconf 85' lang='lat' dir='ltr'><strong>habuit‘l</strong></span> <span class='ocrx_word' id='word_1_203' title='bbox 1202 1545 1323 1602; x_wconf 88' lang='lat' dir='ltr'><strong>haeredes</strong></span> <span class='ocrx_word' id='word_1_204' title='bbox 1346 1549 1452 1604; x_wconf 90' lang='lat' dir='ltr'><strong>scilicet</strong></span> <span class='ocrx_word' id='word_1_205' title='bbox 1474 1549 1642 1609; x_wconf 86' lang='lat' dir='ltr'><strong>Christianus</strong></span> <span class='ocrx_word' id='word_1_206' title='bbox 1665 1563 1779 1627; x_wconf 78' lang='lat' dir='ltr'><strong>quaeret,</strong></span> 
     </span>
     <span class='ocr_line' id='line_1_16' title="bbox 131 1627 1782 1714; baseline 0.001 -14"><span class='ocrx_word' id='word_1_207' title='bbox 131 1643 162 1700; x_wconf 88' lang='lat' dir='ltr'><strong>iu</strong></span> <span class='ocrx_word' id='word_1_208' title='bbox 175 1637 372 1714; x_wconf 77' lang='lat' dir='ltr'><strong>negationem?</strong></span> <span class='ocrx_word' id='word_1_209' title='bbox 386 1635 484 1709; x_wconf 87' lang='lat' dir='ltr'><strong>Utique</strong></span> <span class='ocrx_word' id='word_1_210' title='bbox 508 1633 580 1692; x_wconf 89' lang='lat' dir='ltr'><strong>cuim</strong></span> <span class='ocrx_word' id='word_1_211' title='bbox 603 1632 676 1689; x_wconf 89' lang='lat' dir='ltr'><strong>illam</strong></span> <span class='ocrx_word' id='word_1_212' title='bbox 699 1630 786 1704; x_wconf 78' lang='lat' dir='ltr'><strong>magis</strong></span> <span class='ocrx_word' id='word_1_213' title='bbox 807 1627 929 1686; x_wconf 84' lang='lat' dir='ltr'><strong>excusari</strong></span> <span class='ocrx_word' id='word_1_214' title='bbox 983 1631 1075 1688; x_wconf 74' lang='lat' dir='ltr'><strong>saeculi</strong></span> <span class='ocrx_word' id='word_1_215' title='bbox 1090 1631 1174 1689; x_wconf 89' lang='lat' dir='ltr'><strong>totius</strong></span> <span class='ocrx_word' id='word_1_216' title='bbox 1188 1635 1337 1690; x_wconf 71' lang='lat' dir='ltr'><strong>exhaeres?</strong></span> <span class='ocrx_word' id='word_1_217' title='bbox 1352 1637 1437 1694; x_wconf 88' lang='lat' dir='ltr'><strong>llabet</strong></span> <span class='ocrx_word' id='word_1_218' title='bbox 1462 1638 1570 1707; x_wconf 86' lang='lat' dir='ltr'><strong>iratres,</strong></span> <span class='ocrx_word' id='word_1_219' title='bbox 1586 1642 1667 1699; x_wconf 90' lang='lat' dir='ltr'><strong>habet</strong></span> <span class='ocrx_word' id='word_1_220' title='bbox 1683 1644 1782 1702; x_wconf 85' lang='lat' dir='ltr'><strong>Eccle-</strong></span> 
     </span>
     <span class='ocr_line' id='line_1_17' title="bbox 132 1691 1782 1806; baseline 0 -18"><span class='ocrx_word' id='word_1_221' title='bbox 132 1731 217 1805; x_wconf 87' lang='lat' dir='ltr'><strong>capit,</strong></span> <span class='ocrx_word' id='word_1_222' title='bbox 233 1745 293 1804; x_wconf 81' lang='lat' dir='ltr'><strong>quae</strong></span> <span class='ocrx_word' id='word_1_223' title='bbox 306 1727 335 1784; x_wconf 92' lang='lat' dir='ltr'><strong>iu</strong></span> <span class='ocrx_word' id='word_1_224' title='bbox 348 1725 442 1800; x_wconf 84' lang='lat' dir='ltr'><strong>praelio</strong></span> <span class='ocrx_word' id='word_1_225' title='bbox 456 1724 564 1793; x_wconf 88' lang='lat' dir='ltr'><strong>cecidit,</strong></span> <span class='ocrx_word' id='word_1_226' title='bbox 579 1738 659 1795; x_wconf 84' lang='lat' dir='ltr'><strong>quam</strong></span> <span class='ocrx_word' id='word_1_227' title='bbox 673 1737 734 1794; x_wconf 84' lang='lat' dir='ltr'><strong>quae</strong></span> <span class='ocrx_word' id='word_1_228' title='bbox 749 1722 776 1776; x_wconf 92' lang='lat' dir='ltr'><strong>iu</strong></span> <span class='ocrx_word' id='word_1_229' title='bbox 789 1717 928 1784; x_wconf 88' lang='lat' dir='ltr'><strong>cubiculo;</strong></span> <span class='ocrx_word' id='word_1_230' title='bbox 947 1691 969 1770; x_wconf 75' lang='grc' dir='ltr'><strong>Β</strong></span> <span class='ocrx_word' id='word_1_231' title='bbox 984 1719 1051 1776; x_wconf 91' lang='lat' dir='ltr'><strong>siam</strong></span> <span class='ocrx_word' id='word_1_232' title='bbox 1066 1729 1188 1779; x_wconf 88' lang='lat' dir='ltr'><strong>matrem.</strong></span> <span class='ocrx_word' id='word_1_233' title='bbox 1208 1722 1288 1780; x_wconf 84' lang='lat' dir='ltr'><strong>Aliud</strong></span> <span class='ocrx_word' id='word_1_234' title='bbox 1311 1733 1363 1791; x_wconf 88' lang='lat' dir='ltr'><strong>est,</strong></span> <span class='ocrx_word' id='word_1_235' title='bbox 1378 1725 1400 1781; x_wconf 92' lang='lat' dir='ltr'><strong>si</strong></span> <span class='ocrx_word' id='word_1_236' title='bbox 1415 1733 1442 1781; x_wconf 92' lang='lat' dir='ltr'><strong>et</strong></span> <span class='ocrx_word' id='word_1_237' title='bbox 1463 1728 1537 1799; x_wconf 89' lang='lat' dir='ltr'><strong>apud</strong></span> <span class='ocrx_word' id='word_1_238' title='bbox 1561 1727 1696 1786; x_wconf 86' lang='lat' dir='ltr'><strong>Christum</strong></span> <span class='ocrx_word' id='word_1_239' title='bbox 1710 1734 1782 1806; x_wconf 80' lang='lat' dir='ltr'><strong>legi·</strong></span> 
     </span>
     <span class='ocr_line' id='line_1_18' title="bbox 136 1805 1783 1892; baseline 0.001 -16"><span class='ocrx_word' id='word_1_240' title='bbox 136 1836 202 1892; x_wconf 81' lang='lat' dir='ltr'><strong>quae</strong></span> <span class='ocrx_word' id='word_1_241' title='bbox 216 1819 245 1876; x_wconf 91' lang='lat' dir='ltr'><strong>in</strong></span> <span class='ocrx_word' id='word_1_242' title='bbox 273 1817 386 1890; x_wconf 83' lang='lat' dir='ltr'><strong>equuteo</strong></span> <span class='ocrx_word' id='word_1_243' title='bbox 419 1812 574 1884; x_wconf 84' lang='lat' dir='ltr'><strong>succubuit,</strong></span> <span class='ocrx_word' id='word_1_244' title='bbox 588 1827 668 1884; x_wconf 87' lang='lat' dir='ltr'><strong>quam</strong></span> <span class='ocrx_word' id='word_1_245' title='bbox 697 1825 757 1882; x_wconf 81' lang='lat' dir='ltr'><strong>que</strong></span> <span class='ocrx_word' id='word_1_246' title='bbox 775 1808 803 1864; x_wconf 91' lang='lat' dir='ltr'><strong>iu</strong></span> <span class='ocrx_word' id='word_1_247' title='bbox 817 1805 930 1875; x_wconf 71' lang='lat' dir='ltr'><strong>lectulo,</strong></span> <span class='ocrx_word' id='word_1_248' title='bbox 985 1809 1397 1886; x_wconf 77' lang='lat' dir='ltr'><strong>busluliisagicreduut(lll,</strong></span> <span class='ocrx_word' id='word_1_249' title='bbox 1412 1822 1439 1870; x_wconf 88' lang='lat' dir='ltr'><strong>et</strong></span> <span class='ocrx_word' id='word_1_250' title='bbox 1453 1814 1608 1873; x_wconf 83' lang='lat' dir='ltr'><strong>existimant</strong></span> <span class='ocrx_word' id='word_1_251' title='bbox 1629 1818 1654 1856; x_wconf 86' lang='grc'><strong>66</strong></span> <span class='ocrx_word' id='word_1_252' title='bbox 1675 1820 1783 1879; x_wconf 81' lang='lat' dir='ltr'><strong>caelibes</strong></span> 
     </span>
     <span class='ocr_line' id='line_1_19' title="bbox 134 1898 1784 1984; baseline -0.001 -15"><span class='ocrx_word' id='word_1_253' title='bbox 134 1927 200 1984; x_wconf 82' lang='lat' dir='ltr'><strong>qnae</strong></span> <span class='ocrx_word' id='word_1_254' title='bbox 222 1907 368 1968; x_wconf 85' lang='lat' dir='ltr'><strong>credulitati</strong></span> <span class='ocrx_word' id='word_1_255' title='bbox 399 1906 490 1973; x_wconf 89' lang='lat' dir='ltr'><strong>cessit,</strong></span> <span class='ocrx_word' id='word_1_256' title='bbox 515 1920 597 1977; x_wconf 91' lang='lat' dir='ltr'><strong>quam</strong></span> <span class='ocrx_word' id='word_1_257' title='bbox 621 1917 683 1975; x_wconf 85' lang='lat' dir='ltr'><strong>quae</strong></span> <span class='ocrx_word' id='word_1_258' title='bbox 714 1898 836 1968; x_wconf 83' lang='lat' dir='ltr'><strong>libidini3</strong></span> <span class='ocrx_word' id='word_1_259' title='bbox 870 1912 931 1971; x_wconf 86' lang='lat' dir='ltr'><strong>quae</strong></span> <span class='ocrx_word' id='word_1_260' title='bbox 984 1905 1013 1954; x_wconf 91' lang='lat' dir='ltr'><strong>et</strong></span> <span class='ocrx_word' id='word_1_261' title='bbox 1038 1900 1119 1955; x_wconf 83' lang='lat' dir='ltr'><strong>orbos</strong></span> <span class='ocrx_word' id='word_1_262' title='bbox 1146 1916 1180 1956; x_wconf 83' lang='lat' dir='ltr'><strong>ex</strong></span> <span class='ocrx_word' id='word_1_263' title='bbox 1205 1907 1366 1958; x_wconf 85' lang='lat' dir='ltr'><strong>testamento</strong></span> <span class='ocrx_word' id='word_1_264' title='bbox 1394 1902 1443 1960; x_wconf 86' lang='lat' dir='ltr'><strong>Dei</strong></span> <span class='ocrx_word' id='word_1_265' title='bbox 1469 1903 1586 1960; x_wconf 89' lang='lat' dir='ltr'><strong>solidum</strong></span> <span class='ocrx_word' id='word_1_266' title='bbox 1620 1922 1674 1964; x_wconf 93' lang='lat' dir='ltr'><strong>uou</strong></span> <span class='ocrx_word' id='word_1_267' title='bbox 1701 1924 1784 1981; x_wconf 91' lang='lat' dir='ltr'><strong>posse</strong></span> 
     </span>
     <span class='ocr_line' id='line_1_20' title="bbox 132 1986 1785 2075; baseline -0.001 -19"><span class='ocrx_word' id='word_1_268' title='bbox 132 2013 249 2075; x_wconf 69' lang='lat' dir='ltr'><strong>gemeus</strong></span> <span class='ocrx_word' id='word_1_269' title='bbox 263 1996 367 2054; x_wconf 87' lang='lat' dir='ltr'><strong>devicta</strong></span> <span class='ocrx_word' id='word_1_270' title='bbox 379 2003 433 2060; x_wconf 89' lang='lat' dir='ltr'><strong>est,</strong></span> <span class='ocrx_word' id='word_1_271' title='bbox 461 2010 542 2068; x_wconf 91' lang='lat' dir='ltr'><strong>quam</strong></span> <span class='ocrx_word' id='word_1_272' title='bbox 560 2009 621 2067; x_wconf 88' lang='lat' dir='ltr'><strong>quaa</strong></span> <span class='ocrx_word' id='word_1_273' title='bbox 643 1993 754 2048; x_wconf 83' lang='lat' dir='ltr'><strong>subcus.</strong></span> <span class='ocrx_word' id='word_1_274' title='bbox 778 1989 832 2059; x_wconf 89' lang='lat' dir='ltr'><strong>Sed</strong></span> <span class='ocrx_word' id='word_1_275' title='bbox 859 1986 932 2042; x_wconf 89' lang='lat' dir='ltr'><strong>illum</strong></span> <span class='ocrx_word' id='word_1_276' title='bbox 984 2003 1091 2058; x_wconf 88' lang='lat' dir='ltr'><strong>capere.</strong></span> <span class='ocrx_word' id='word_1_277' title='bbox 1106 1988 1216 2044; x_wconf 85' lang='lat' dir='ltr'><strong>Nubant</strong></span> <span class='ocrx_word' id='word_1_278' title='bbox 1234 1990 1315 2064; x_wconf 82' lang='lat' dir='ltr'><strong>igitur</strong></span> <span class='ocrx_word' id='word_1_279' title='bbox 1328 1992 1482 2063; x_wconf 90' lang='lat' dir='ltr'><strong>hujusmodi</strong></span> <span class='ocrx_word' id='word_1_280' title='bbox 1496 1995 1523 2051; x_wconf 93' lang='lat' dir='ltr'><strong>in</strong></span> <span class='ocrx_word' id='word_1_281' title='bbox 1539 1993 1619 2053; x_wconf 88' lang='lat' dir='ltr'><strong>duem</strong></span> <span class='ocrx_word' id='word_1_282' title='bbox 1632 2014 1730 2072; x_wconf 88' lang='lat' dir='ltr'><strong>usquc,</strong></span> <span class='ocrx_word' id='word_1_283' title='bbox 1754 2007 1785 2056; x_wconf 93' lang='lat' dir='ltr'><strong>ut</strong></span> 
     </span>
     <span class='ocr_line' id='line_1_21' title="bbox 132 2075 1783 2163; baseline 0 -17"><span class='ocrx_word' id='word_1_284' title='bbox 132 2089 246 2163; x_wconf 88' lang='lat' dir='ltr'><strong>quidem</strong></span> <span class='ocrx_word' id='word_1_285' title='bbox 260 2102 277 2144; x_wconf 90' lang='grc' dir='ltr'><strong>ιι</strong></span> <span class='ocrx_word' id='word_1_286' title='bbox 294 2085 536 2145; x_wconf 86' lang='lat' dir='ltr'><strong>communicatione</strong></span> <span class='ocrx_word' id='word_1_287' title='bbox 550 2082 696 2154; x_wconf 88' lang='lat' dir='ltr'><strong>depellunt,</strong></span> <span class='ocrx_word' id='word_1_288' title='bbox 711 2079 774 2153; x_wconf 93' lang='lat' dir='ltr'><strong>quia</strong></span> <span class='ocrx_word' id='word_1_289' title='bbox 788 2094 842 2135; x_wconf 91' lang='lat' dir='ltr'><strong>uon</strong></span> <span class='ocrx_word' id='word_1_290' title='bbox 856 2077 933 2134; x_wconf 85' lang='lat' dir='ltr'><strong>susti·</strong></span> <span class='ocrx_word' id='word_1_291' title='bbox 985 2075 1014 2131; x_wconf 91' lang='lat' dir='ltr'><strong>in</strong></span> <span class='ocrx_word' id='word_1_292' title='bbox 1028 2076 1080 2132; x_wconf 88' lang='lat' dir='ltr'><strong>ista</strong></span> <span class='ocrx_word' id='word_1_293' title='bbox 1094 2077 1252 2135; x_wconf 79' lang='lat' dir='ltr'><strong>confusione</strong></span> <span class='ocrx_word' id='word_1_294' title='bbox 1266 2082 1369 2151; x_wconf 55' lang='lat' dir='ltr'><strong>carnin</strong></span> <span class='ocrx_word' id='word_1_295' title='bbox 1391 2083 1461 2142; x_wconf 78' lang='lat' dir='ltr'><strong>deut</strong></span> <span class='ocrx_word' id='word_1_296' title='bbox 1475 2083 1594 2142; x_wconf 88' lang='lat' dir='ltr'><strong>Sodoma</strong></span> <span class='ocrx_word' id='word_1_297' title='bbox 1616 2096 1642 2144; x_wconf 90' lang='lat' dir='ltr'><strong>et</strong></span> <span class='ocrx_word' id='word_1_298' title='bbox 1664 2087 1783 2146; x_wconf 89' lang='lat' dir='ltr'><strong>Gomor-</strong></span> 
     </span>
     <span class='ocr_line' id='line_1_22' title="bbox 133 2166 1784 2245; baseline 0.001 -11"><span class='ocrx_word' id='word_1_299' title='bbox 133 2177 194 2234; x_wconf 89' lang='lat' dir='ltr'><strong>uuit</strong></span> <span class='ocrx_word' id='word_1_300' title='bbox 207 2178 235 2233; x_wconf 92' lang='lat' dir='ltr'><strong>iu</strong></span> <span class='ocrx_word' id='word_1_301' title='bbox 250 2175 351 2243; x_wconf 68' lang='lat' dir='ltr'><strong>finem</strong></span> <span class='ocrx_word' id='word_1_302' title='bbox 367 2176 436 2232; x_wconf 88' lang='lat' dir='ltr'><strong>banc</strong></span> <span class='ocrx_word' id='word_1_303' title='bbox 449 2190 513 2232; x_wconf 85' lang='lat' dir='ltr'><strong>vero</strong></span> <span class='ocrx_word' id='word_1_304' title='bbox 536 2171 699 2245; x_wconf 90' lang='lat' dir='ltr'><strong>suscipiunt,</strong></span> <span class='ocrx_word' id='word_1_305' title='bbox 723 2168 804 2242; x_wconf 88' lang='lat' dir='ltr'><strong>quasi</strong></span> <span class='ocrx_word' id='word_1_306' title='bbox 826 2176 852 2224; x_wconf 92' lang='lat' dir='ltr'><strong>et</strong></span> <span class='ocrx_word' id='word_1_307' title='bbox 876 2167 933 2222; x_wconf 85' lang='lat' dir='ltr'><strong>haec</strong></span> <span class='ocrx_word' id='word_1_308' title='bbox 985 2167 1044 2239; x_wconf 89' lang='lat' dir='ltr'><strong>rha,</strong></span> <span class='ocrx_word' id='word_1_309' title='bbox 1058 2174 1086 2222; x_wconf 89' lang='lat' dir='ltr'><strong>et</strong></span> <span class='ocrx_word' id='word_1_310' title='bbox 1098 2166 1193 2223; x_wconf 86' lang='lat' dir='ltr'><strong>diluuii</strong></span> <span class='ocrx_word' id='word_1_311' title='bbox 1207 2168 1276 2236; x_wconf 90' lang='lat' dir='ltr'><strong>dies,</strong></span> <span class='ocrx_word' id='word_1_312' title='bbox 1298 2173 1332 2228; x_wconf 86' lang='lat' dir='ltr'><strong>ab</strong></span> <span class='ocrx_word' id='word_1_313' title='bbox 1354 2171 1399 2229; x_wconf 91' lang='lat' dir='ltr'><strong>illo</strong></span> <span class='ocrx_word' id='word_1_314' title='bbox 1422 2173 1518 2232; x_wconf 92' lang='lat' dir='ltr'><strong>ultimo</strong></span> <span class='ocrx_word' id='word_1_315' title='bbox 1533 2175 1607 2233; x_wconf 84' lang='lat' dir='ltr'><strong>exitu</strong></span> <span class='ocrx_word' id='word_1_316' title='bbox 1622 2178 1713 2234; x_wconf 77' lang='lat' dir='ltr'><strong>saculi</strong></span> <span class='ocrx_word' id='word_1_317' title='bbox 1730 2179 1784 2235; x_wconf 90' lang='lat' dir='ltr'><strong>de·</strong></span> 
     </span>
     <span class='ocr_line' id='line_1_23' title="bbox 135 2256 1783 2341; baseline -0.001 -15"><span class='ocrx_word' id='word_1_318' title='bbox 135 2267 296 2326; x_wconf 85' lang='lat' dir='ltr'><strong>sustinuerit</strong></span> <span class='ocrx_word' id='word_1_319' title='bbox 319 2266 347 2323; x_wconf 93' lang='lat' dir='ltr'><strong>in</strong></span> <span class='ocrx_word' id='word_1_320' title='bbox 370 2265 463 2321; x_wconf 85' lang='lat' dir='ltr'><strong>finem.</strong></span> <span class='ocrx_word' id='word_1_321' title='bbox 498 2265 621 2335; x_wconf 89' lang='lat' dir='ltr'><strong>Propone</strong></span> <span class='ocrx_word' id='word_1_322' title='bbox 650 2260 715 2332; x_wconf 91' lang='lat' dir='ltr'><strong>quid</strong></span> <span class='ocrx_word' id='word_1_323' title='bbox 738 2267 850 2330; x_wconf 88' lang='lat' dir='ltr'><strong>utraque</strong></span> <span class='ocrx_word' id='word_1_324' title='bbox 878 2272 932 2312; x_wconf 92' lang='lat' dir='ltr'><strong>non</strong></span> <span class='ocrx_word' id='word_1_325' title='bbox 986 2256 1197 2326; x_wconf 87' lang='lat' dir='ltr'><strong>prehendantur.</strong></span> <span class='ocrx_word' id='word_1_326' title='bbox 1213 2258 1349 2330; x_wconf 79' lang='lat' dir='ltr'><strong>Adjiciaut</strong></span> <span class='ocrx_word' id='word_1_327' title='bbox 1362 2260 1470 2318; x_wconf 87' lang='lat' dir='ltr'><strong>tertium</strong></span> <span class='ocrx_word' id='word_1_328' title='bbox 1485 2264 1625 2337; x_wconf 90' lang='lat' dir='ltr'><strong>dictum(l</strong></span> <span class='ocrx_word' id='word_1_329' title='bbox 1642 2268 1703 2325; x_wconf 88' lang='lat' dir='ltr'><strong>Cor.</strong></span> <span class='ocrx_word' id='word_1_330' title='bbox 1732 2285 1783 2341; x_wconf 82' lang='lat' dir='ltr'><strong>xv,</strong></span> 
     </span>
     <span class='ocr_line' id='line_1_24' title="bbox 136 2344 1784 2425; baseline 0.002 -11"><span class='ocrx_word' id='word_1_331' title='bbox 136 2354 337 2414; x_wconf 83' lang='lat' dir='ltr'><strong>sustinueritis</strong></span> <span class='ocrx_word' id='word_1_332' title='bbox 353 2353 446 2425; x_wconf 87' lang='lat' dir='ltr'><strong>finem,</strong></span> <span class='ocrx_word' id='word_1_333' title='bbox 461 2359 489 2410; x_wconf 88' lang='lat' dir='ltr'><strong>et</strong></span> <span class='ocrx_word' id='word_1_334' title='bbox 511 2350 632 2407; x_wconf 82' lang='lat' dir='ltr'><strong>inuenies</strong></span> <span class='ocrx_word' id='word_1_335' title='bbox 655 2351 715 2419; x_wconf 83' lang='lat' dir='ltr'><strong>ejus</strong></span> <span class='ocrx_word' id='word_1_336' title='bbox 734 2361 856 2405; x_wconf 82' lang='lat' dir='ltr'><strong>caussam</strong></span> <span class='ocrx_word' id='word_1_337' title='bbox 880 2346 932 2402; x_wconf 91' lang='lat' dir='ltr'><strong>ho·</strong></span> <span class='ocrx_word' id='word_1_338' title='bbox 987 2344 1047 2416; x_wconf 76' lang='lat' dir='ltr'><strong>hill:</strong></span> <span class='ocrx_word' id='word_1_339' title='bbox 1066 2347 1275 2414; x_wconf 74' lang='lat' dir='ltr'><strong>Manducemus,</strong></span> <span class='ocrx_word' id='word_1_340' title='bbox 1295 2353 1324 2406; x_wconf 85' lang='lat' dir='ltr'><strong>et</strong></span> <span class='ocrx_word' id='word_1_341' title='bbox 1346 2350 1482 2420; x_wconf 80' lang='lat' dir='ltr'><strong>bibamus,</strong></span> <span class='ocrx_word' id='word_1_342' title='bbox 1500 2359 1528 2411; x_wconf 84' lang='lat' dir='ltr'><strong>ct</strong></span> <span class='ocrx_word' id='word_1_343' title='bbox 1546 2355 1706 2414; x_wconf 82' lang='lat' dir='ltr'><strong>nubamus:</strong></span> <span class='ocrx_word' id='word_1_344' title='bbox 1721 2376 1784 2418; x_wconf 86' lang='lat' dir='ltr'><strong>croc</strong></span> 
     </span>
     <span class='ocr_line' id='line_1_25' title="bbox 136 2434 1785 2520; baseline -0.007 -17"><span class='ocrx_word' id='word_1_345' title='bbox 136 2446 296 2511; x_wconf 88' lang='lat' dir='ltr'><strong>uestioreut,</strong></span> <span class='ocrx_word' id='word_1_346' title='bbox 325 2460 387 2516; x_wconf 88' lang='lat' dir='ltr'><strong>quae</strong></span> <span class='ocrx_word' id='word_1_347' title='bbox 419 2441 561 2509; x_wconf 85' lang='lat' dir='ltr'><strong>saeuitiam,</strong></span> <span class='ocrx_word' id='word_1_348' title='bbox 586 2455 666 2513; x_wconf 89' lang='lat' dir='ltr'><strong>quam</strong></span> <span class='ocrx_word' id='word_1_349' title='bbox 690 2454 749 2511; x_wconf 84' lang='lat' dir='ltr'><strong>quae</strong></span> <span class='ocrx_word' id='word_1_350' title='bbox 775 2434 933 2510; x_wconf 82' lang='lat' dir='ltr'><strong>pudicitiam</strong></span> <span class='ocrx_word' id='word_1_351' title='bbox 987 2435 1065 2492; x_wconf 82' lang='lat' dir='ltr'><strong>enim</strong></span> <span class='ocrx_word' id='word_1_352' title='bbox 1074 2436 1308 2504; x_wconf 68' lang='lat' dir='ltr'><strong>ntomemnr;nou</strong></span> <span class='ocrx_word' id='word_1_353' title='bbox 1318 2441 1498 2511; x_wconf 73' lang='lat' dir='ltr'><strong>recogitantes</strong></span> <span class='ocrx_word' id='word_1_354' title='bbox 1513 2445 1556 2501; x_wconf 84' lang='lat' dir='ltr'><strong>l&#39;oe</strong></span> <span class='ocrx_word' id='word_1_355' title='bbox 1566 2443 1630 2501; x_wconf 93' lang='lat' dir='ltr'><strong>illud</strong></span> <span class='ocrx_word' id='word_1_356' title='bbox 1644 2463 1785 2520; x_wconf 72' lang='lat' dir='ltr'><strong>praegnan.</strong></span> 
     </span>
     <span class='ocr_line' id='line_1_26' title="bbox 136 2522 1784 2605; baseline 0.001 -13"><span class='ocrx_word' id='word_1_357' title='bbox 136 2535 275 2592; x_wconf 85' lang='lat' dir='ltr'><strong>sustiuere</strong></span> <span class='ocrx_word' id='word_1_358' title='bbox 295 2548 350 2589; x_wconf 92' lang='lat' dir='ltr'><strong>nou</strong></span> <span class='ocrx_word' id='word_1_359' title='bbox 366 2531 464 2605; x_wconf 87' lang='lat' dir='ltr'><strong>potuit.</strong></span> <span class='ocrx_word' id='word_1_360' title='bbox 485 2531 519 2586; x_wconf 82' lang='lat' dir='ltr'><strong>llt</strong></span> <span class='ocrx_word' id='word_1_361' title='bbox 540 2538 630 2583; x_wconf 87' lang='lat' dir='ltr'><strong>tamen</strong></span> <span class='ocrx_word' id='word_1_362' title='bbox 653 2541 703 2581; x_wconf 91' lang='lat' dir='ltr'><strong>uec</strong></span> <span class='ocrx_word' id='word_1_363' title='bbox 725 2532 863 2581; x_wconf 90' lang='lat' dir='ltr'><strong>cruentam</strong></span> <span class='ocrx_word' id='word_1_364' title='bbox 886 2522 933 2576; x_wconf 89' lang='lat' dir='ltr'><strong>de·</strong></span> <span class='ocrx_word' id='word_1_365' title='bbox 988 2522 1059 2578; x_wconf 75' lang='lat' dir='ltr'><strong>dhus</strong></span> <span class='ocrx_word' id='word_1_366' title='bbox 1073 2530 1099 2580; x_wconf 89' lang='lat' dir='ltr'><strong>et</strong></span> <span class='ocrx_word' id='word_1_367' title='bbox 1114 2523 1287 2594; x_wconf 89' lang='lat' dir='ltr'><strong>lactantibus,</strong></span> <span class='ocrx_word' id='word_1_368' title='bbox 1303 2529 1385 2584; x_wconf 94' lang='lat' dir='ltr'><strong>multo</strong></span> <span class='ocrx_word' id='word_1_369' title='bbox 1401 2533 1512 2605; x_wconf 80' lang='lat' dir='ltr'><strong>gravius</strong></span> <span class='ocrx_word' id='word_1_370' title='bbox 1528 2542 1555 2588; x_wconf 90' lang='lat' dir='ltr'><strong>et</strong></span> <span class='ocrx_word' id='word_1_371' title='bbox 1569 2535 1686 2593; x_wconf 89' lang='lat' dir='ltr'><strong>amarius</strong></span> <span class='ocrx_word' id='word_1_372' title='bbox 1701 2552 1784 2593; x_wconf 84' lang='lat' dir='ltr'><strong>even·</strong></span> 
     </span>
     <span class='ocr_line' id='line_1_27' title="bbox 136 2611 1783 2691; baseline 0 -10"><span class='ocrx_word' id='word_1_373' title='bbox 136 2624 284 2681; x_wconf 85' lang='lat' dir='ltr'><strong>lectionem</strong></span> <span class='ocrx_word' id='word_1_374' title='bbox 303 2621 444 2678; x_wconf 88' lang='lat' dir='ltr'><strong>iufirmitas</strong></span> <span class='ocrx_word' id='word_1_375' title='bbox 467 2618 557 2676; x_wconf 87' lang='lat' dir='ltr'><strong>carnis</strong></span> <span class='ocrx_word' id='word_1_376' title='bbox 581 2622 701 2682; x_wconf 79' lang='lat' dir='ltr'><strong>excusat,</strong></span> <span class='ocrx_word' id='word_1_377' title='bbox 722 2613 823 2670; x_wconf 87' lang='lat' dir='ltr'><strong>nedum</strong></span> <span class='ocrx_word' id='word_1_378' title='bbox 842 2611 934 2682; x_wconf 91' lang='lat' dir='ltr'><strong>impu·</strong></span> <span class='ocrx_word' id='word_1_379' title='bbox 989 2617 1080 2668; x_wconf 91' lang='lat' dir='ltr'><strong>turum</strong></span> <span class='ocrx_word' id='word_1_380' title='bbox 1094 2612 1122 2667; x_wconf 92' lang='lat' dir='ltr'><strong>in</strong></span> <span class='ocrx_word' id='word_1_381' title='bbox 1136 2617 1310 2672; x_wconf 91' lang='lat' dir='ltr'><strong>concussione</strong></span> <span class='ocrx_word' id='word_1_382' title='bbox 1325 2620 1406 2674; x_wconf 92' lang='lat' dir='ltr'><strong>totius</strong></span> <span class='ocrx_word' id='word_1_383' title='bbox 1422 2620 1524 2685; x_wconf 90' lang='lat' dir='ltr'><strong>mundi,</strong></span> <span class='ocrx_word' id='word_1_384' title='bbox 1538 2638 1620 2691; x_wconf 88' lang='lat' dir='ltr'><strong>quam</strong></span> <span class='ocrx_word' id='word_1_385' title='bbox 1642 2626 1731 2681; x_wconf 84' lang='lat' dir='ltr'><strong>euenit</strong></span> <span class='ocrx_word' id='word_1_386' title='bbox 1755 2626 1783 2681; x_wconf 92' lang='lat' dir='ltr'><strong>iu</strong></span> 
     </span>
     <span class='ocr_line' id='line_1_28' title="bbox 136 2701 1786 2785; baseline 0.005 -23"><span class='ocrx_word' id='word_1_387' title='bbox 136 2713 237 2771; x_wconf 71' lang='lat' dir='ltr'><strong>dicam.</strong></span> <span class='ocrx_word' id='word_1_388' title='bbox 989 2701 1137 2757; x_wconf 87' lang='lat' dir='ltr'><strong>vastatione</strong></span> <span class='ocrx_word' id='word_1_389' title='bbox 1153 2703 1231 2758; x_wconf 86' lang='lat' dir='ltr'><strong>unius</strong></span> <span class='ocrx_word' id='word_1_390' title='bbox 1245 2704 1382 2775; x_wconf 84' lang='lat' dir='ltr'><strong>particulae</strong></span> <span class='ocrx_word' id='word_1_391' title='bbox 1395 2707 1505 2764; x_wconf 84' lang='lat' dir='ltr'><strong>ludaeae.</strong></span> <span class='ocrx_word' id='word_1_392' title='bbox 1522 2709 1595 2766; x_wconf 82' lang='lat' dir='ltr'><strong>Setis</strong></span> <span class='ocrx_word' id='word_1_393' title='bbox 1617 2720 1786 2785; x_wconf 89' lang='lat' dir='ltr'><strong>opportunos</strong></span> 
     </span>
     <span class='ocr_line' id='line_1_29' title="bbox 441 2789 1786 2865; baseline 0.006 -11"><span class='ocrx_word' id='word_1_394' title='bbox 441 2796 551 2854; x_wconf 71' lang='lat' dir='ltr'><strong>chent</strong></span> <span class='ocrx_word' id='word_1_395' title='bbox 567 2795 642 2853; x_wconf 81' lang='lat' dir='ltr'>XVI.</span> <span class='ocrx_word' id='word_1_396' title='bbox 991 2789 1146 2846; x_wconf 84' lang='lat' dir='ltr'><strong>novissimis</strong></span> <span class='ocrx_word' id='word_1_397' title='bbox 1158 2793 1327 2865; x_wconf 86' lang='lat' dir='ltr'><strong>temporibus</strong></span> <span class='ocrx_word' id='word_1_398' title='bbox 1351 2794 1454 2853; x_wconf 82' lang='lat' dir='ltr'><strong>friuolus</strong></span> <span class='ocrx_word' id='word_1_399' title='bbox 1481 2799 1586 2858; x_wconf 84' lang='lat' dir='ltr'><strong>iteratis</strong></span> <span class='ocrx_word' id='word_1_400' title='bbox 1608 2804 1786 2862; x_wconf 87' lang='lat' dir='ltr'><strong>matrimoniis</strong></span> 
     </span>
     <span class='ocr_line' id='line_1_30' title="bbox 175 2871 1786 2966; baseline 0.001 -18"><span class='ocrx_word' id='word_1_401' title='bbox 175 2890 263 2949; x_wconf 84' lang='lat' dir='ltr'><strong>llideo</strong></span> <span class='ocrx_word' id='word_1_402' title='bbox 292 2895 394 2961; x_wconf 84' lang='lat' dir='ltr'><strong>sutem,</strong></span> <span class='ocrx_word' id='word_1_403' title='bbox 418 2901 478 2944; x_wconf 92' lang='lat' dir='ltr'><strong>cum</strong></span> <span class='ocrx_word' id='word_1_404' title='bbox 501 2885 643 2941; x_wconf 86' lang='lat' dir='ltr'><strong>iufirmitas</strong></span> <span class='ocrx_word' id='word_1_405' title='bbox 666 2883 755 2938; x_wconf 89' lang='lat' dir='ltr'><strong>caruis</strong></span> <span class='ocrx_word' id='word_1_406' title='bbox 778 2879 934 2954; x_wconf 91' lang='lat' dir='ltr'><strong>opponitur,</strong></span> <span class='ocrx_word' id='word_1_407' title='bbox 951 2886 974 2966; x_wconf 62' lang='grc' dir='ltr'><strong>ο</strong></span> <span class='ocrx_word' id='word_1_408' title='bbox 989 2871 1132 2953; x_wconf 61' lang='lat' dir='ltr'><strong>collipaut,</strong></span> <span class='ocrx_word' id='word_1_409' title='bbox 1142 2881 1226 2938; x_wconf 88' lang='lat' dir='ltr'><strong>ubera</strong></span> <span class='ocrx_word' id='word_1_410' title='bbox 1235 2881 1375 2956; x_wconf 85' lang='lat' dir='ltr'><strong>fluitantia,</strong></span> <span class='ocrx_word' id='word_1_411' title='bbox 1385 2895 1412 2943; x_wconf 89' lang='lat' dir='ltr'><strong>at</strong></span> <span class='ocrx_word' id='word_1_412' title='bbox 1421 2897 1513 2946; x_wconf 89' lang='lat' dir='ltr'><strong>uteros</strong></span> <span class='ocrx_word' id='word_1_413' title='bbox 1523 2899 1696 2963; x_wconf 86' lang='lat' dir='ltr'><strong>nauseantes,</strong></span> <span class='ocrx_word' id='word_1_414' title='bbox 1707 2900 1734 2950; x_wconf 90' lang='lat' dir='ltr'><strong>et</strong></span> <span class='ocrx_word' id='word_1_415' title='bbox 1744 2895 1786 2950; x_wconf 94' lang='lat' dir='ltr'><strong>iu-</strong></span> 
     </span>
     <span class='ocr_line' id='line_1_31' title="bbox 138 2967 1787 3055; baseline 0.001 -17"><span class='ocrx_word' id='word_1_416' title='bbox 138 2997 202 3055; x_wconf 80' lang='lat' dir='ltr'><strong>quae</strong></span> <span class='ocrx_word' id='word_1_417' title='bbox 216 2993 322 3037; x_wconf 87' lang='lat' dir='ltr'><strong>summa</strong></span> <span class='ocrx_word' id='word_1_418' title='bbox 334 2976 464 3035; x_wconf 81' lang='lat' dir='ltr'><strong>fortitudo</strong></span> <span class='ocrx_word' id='word_1_419' title='bbox 478 2974 592 3032; x_wconf 89' lang='lat' dir='ltr'><strong>dicenda</strong></span> <span class='ocrx_word' id='word_1_420' title='bbox 614 2981 666 3029; x_wconf 89' lang='lat' dir='ltr'><strong>est.</strong></span> <span class='ocrx_word' id='word_1_421' title='bbox 690 2971 794 3028; x_wconf 90' lang='lat' dir='ltr'><strong>lterum</strong></span> <span class='ocrx_word' id='word_1_422' title='bbox 822 2967 934 3036; x_wconf 89' lang='lat' dir='ltr'><strong>nubere,</strong></span> <span class='ocrx_word' id='word_1_423' title='bbox 990 2967 1078 3026; x_wconf 81' lang='lat' dir='ltr'><strong>fantes</strong></span> <span class='ocrx_word' id='word_1_424' title='bbox 1091 2970 1227 3040; x_wconf 90' lang='lat' dir='ltr'><strong>pipiantes</strong></span> <span class='ocrx_word' id='word_1_425' title='bbox 1239 2971 1265 3011; x_wconf 76' lang='grc'><strong>69</strong></span> <span class='ocrx_word' id='word_1_426' title='bbox 1277 2972 1345 3046; x_wconf 79' lang='lat' dir='ltr'><strong>(hh).</strong></span> <span class='ocrx_word' id='word_1_427' title='bbox 1361 2974 1457 3033; x_wconf 89' lang='lat' dir='ltr'><strong>Parent</strong></span> <span class='ocrx_word' id='word_1_428' title='bbox 1474 2978 1640 3038; x_wconf 81' lang='lat' dir='ltr'><strong>Antichristo</strong></span> <span class='ocrx_word' id='word_1_429' title='bbox 1653 2981 1682 3039; x_wconf 91' lang='lat' dir='ltr'><strong>in</strong></span> <span class='ocrx_word' id='word_1_430' title='bbox 1692 3000 1752 3055; x_wconf 85' lang='lat' dir='ltr'><strong>quae</strong></span> <span class='ocrx_word' id='word_1_431' title='bbox 1761 2983 1787 3024; x_wconf 73' lang='grc'><strong>66</strong></span> 
     </span>
     <span class='ocr_line' id='line_1_32' title="bbox 137 3056 1785 3138; baseline 0.002 -10"><span class='ocrx_word' id='word_1_432' title='bbox 137 3078 181 3128; x_wconf 86' lang='lat' dir='ltr'><strong>est</strong></span> <span class='ocrx_word' id='word_1_433' title='bbox 194 3087 238 3127; x_wconf 88' lang='lat' dir='ltr'><strong>res</strong></span> <span class='ocrx_word' id='word_1_434' title='bbox 251 3069 364 3134; x_wconf 81' lang='lat' dir='ltr'><strong>virium;</strong></span> <span class='ocrx_word' id='word_1_435' title='bbox 381 3080 525 3138; x_wconf 80' lang='lat' dir='ltr'><strong>resurgere</strong></span> <span class='ocrx_word' id='word_1_436' title='bbox 539 3064 567 3120; x_wconf 90' lang='lat' dir='ltr'><strong>in</strong></span> <span class='ocrx_word' id='word_1_437' title='bbox 581 3077 665 3135; x_wconf 91' lang='lat' dir='ltr'><strong>opera</strong></span> <span class='ocrx_word' id='word_1_438' title='bbox 682 3061 771 3118; x_wconf 91' lang='lat' dir='ltr'><strong>carnis</strong></span> <span class='ocrx_word' id='word_1_439' title='bbox 785 3058 820 3116; x_wconf 90' lang='lat' dir='ltr'><strong>de</strong></span> <span class='ocrx_word' id='word_1_440' title='bbox 847 3056 937 3114; x_wconf 85' lang='lat' dir='ltr'><strong>couti·</strong></span> <span class='ocrx_word' id='word_1_441' title='bbox 991 3057 1162 3116; x_wconf 83' lang='lat' dir='ltr'><strong>libidinosius</strong></span> <span class='ocrx_word' id='word_1_442' title='bbox 1181 3061 1286 3120; x_wconf 85' lang='lat' dir='ltr'><strong>saeviut.</strong></span> <span class='ocrx_word' id='word_1_443' title='bbox 1311 3061 1435 3122; x_wconf 77' lang='lat' dir='ltr'><strong>Adducet</strong></span> <span class='ocrx_word' id='word_1_444' title='bbox 1458 3065 1511 3122; x_wconf 91' lang='lat' dir='ltr'><strong>illis</strong></span> <span class='ocrx_word' id='word_1_445' title='bbox 1534 3067 1672 3128; x_wconf 86' lang='lat' dir='ltr'><strong>carnifices</strong></span> <span class='ocrx_word' id='word_1_446' title='bbox 1689 3073 1785 3131; x_wconf 64' lang='lat' dir='ltr'><strong>obsn-</strong></span> 
     </span>
     <span class='ocr_line' id='line_1_33' title="bbox 138 3146 1081 3229; baseline -0.013 -13"><span class='ocrx_word' id='word_1_447' title='bbox 138 3159 240 3216; x_wconf 75' lang='lat' dir='ltr'><strong>ueutie</strong></span> <span class='ocrx_word' id='word_1_448' title='bbox 254 3157 320 3229; x_wconf 87' lang='lat' dir='ltr'><strong>otio,</strong></span> <span class='ocrx_word' id='word_1_449' title='bbox 335 3156 487 3213; x_wconf 88' lang='lat' dir='ltr'><strong>substantia</strong></span> <span class='ocrx_word' id='word_1_450' title='bbox 500 3161 541 3211; x_wconf 88' lang='lat' dir='ltr'><strong>est</strong></span> <span class='ocrx_word' id='word_1_451' title='bbox 554 3153 677 3209; x_wconf 90' lang='lat' dir='ltr'><strong>laterum.</strong></span> <span class='ocrx_word' id='word_1_452' title='bbox 693 3148 766 3206; x_wconf 88' lang='lat' dir='ltr'><strong>Talis</strong></span> <span class='ocrx_word' id='word_1_453' title='bbox 787 3146 936 3214; x_wconf 85' lang='lat' dir='ltr'><strong>iufirmitas,</strong></span> <span class='ocrx_word' id='word_1_454' title='bbox 991 3146 1081 3204; x_wconf 87' lang='lat' dir='ltr'><strong>trices.</strong></span> 
     </span>
     <span class='ocr_line' id='line_1_34' title="bbox 137 3235 1484 3320; baseline -0.004 -15"><span class='ocrx_word' id='word_1_455' title='bbox 137 3258 167 3305; x_wconf 89' lang='lat' dir='ltr'><strong>et</strong></span> <span class='ocrx_word' id='word_1_456' title='bbox 180 3246 271 3320; x_wconf 80' lang='lat' dir='ltr'><strong>tertio,</strong></span> <span class='ocrx_word' id='word_1_457' title='bbox 287 3257 314 3303; x_wconf 88' lang='lat' dir='ltr'><strong>et</strong></span> <span class='ocrx_word' id='word_1_458' title='bbox 326 3252 433 3318; x_wconf 87' lang='lat' dir='ltr'><strong>quarto,</strong></span> <span class='ocrx_word' id='word_1_459' title='bbox 449 3252 476 3301; x_wconf 91' lang='lat' dir='ltr'><strong>et</strong></span> <span class='ocrx_word' id='word_1_460' title='bbox 488 3259 575 3316; x_wconf 87' lang='lat' dir='ltr'><strong>usque</strong></span> <span class='ocrx_word' id='word_1_461' title='bbox 594 3241 709 3314; x_wconf 87' lang='lat' dir='ltr'><strong>septimo</strong></span> <span class='ocrx_word' id='word_1_462' title='bbox 719 3238 829 3296; x_wconf 81' lang='lat' dir='ltr'><strong>forsitan</strong></span> <span class='ocrx_word' id='word_1_463' title='bbox 844 3235 939 3292; x_wconf 87' lang='lat' dir='ltr'><strong>matri·</strong></span> <span class='ocrx_word' id='word_1_464' title='bbox 1267 3240 1380 3299; x_wconf 77' lang='lat' dir='ltr'>CAPUT</span> <span class='ocrx_word' id='word_1_465' title='bbox 1398 3242 1484 3302; x_wconf 88' lang='lat' dir='ltr'>XVII.</span> 
     </span>
     <span class='ocr_line' id='line_1_35' title="bbox 138 3324 1788 3411; baseline 0.002 -19"><span class='ocrx_word' id='word_1_466' title='bbox 138 3335 233 3393; x_wconf 92' lang='lat' dir='ltr'><strong>monio</strong></span> <span class='ocrx_word' id='word_1_467' title='bbox 253 3333 370 3402; x_wconf 86' lang='lat' dir='ltr'><strong>sullicit;</strong></span> <span class='ocrx_word' id='word_1_468' title='bbox 387 3340 416 3391; x_wconf 91' lang='lat' dir='ltr'><strong>ut</strong></span> <span class='ocrx_word' id='word_1_469' title='bbox 426 3349 486 3407; x_wconf 83' lang='lat' dir='ltr'><strong>quae</strong></span> <span class='ocrx_word' id='word_1_470' title='bbox 499 3332 597 3389; x_wconf 88' lang='lat' dir='ltr'><strong>totiens</strong></span> <span class='ocrx_word' id='word_1_471' title='bbox 611 3329 716 3397; x_wconf 80' lang='lat' dir='ltr'><strong>tortior,</strong></span> <span class='ocrx_word' id='word_1_472' title='bbox 725 3326 850 3400; x_wconf 89' lang='lat' dir='ltr'><strong>quotiens</strong></span> <span class='ocrx_word' id='word_1_473' title='bbox 859 3324 960 3382; x_wconf 83' lang='lat' dir='ltr'><strong>tuerit‘</strong></span> <span class='ocrx_word' id='word_1_474' title='bbox 1028 3327 1171 3386; x_wconf 86' lang='lat' dir='ltr'><strong>Habebunt</strong></span> <span class='ocrx_word' id='word_1_475' title='bbox 1183 3327 1263 3401; x_wconf 90' lang='lat' dir='ltr'><strong>plane</strong></span> <span class='ocrx_word' id='word_1_476' title='bbox 1278 3330 1382 3389; x_wconf 87' lang='lat' dir='ltr'><strong>Christo</strong></span> <span class='ocrx_word' id='word_1_477' title='bbox 1400 3335 1610 3411; x_wconf 70' lang='lat' dir='ltr'><strong>quodallegeut,</strong></span> <span class='ocrx_word' id='word_1_478' title='bbox 1634 3339 1788 3411; x_wconf 88' lang='lat' dir='ltr'><strong>speciosum</strong></span> 
     </span>
     <span class='ocr_line' id='line_1_36' title="bbox 139 3415 1788 3498; baseline 0.003 -16"><span class='ocrx_word' id='word_1_479' title='bbox 139 3424 288 3493; x_wconf 86' lang='lat' dir='ltr'><strong>infirmior,</strong></span> <span class='ocrx_word' id='word_1_480' title='bbox 302 3424 424 3481; x_wconf 88' lang='lat' dir='ltr'><strong>habitura</strong></span> <span class='ocrx_word' id='word_1_481' title='bbox 445 3424 501 3494; x_wconf 86' lang='lat' dir='ltr'><strong>jam</strong></span> <span class='ocrx_word' id='word_1_482' title='bbox 526 3437 581 3478; x_wconf 93' lang='lat' dir='ltr'><strong>nou</strong></span> <span class='ocrx_word' id='word_1_483' title='bbox 607 3420 768 3493; x_wconf 76' lang='lat' dir='ltr'><strong>Apostolum</strong></span> <span class='ocrx_word' id='word_1_484' title='bbox 790 3425 938 3485; x_wconf 88' lang='lat' dir='ltr'><strong>auctorem,</strong></span> <span class='ocrx_word' id='word_1_485' title='bbox 992 3415 1181 3492; x_wconf 80' lang='lat' dir='ltr'><strong>privilegium,</strong></span> <span class='ocrx_word' id='word_1_486' title='bbox 1213 3420 1302 3475; x_wconf 89' lang='lat' dir='ltr'><strong>carnis</strong></span> <span class='ocrx_word' id='word_1_487' title='bbox 1341 3439 1534 3498; x_wconf 87' lang='lat' dir='ltr'><strong>usquequaque</strong></span> <span class='ocrx_word' id='word_1_488' title='bbox 1566 3427 1788 3488; x_wconf 84' lang='lat' dir='ltr'><strong>imbecillitatem.</strong></span> 
     </span>
     <span class='ocr_line' id='line_1_37' title="bbox 137 3504 1791 3592; baseline 0 -18"><span class='ocrx_word' id='word_1_489' title='bbox 137 3515 188 3574; x_wconf 84' lang='lat' dir='ltr'><strong>sod</strong></span> <span class='ocrx_word' id='word_1_490' title='bbox 203 3515 402 3588; x_wconf 72' lang='lat' dir='ltr'><strong>Hermogenem</strong></span> <span class='ocrx_word' id='word_1_491' title='bbox 415 3514 545 3586; x_wconf 86' lang='lat' dir='ltr'><strong>aliquem,</strong></span> <span class='ocrx_word' id='word_1_492' title='bbox 571 3511 662 3582; x_wconf 89' lang='lat' dir='ltr'><strong>plures</strong></span> <span class='ocrx_word' id='word_1_493' title='bbox 676 3507 785 3564; x_wconf 90' lang='lat' dir='ltr'><strong>solitum</strong></span> <span class='ocrx_word' id='word_1_494' title='bbox 813 3504 941 3562; x_wconf 80' lang='lat' dir='ltr'><strong>mulieres</strong></span> <span class='ocrx_word' id='word_1_495' title='bbox 992 3504 1043 3563; x_wconf 88' lang='lat' dir='ltr'><strong>Sed</strong></span> <span class='ocrx_word' id='word_1_496' title='bbox 1057 3506 1126 3562; x_wconf 92' lang='lat' dir='ltr'><strong>hanc</strong></span> <span class='ocrx_word' id='word_1_497' title='bbox 1138 3506 1296 3577; x_wconf 89' lang='lat' dir='ltr'><strong>judicabunt</strong></span> <span class='ocrx_word' id='word_1_498' title='bbox 1315 3511 1373 3580; x_wconf 84' lang='lat' dir='ltr'><strong>jam</strong></span> <span class='ocrx_word' id='word_1_499' title='bbox 1387 3512 1409 3551; x_wconf 77' lang='lat'><strong>⁷¹</strong></span> <span class='ocrx_word' id='word_1_500' title='bbox 1434 3530 1488 3572; x_wconf 92' lang='lat' dir='ltr'><strong>uon</strong></span> <span class='ocrx_word' id='word_1_501' title='bbox 1509 3516 1586 3573; x_wconf 87' lang='lat' dir='ltr'><strong>isaac</strong></span> <span class='ocrx_word' id='word_1_502' title='bbox 1612 3532 1791 3592; x_wconf 79' lang='lat' dir='ltr'><strong>monogamus</strong></span> 
     </span>
     <span class='ocr_line' id='line_1_38' title="bbox 138 3595 1793 3680; baseline 0.003 -20"><span class='ocrx_word' id='word_1_503' title='bbox 138 3605 244 3662; x_wconf 89' lang='lat' dir='ltr'><strong>ducere</strong></span> <span class='ocrx_word' id='word_1_504' title='bbox 260 3619 341 3678; x_wconf 88' lang='lat' dir='ltr'><strong>quarn</strong></span> <span class='ocrx_word' id='word_1_505' title='bbox 359 3602 483 3679; x_wconf 73' lang='lat' dir='ltr'><strong>pingere,</strong></span> <span class='ocrx_word' id='word_1_506' title='bbox 506 3599 620 3656; x_wconf 88' lang='lat' dir='ltr'><strong>materia</strong></span> <span class='ocrx_word' id='word_1_507' title='bbox 639 3597 711 3654; x_wconf 90' lang='lat' dir='ltr'><strong>cuim</strong></span> <span class='ocrx_word' id='word_1_508' title='bbox 733 3595 761 3651; x_wconf 90' lang='lat' dir='ltr'><strong>in</strong></span> <span class='ocrx_word' id='word_1_509' title='bbox 784 3595 830 3653; x_wconf 92' lang='lat' dir='ltr'><strong>illo</strong></span> <span class='ocrx_word' id='word_1_510' title='bbox 853 3595 940 3650; x_wconf 90' lang='lat' dir='ltr'><strong>abuu-</strong></span> <span class='ocrx_word' id='word_1_511' title='bbox 996 3602 1073 3668; x_wconf 88' lang='lat' dir='ltr'><strong>pater</strong></span> <span class='ocrx_word' id='word_1_512' title='bbox 1090 3605 1191 3665; x_wconf 89' lang='lat' dir='ltr'><strong>noster,</strong></span> <span class='ocrx_word' id='word_1_513' title='bbox 1206 3612 1257 3653; x_wconf 91' lang='lat' dir='ltr'><strong>uec</strong></span> <span class='ocrx_word' id='word_1_514' title='bbox 1268 3597 1388 3657; x_wconf 90' lang='lat' dir='ltr'><strong>loannes</strong></span> <span class='ocrx_word' id='word_1_515' title='bbox 1406 3601 1488 3676; x_wconf 89' lang='lat' dir='ltr'><strong>aliqui</strong></span> <span class='ocrx_word' id='word_1_516' title='bbox 1513 3605 1611 3662; x_wconf 84' lang='lat' dir='ltr'><strong>Christi</strong></span> <span class='ocrx_word' id='word_1_517' title='bbox 1631 3607 1728 3680; x_wconf 90' lang='lat' dir='ltr'><strong>spado,</strong></span> <span class='ocrx_word' id='word_1_518' title='bbox 1742 3623 1793 3666; x_wconf 92' lang='lat' dir='ltr'><strong>uec</strong></span> 
     </span>
     <span class='ocr_line' id='line_1_39' title="bbox 138 3684 1790 3767; baseline 0.002 -16"><span class='ocrx_word' id='word_1_519' title='bbox 138 3694 197 3767; x_wconf 88' lang='lat' dir='ltr'><strong>dat,</strong></span> <span class='ocrx_word' id='word_1_520' title='bbox 214 3692 284 3750; x_wconf 91' lang='lat' dir='ltr'><strong>unde</strong></span> <span class='ocrx_word' id='word_1_521' title='bbox 299 3703 326 3753; x_wconf 88' lang='lat' dir='ltr'><strong>et</strong></span> <span class='ocrx_word' id='word_1_522' title='bbox 340 3692 457 3750; x_wconf 87' lang='lat' dir='ltr'><strong>animam</strong></span> <span class='ocrx_word' id='word_1_523' title='bbox 475 3705 537 3748; x_wconf 89' lang='lat' dir='ltr'><strong>esse</strong></span> <span class='ocrx_word' id='word_1_524' title='bbox 551 3701 728 3761; x_wconf 81' lang='lat' dir='ltr'><strong>praesumens,</strong></span> <span class='ocrx_word' id='word_1_525' title='bbox 742 3687 828 3741; x_wconf 89' lang='lat' dir='ltr'><strong>multo</strong></span> <span class='ocrx_word' id='word_1_526' title='bbox 851 3685 940 3757; x_wconf 76' lang='lat' dir='ltr'><strong>magis</strong></span> <span class='ocrx_word' id='word_1_527' title='bbox 996 3684 1089 3742; x_wconf 86' lang='lat' dir='ltr'><strong>ludith</strong></span> <span class='ocrx_word' id='word_1_528' title='bbox 1103 3685 1155 3742; x_wconf 89' lang='lat' dir='ltr'><strong>iilia</strong></span> <span class='ocrx_word' id='word_1_529' title='bbox 1169 3685 1279 3754; x_wconf 87' lang='lat' dir='ltr'><strong>llerari,</strong></span> <span class='ocrx_word' id='word_1_530' title='bbox 1294 3704 1345 3746; x_wconf 93' lang='lat' dir='ltr'><strong>uec</strong></span> <span class='ocrx_word' id='word_1_531' title='bbox 1354 3698 1393 3746; x_wconf 87' lang='lat' dir='ltr'><strong>tot</strong></span> <span class='ocrx_word' id='word_1_532' title='bbox 1407 3692 1458 3748; x_wconf 90' lang='lat' dir='ltr'><strong>alia</strong></span> <span class='ocrx_word' id='word_1_533' title='bbox 1480 3697 1603 3767; x_wconf 85' lang='lat' dir='ltr'><strong>exempla</strong></span> <span class='ocrx_word' id='word_1_534' title='bbox 1627 3703 1790 3754; x_wconf 85' lang='lat' dir='ltr'><strong>sauctorum.</strong></span> 
     </span>
     <span class='ocr_line' id='line_1_40' title="bbox 139 3774 1785 3863; baseline 0.004 -25"><span class='ocrx_word' id='word_1_535' title='bbox 139 3782 367 3855; x_wconf 82' lang='lat' dir='ltr'><strong>spiritumalieo</strong></span> <span class='ocrx_word' id='word_1_536' title='bbox 383 3783 542 3847; x_wconf 89' lang='lat' dir='ltr'><strong>nonhabet,</strong></span> <span class='ocrx_word' id='word_1_537' title='bbox 561 3779 619 3850; x_wconf 86' lang='lat' dir='ltr'><strong>jam</strong></span> <span class='ocrx_word' id='word_1_538' title='bbox 631 3792 682 3834; x_wconf 92' lang='lat' dir='ltr'><strong>nec</strong></span> <span class='ocrx_word' id='word_1_539' title='bbox 703 3774 858 3850; x_wconf 80' lang='lat' dir='ltr'><strong>psychicus,</strong></span> <span class='ocrx_word' id='word_1_540' title='bbox 876 3776 942 3847; x_wconf 87' lang='lat' dir='ltr'><strong>quia</strong></span> <span class='ocrx_word' id='word_1_541' title='bbox 996 3774 1091 3834; x_wconf 86' lang='lat' dir='ltr'><strong>Solent</strong></span> <span class='ocrx_word' id='word_1_542' title='bbox 1105 3774 1203 3835; x_wconf 90' lang='lat' dir='ltr'><strong>ethuici</strong></span> <span class='ocrx_word' id='word_1_543' title='bbox 1216 3777 1322 3848; x_wconf 86' lang='lat' dir='ltr'><strong>jndices</strong></span> <span class='ocrx_word' id='word_1_544' title='bbox 1343 3780 1472 3840; x_wconf 88' lang='lat' dir='ltr'><strong>destinari</strong></span> <span class='ocrx_word' id='word_1_545' title='bbox 1503 3783 1573 3858; x_wconf 81' lang='lat' dir='ltr'><strong>(tc).</strong></span> <span class='ocrx_word' id='word_1_546' title='bbox 1596 3786 1734 3863; x_wconf 67' lang='lat' dir='ltr'><strong>Exsurget</strong></span> <span class='ocrx_word' id='word_1_547' title='bbox 1753 3801 1785 3846; x_wconf 91' lang='lat' dir='ltr'><strong>re</strong></span> 
     </span>
    </p>
   </div>
   <div class='ocr_carea' id='block_1_3' title="bbox 832 3926 1109 3992">
    <p class='ocr_par' dir='ltr' id='par_1_3' title="bbox 832 3926 1109 3992">
     <span class='ocr_line' id='line_1_41' title="bbox 832 3926 1109 3992; baseline 0.007 -5"><span class='ocrx_word' id='word_1_548' title='bbox 832 3926 928 3989; x_wconf 84' lang='lat' dir='ltr'><strong>Varius</strong></span> <span class='ocrx_word' id='word_1_549' title='bbox 954 3929 1109 3992; x_wconf 91' lang='lat' dir='ltr'><strong>lectiones.</strong></span> 
     </span>
    </p>
   </div>
   <div class='ocr_carea' id='block_1_4' title="bbox 140 4029 1793 4182">
    <p class='ocr_par' dir='ltr' id='par_1_4' title="bbox 140 4029 1793 4182">
     <span class='ocr_line' id='line_1_42' title="bbox 177 4029 1793 4120; baseline 0.002 -22"><span class='ocrx_word' id='word_1_550' title='bbox 177 4042 204 4080; x_wconf 73' lang='grc'><strong>66</strong></span> <span class='ocrx_word' id='word_1_551' title='bbox 218 4041 267 4097; x_wconf 81' lang='lat' dir='ltr'><strong>list</strong></span> <span class='ocrx_word' id='word_1_552' title='bbox 280 4041 395 4112; x_wconf 85' lang='lat' dir='ltr'><strong>repetit.</strong></span> <span class='ocrx_word' id='word_1_553' title='bbox 410 4038 497 4095; x_wconf 78' lang='lat' dir='ltr'><strong>libert.</strong></span> <span class='ocrx_word' id='word_1_554' title='bbox 508 4038 533 4077; x_wconf 83' lang='grc'><strong>66</strong></span> <span class='ocrx_word' id='word_1_555' title='bbox 541 4035 682 4093; x_wconf 84' lang='lat' dir='ltr'><strong>AEstiruant</strong></span> <span class='ocrx_word' id='word_1_556' title='bbox 691 4032 754 4090; x_wconf 84' lang='lat' dir='ltr'><strong>add.</strong></span> <span class='ocrx_word' id='word_1_557' title='bbox 767 4032 828 4088; x_wconf 85' lang='lat' dir='ltr'><strong>olii.</strong></span> <span class='ocrx_word' id='word_1_558' title='bbox 838 4031 864 4070; x_wconf 92' lang='grc'><strong>66</strong></span> <span class='ocrx_word' id='word_1_559' title='bbox 876 4029 1000 4088; x_wconf 77' lang='lat' dir='ltr'><strong>Ostendit</strong></span> <span class='ocrx_word' id='word_1_560' title='bbox 1009 4034 1096 4092; x_wconf 82' lang='lat' dir='ltr'><strong>Rhea.</strong></span> <span class='ocrx_word' id='word_1_561' title='bbox 1114 4035 1137 4075; x_wconf 75' lang='grc'><strong>66</strong></span> <span class='ocrx_word' id='word_1_562' title='bbox 1152 4036 1210 4093; x_wconf 90' lang='lat' dir='ltr'><strong>lam</strong></span> <span class='ocrx_word' id='word_1_563' title='bbox 1226 4039 1314 4098; x_wconf 87' lang='lat' dir='ltr'><strong>ilhert.</strong></span> <span class='ocrx_word' id='word_1_564' title='bbox 1329 4040 1355 4080; x_wconf 90' lang='grc'><strong>66</strong></span> <span class='ocrx_word' id='word_1_565' title='bbox 1367 4041 1510 4102; x_wconf 84' lang='lat' dir='ltr'><strong>AEstimunt</strong></span> <span class='ocrx_word' id='word_1_566' title='bbox 1524 4045 1613 4103; x_wconf 79' lang='lat' dir='ltr'><strong>Rhea.</strong></span> <span class='ocrx_word' id='word_1_567' title='bbox 1628 4047 1653 4087; x_wconf 79' lang='lat'><strong>⁶⁹</strong></span> <span class='ocrx_word' id='word_1_568' title='bbox 1666 4047 1793 4120; x_wconf 82' lang='lat' dir='ltr'><strong>Pipantas</strong></span> 
     </span>
     <span class='ocr_line' id='line_1_43' title="bbox 140 4101 1070 4182; baseline -0.008 -12"><span class='ocrx_word' id='word_1_569' title='bbox 140 4115 233 4170; x_wconf 83' lang='lat' dir='ltr'><strong>Fron.</strong></span> <span class='ocrx_word' id='word_1_570' title='bbox 256 4113 324 4171; x_wconf 80' lang='lat' dir='ltr'><strong>lun.</strong></span> <span class='ocrx_word' id='word_1_571' title='bbox 341 4112 367 4150; x_wconf 79' lang='grc'><strong>66</strong></span> <span class='ocrx_word' id='word_1_572' title='bbox 383 4111 412 4165; x_wconf 93' lang='lat' dir='ltr'><strong>ln</strong></span> <span class='ocrx_word' id='word_1_573' title='bbox 430 4125 484 4182; x_wconf 87' lang='lat' dir='ltr'><strong>quo</strong></span> <span class='ocrx_word' id='word_1_574' title='bbox 501 4110 589 4168; x_wconf 84' lang='lat' dir='ltr'><strong>llhen.</strong></span> <span class='ocrx_word' id='word_1_575' title='bbox 606 4108 691 4165; x_wconf 81' lang='lat' dir='ltr'><strong>Senti.</strong></span> <span class='ocrx_word' id='word_1_576' title='bbox 707 4104 730 4143; x_wconf 68' lang='lat'><strong>³¹</strong></span> <span class='ocrx_word' id='word_1_577' title='bbox 746 4105 813 4159; x_wconf 87' lang='lat' dir='ltr'><strong>Tam</strong></span> <span class='ocrx_word' id='word_1_578' title='bbox 826 4101 913 4161; x_wconf 81' lang='lat' dir='ltr'><strong>Rhea.</strong></span> <span class='ocrx_word' id='word_1_579' title='bbox 930 4111 987 4161; x_wconf 89' lang='lat' dir='ltr'><strong>turn</strong></span> <span class='ocrx_word' id='word_1_580' title='bbox 1001 4107 1070 4163; x_wconf 82' lang='lat' dir='ltr'><strong>lun.</strong></span> 
     </span>
    </p>
   </div>
   <div class='ocr_carea' id='block_1_5' title="bbox 839 4254 1089 4321">
    <p class='ocr_par' dir='ltr' id='par_1_5' title="bbox 839 4254 1089 4321">
     <span class='ocr_line' id='line_1_44' title="bbox 839 4254 1089 4321; baseline 0.012 -4"><span class='ocrx_word' id='word_1_581' title='bbox 839 4254 1089 4321; x_wconf 87' lang='lat' dir='ltr'><strong>Commentarius.</strong></span> 
     </span>
    </p>
   </div>
   <div class='ocr_carea' id='block_1_6' title="bbox 126 4362 1881 5229">
    <p class='ocr_par' dir='ltr' id='par_1_6' title="bbox 126 4362 1881 5229">
     <span class='ocr_line' id='line_1_45' title="bbox 179 4362 1796 4456; baseline 0.008 -29"><span class='ocrx_word' id='word_1_582' title='bbox 179 4371 238 4446; x_wconf 72' lang='lat' dir='ltr'><strong>(ld)</strong></span> <span class='ocrx_word' id='word_1_583' title='bbox 256 4372 287 4430; x_wconf 84' lang='lat' dir='ltr'><strong>Si</strong></span> <span class='ocrx_word' id='word_1_584' title='bbox 304 4374 333 4429; x_wconf 84' lang='lat' dir='ltr'><strong>et</strong></span> <span class='ocrx_word' id='word_1_585' title='bbox 343 4370 419 4444; x_wconf 80' lang='lat' dir='ltr'><strong>apud</strong></span> <span class='ocrx_word' id='word_1_586' title='bbox 436 4368 584 4427; x_wconf 78' lang='lat' dir='ltr'><strong>Christum</strong></span> <span class='ocrx_word' id='word_1_587' title='bbox 598 4362 796 4448; x_wconf 78' lang='lat' dir='ltr'><strong>lepiduclult&#39;is</strong></span> <span class='ocrx_word' id='word_1_588' title='bbox 820 4362 867 4435; x_wconf 86' lang='lat' dir='ltr'><strong>opi</strong></span> <span class='ocrx_word' id='word_1_589' title='bbox 880 4375 944 4442; x_wconf 75' lang='lat' dir='ltr'><strong>crc-</strong></span> <span class='ocrx_word' id='word_1_590' title='bbox 960 4379 984 4456; x_wconf 66' lang='lat'>⁰</span> <span class='ocrx_word' id='word_1_591' title='bbox 999 4365 1054 4434; x_wconf 84' lang='lat' dir='ltr'><strong>ipsi</strong></span> <span class='ocrx_word' id='word_1_592' title='bbox 1067 4364 1188 4447; x_wconf 64' lang='lat' dir='ltr'><strong>possint.</strong></span> <span class='ocrx_word' id='word_1_593' title='bbox 1205 4366 1280 4424; x_wconf 90' lang='lat' dir='ltr'><strong>Unde</strong></span> <span class='ocrx_word' id='word_1_594' title='bbox 1292 4367 1430 4426; x_wconf 86' lang='lat' dir='ltr'><strong>luvenalis</strong></span> <span class='ocrx_word' id='word_1_595' title='bbox 1443 4372 1593 4431; x_wconf 87' lang='lat' dir='ltr'><strong>adulterum</strong></span> <span class='ocrx_word' id='word_1_596' title='bbox 1621 4376 1725 4436; x_wconf 91' lang='lat' dir='ltr'><strong>inducit</strong></span> <span class='ocrx_word' id='word_1_597' title='bbox 1746 4381 1796 4452; x_wconf 84' lang='lat' dir='ltr'><strong>qut</strong></span> 
     </span>
     <span class='ocr_line' id='line_1_46' title="bbox 140 4425 1734 4516; baseline -0.004 -15"><span class='ocrx_word' id='word_1_598' title='bbox 140 4444 226 4501; x_wconf 82' lang='lat' dir='ltr'><strong>dunt.</strong></span> <span class='ocrx_word' id='word_1_599' title='bbox 241 4444 302 4499; x_wconf 91' lang='lat' dir='ltr'><strong>Nou</strong></span> <span class='ocrx_word' id='word_1_600' title='bbox 317 4443 433 4498; x_wconf 91' lang='lat' dir='ltr'><strong>dubium</strong></span> <span class='ocrx_word' id='word_1_601' title='bbox 447 4441 512 4507; x_wconf 81' lang='lat' dir='ltr'><strong>quin</strong></span> <span class='ocrx_word' id='word_1_602' title='bbox 526 4447 675 4509; x_wconf 81' lang='lat' dir='ltr'><strong>respexerit</strong></span> <span class='ocrx_word' id='word_1_603' title='bbox 687 4439 732 4516; x_wconf 36' lang='lat' dir='ltr'><strong>ud·</strong></span> <span class='ocrx_word' id='word_1_604' title='bbox 749 4434 824 4504; x_wconf 70' lang='lat' dir='ltr'><strong>lepos</strong></span> <span class='ocrx_word' id='word_1_605' title='bbox 846 4433 943 4503; x_wconf 84' lang='lat' dir='ltr'><strong>tubas,</strong></span> <span class='ocrx_word' id='word_1_606' title='bbox 998 4435 1057 4494; x_wconf 82' lang='lat' dir='ltr'><strong>baec</strong></span> <span class='ocrx_word' id='word_1_607' title='bbox 1070 4442 1165 4494; x_wconf 83' lang='lat' dir='ltr'><strong>marulo</strong></span> <span class='ocrx_word' id='word_1_608' title='bbox 1180 4441 1328 4512; x_wconf 73' lang='lat' dir='ltr'><strong>apparuit:</strong></span> <span class='ocrx_word' id='word_1_609' title='bbox 1726 4425 1734 4452; x_wconf 87' lang='lat'>&#39;</span> 
     </span>
     <span class='ocr_line' id='line_1_47' title="bbox 138 4502 1425 4587; baseline -0.012 -15"><span class='ocrx_word' id='word_1_610' title='bbox 138 4532 202 4587; x_wconf 80' lang='lat' dir='ltr'><strong>quae</strong></span> <span class='ocrx_word' id='word_1_611' title='bbox 215 4514 355 4571; x_wconf 68' lang='lat' dir='ltr'><strong>caelibatus</strong></span> <span class='ocrx_word' id='word_1_612' title='bbox 369 4512 532 4570; x_wconf 87' lang='lat' dir='ltr'><strong>etorbitatis</strong></span> <span class='ocrx_word' id='word_1_613' title='bbox 547 4526 642 4583; x_wconf 85' lang='lat' dir='ltr'><strong>poenas</strong></span> <span class='ocrx_word' id='word_1_614' title='bbox 663 4506 845 4564; x_wconf 86' lang='lat' dir='ltr'><strong>continebant.</strong></span> <span class='ocrx_word' id='word_1_615' title='bbox 871 4502 943 4584; x_wconf 81' lang='lat' dir='ltr'><strong>Quas</strong></span> <span class='ocrx_word' id='word_1_616' title='bbox 1367 4564 1372 4575; x_wconf 46' lang='lat'>‚</span> <span class='ocrx_word' id='word_1_617' title='bbox 1420 4566 1425 4575; x_wconf 93' lang='lat'><em>.</em></span> 
     </span>
     <span class='ocr_line' id='line_1_48' title="bbox 137 4560 1545 4670; baseline -0.005 -27"><span class='ocrx_word' id='word_1_618' title='bbox 137 4590 215 4644; x_wconf 80' lang='lat' dir='ltr'><strong>suxit</strong></span> <span class='ocrx_word' id='word_1_619' title='bbox 228 4589 376 4660; x_wconf 78' lang='lat' dir='ltr'><strong>Augustus,</strong></span> <span class='ocrx_word' id='word_1_620' title='bbox 392 4591 458 4640; x_wconf 87' lang='lat' dir='ltr'><strong>teste</strong></span> <span class='ocrx_word' id='word_1_621' title='bbox 479 4585 565 4639; x_wconf 87' lang='lat' dir='ltr'><strong>Dione</strong></span> <span class='ocrx_word' id='word_1_622' title='bbox 578 4582 627 4636; x_wconf 90' lang='lat' dir='ltr'><strong>lib.</strong></span> <span class='ocrx_word' id='word_1_623' title='bbox 642 4595 688 4648; x_wconf 82' lang='lat' dir='ltr'><strong>nv,</strong></span> <span class='ocrx_word' id='word_1_624' title='bbox 712 4577 782 4634; x_wconf 91' lang='lat' dir='ltr'><strong>unde</strong></span> <span class='ocrx_word' id='word_1_625' title='bbox 804 4574 849 4631; x_wconf 81' lang='lat' dir='ltr'><strong>lex</strong></span> <span class='ocrx_word' id='word_1_626' title='bbox 871 4575 942 4655; x_wconf 79' lang='lat' dir='ltr'><strong>lulua</strong></span> <span class='ocrx_word' id='word_1_627' title='bbox 1028 4592 1070 4670; x_wconf 60' lang='lat' dir='ltr'><strong>L·</strong></span> <span class='ocrx_word' id='word_1_628' title='bbox 1096 4597 1102 4610; x_wconf 92' lang='lat'><strong>·</strong></span> <span class='ocrx_word' id='word_1_629' title='bbox 1127 4596 1134 4609; x_wconf 94' lang='lat'><strong>·</strong></span> <span class='ocrx_word' id='word_1_630' title='bbox 1152 4560 1258 4627; x_wconf 70' lang='grc' dir='ltr'><strong>Ρ6616666</strong></span> <span class='ocrx_word' id='word_1_631' title='bbox 1270 4578 1311 4636; x_wconf 77' lang='lat'>¹¹¹⁰.</span> <span class='ocrx_word' id='word_1_632' title='bbox 1325 4564 1441 4618; x_wconf 67' lang='grc'><strong>66666666</strong></span> <span class='ocrx_word' id='word_1_633' title='bbox 1455 4568 1545 4627; x_wconf 65' lang='grc'><strong>666666</strong></span> 
     </span>
     <span class='ocr_line' id='line_1_49' title="bbox 138 4629 1717 4727; baseline -0.011 -12"><span class='ocrx_word' id='word_1_634' title='bbox 138 4659 212 4715; x_wconf 89' lang='lat' dir='ltr'><strong>dicta</strong></span> <span class='ocrx_word' id='word_1_635' title='bbox 241 4667 283 4714; x_wconf 92' lang='lat' dir='ltr'><strong>est</strong></span> <span class='ocrx_word' id='word_1_636' title='bbox 306 4659 347 4715; x_wconf 84' lang='lat' dir='ltr'><strong>lex</strong></span> <span class='ocrx_word' id='word_1_637' title='bbox 380 4653 539 4723; x_wconf 89' lang='lat' dir='ltr'><strong>caducaria;</strong></span> <span class='ocrx_word' id='word_1_638' title='bbox 564 4669 624 4707; x_wconf 91' lang='lat' dir='ltr'><strong>uam</strong></span> <span class='ocrx_word' id='word_1_639' title='bbox 651 4666 711 4706; x_wconf 92' lang='lat' dir='ltr'><strong>cum</strong></span> <span class='ocrx_word' id='word_1_640' title='bbox 735 4647 841 4706; x_wconf 78' lang='lat' dir='ltr'><strong>celibes</strong></span> <span class='ocrx_word' id='word_1_641' title='bbox 867 4645 934 4727; x_wconf 79' lang='lat' dir='ltr'><strong>nihil</strong></span> <span class='ocrx_word' id='word_1_642' title='bbox 1040 4629 1148 4720; x_wconf 48' lang='lat' dir='ltr'><strong>fluum</strong></span> <span class='ocrx_word' id='word_1_643' title='bbox 1164 4638 1238 4725; x_wconf 57' lang='grc'><strong>66666</strong></span> <span class='ocrx_word' id='word_1_644' title='bbox 1255 4640 1447 4690; x_wconf 66' lang='grc' dir='ltr'><strong>66666νῦ66666</strong></span> <span class='ocrx_word' id='word_1_645' title='bbox 1464 4631 1717 4688; x_wconf 84' lang='lat' dir='ltr'><strong>etdulcecadueum.</strong></span> 
     </span>
     <span class='ocr_line' id='line_1_50' title="bbox 126 4708 1797 4867; baseline -0.002 -10"><span class='ocrx_word' id='word_1_646' title='bbox 126 4731 793 4867; x_wconf 67' lang='lat' dir='ltr'><strong>tuttiu,haitanatftthtttn</strong></span> <span class='ocrx_word' id='word_1_647' title='bbox 807 4725 935 4845; x_wconf 59' lang='lat' dir='ltr'><strong>,attin</strong></span> <span class='ocrx_word' id='word_1_648' title='bbox 990 4708 1115 4842; x_wconf 73' lang='lat' dir='ltr'><strong>nitu</strong></span> <span class='ocrx_word' id='word_1_649' title='bbox 1135 4718 1644 4855; x_wconf 59' lang='grc' dir='ltr'><strong>ιιιιιιιιιιιοιιιιιιι</strong></span> <span class='ocrx_word' id='word_1_650' title='bbox 1665 4735 1710 4852; x_wconf 74' lang='lat' dir='ltr'><strong>tt</strong></span> <span class='ocrx_word' id='word_1_651' title='bbox 1725 4723 1797 4865; x_wconf 64' lang='lat' dir='ltr'><strong>,itt</strong></span> 
     </span>
     <span class='ocr_line' id='line_1_51' title="bbox 138 4856 1881 4938; baseline -0.002 -11"><span class='ocrx_word' id='word_1_652' title='bbox 138 4871 195 4937; x_wconf 91' lang='lat' dir='ltr'><strong>libi,</strong></span> <span class='ocrx_word' id='word_1_653' title='bbox 228 4870 360 4927; x_wconf 84' lang='lat' dir='ltr'><strong>caducum</strong></span> <span class='ocrx_word' id='word_1_654' title='bbox 384 4868 534 4938; x_wconf 89' lang='lat' dir='ltr'><strong>dicebatur,</strong></span> <span class='ocrx_word' id='word_1_655' title='bbox 555 4867 608 4922; x_wconf 91' lang='lat' dir='ltr'><strong>nisi</strong></span> <span class='ocrx_word' id='word_1_656' title='bbox 638 4867 709 4921; x_wconf 86' lang='lat' dir='ltr'><strong>intra</strong></span> <span class='ocrx_word' id='word_1_657' title='bbox 738 4863 798 4918; x_wconf 91' lang='lat' dir='ltr'><strong>dies</strong></span> <span class='ocrx_word' id='word_1_658' title='bbox 827 4868 934 4917; x_wconf 84' lang='lat' dir='ltr'><strong>centuni</strong></span> <span class='ocrx_word' id='word_1_659' title='bbox 989 4859 1134 4936; x_wconf 66' lang='lat' dir='ltr'><strong>plomuem</strong></span> <span class='ocrx_word' id='word_1_660' title='bbox 1158 4856 1228 4912; x_wconf 93' lang='lat' dir='ltr'><strong>illam</strong></span> <span class='ocrx_word' id='word_1_661' title='bbox 1254 4858 1435 4916; x_wconf 76' lang='lat' dir='ltr'><strong>hereditatem</strong></span> <span class='ocrx_word' id='word_1_662' title='bbox 1458 4863 1546 4933; x_wconf 76' lang='lat' dir='ltr'><strong>adire3</strong></span> <span class='ocrx_word' id='word_1_663' title='bbox 1594 4868 1656 4938; x_wconf 93' lang='lat' dir='ltr'><strong>uod,</strong></span> <span class='ocrx_word' id='word_1_664' title='bbox 1676 4877 1707 4924; x_wconf 93' lang='lat' dir='ltr'><strong>ut</strong></span> <span class='ocrx_word' id='word_1_665' title='bbox 1729 4868 1796 4937; x_wconf 85' lang='lat' dir='ltr'><strong>diri,</strong></span> <span class='ocrx_word' id='word_1_666' title='bbox 1877 4868 1881 4877; x_wconf 85' lang='lat'>&#39;</span> 
     </span>
     <span class='ocr_line' id='line_1_52' title="bbox 139 4883 1800 5017; baseline 0.008 -20"><span class='ocrx_word' id='word_1_667' title='bbox 139 4951 260 5013; x_wconf 75' lang='lat' dir='ltr'><strong>parerer.</strong></span> <span class='ocrx_word' id='word_1_668' title='bbox 282 4942 445 4997; x_wconf 69' lang='lat' dir='ltr'><strong>muneras</strong></span> <span class='ocrx_word' id='word_1_669' title='bbox 459 4940 486 4995; x_wconf 84' lang='grc' dir='ltr'><strong>ιο</strong></span> <span class='ocrx_word' id='word_1_670' title='bbox 506 4939 649 5010; x_wconf 68' lang='lat' dir='ltr'><strong>esurgentes</strong></span> <span class='ocrx_word' id='word_1_671' title='bbox 671 4943 744 4992; x_wconf 80' lang='lat' dir='ltr'><strong>notat</strong></span> <span class='ocrx_word' id='word_1_672' title='bbox 770 4933 818 4988; x_wconf 85' lang='lat' dir='ltr'><strong>nu.</strong></span> <span class='ocrx_word' id='word_1_673' title='bbox 834 4949 843 4988; x_wconf 88' lang='lat' dir='ltr'><strong>t</strong></span> <span class='ocrx_word' id='word_1_674' title='bbox 857 4931 934 4988; x_wconf 77' lang='lat' dir='ltr'><strong>nect.</strong></span> <span class='ocrx_word' id='word_1_675' title='bbox 987 4938 1016 5005; x_wconf 68' lang='grc' dir='ltr'><strong>ιν</strong></span> <span class='ocrx_word' id='word_1_676' title='bbox 1030 4923 1136 5006; x_wconf 68' lang='lat' dir='ltr'><strong>caelrbn,</strong></span> <span class='ocrx_word' id='word_1_677' title='bbox 1158 4943 1211 4983; x_wconf 87' lang='lat' dir='ltr'><strong>nou</strong></span> <span class='ocrx_word' id='word_1_678' title='bbox 1234 4929 1332 5011; x_wconf 68' lang='lat' dir='ltr'><strong>lebna</strong></span> <span class='ocrx_word' id='word_1_679' title='bbox 1348 4947 1409 4987; x_wconf 78' lang='lat' dir='ltr'><strong>nan</strong></span> <span class='ocrx_word' id='word_1_680' title='bbox 1437 4933 1526 5017; x_wconf 58' lang='lat' dir='ltr'><strong>tegata</strong></span> <span class='ocrx_word' id='word_1_681' title='bbox 1548 4883 1647 4995; x_wconf 63' lang='lat' dir='ltr'><strong>rhun</strong></span> <span class='ocrx_word' id='word_1_682' title='bbox 1680 4942 1800 5011; x_wconf 74' lang='lat' dir='ltr'><strong>caduca.</strong></span> 
     </span>
     <span class='ocr_line' id='line_1_53' title="bbox 140 4997 1798 5098; baseline 0.007 -40"><span class='ocrx_word' id='word_1_683' title='bbox 140 5014 214 5070; x_wconf 63' lang='lat' dir='ltr'><strong>mgr,</strong></span> <span class='ocrx_word' id='word_1_684' title='bbox 238 5033 248 5070; x_wconf 77' lang='lat'><strong>,·</strong></span> <span class='ocrx_word' id='word_1_685' title='bbox 277 5015 360 5086; x_wconf 66' lang='grc' dir='ltr'><strong>Νόμος</strong></span> <span class='ocrx_word' id='word_1_686' title='bbox 384 5008 415 5079; x_wconf 66' lang='grc' dir='ltr'><strong>ἦν</strong></span> <span class='ocrx_word' id='word_1_687' title='bbox 443 5009 569 5081; x_wconf 65' lang='grc' dir='ltr'><strong>Ῥωμαιοις</strong></span> <span class='ocrx_word' id='word_1_688' title='bbox 590 5009 700 5074; x_wconf 60' lang='lat' dir='ltr'><strong>natator,</strong></span> <span class='ocrx_word' id='word_1_689' title='bbox 716 5005 766 5059; x_wconf 75' lang='lat' dir='ltr'><strong>drab</strong></span> <span class='ocrx_word' id='word_1_690' title='bbox 793 5002 869 5057; x_wconf 81' lang='grc' dir='ltr'><strong>εἲκοοι</strong></span> <span class='ocrx_word' id='word_1_691' title='bbox 895 5003 936 5055; x_wconf 82' lang='lat' dir='ltr'><strong>sul</strong></span> <span class='ocrx_word' id='word_1_692' title='bbox 988 4997 1117 5067; x_wconf 84' lang='lat' dir='ltr'><strong>ibuntque</strong></span> <span class='ocrx_word' id='word_1_693' title='bbox 1128 5012 1156 5051; x_wconf 87' lang='lat' dir='ltr'><strong>tn</strong></span> <span class='ocrx_word' id='word_1_694' title='bbox 1165 4997 1327 5084; x_wconf 69' lang='lat' dir='ltr'><strong>fiscumlrb.</strong></span> <span class='ocrx_word' id='word_1_695' title='bbox 1340 5018 1380 5070; x_wconf 87' lang='lat' dir='ltr'><strong>vr,</strong></span> <span class='ocrx_word' id='word_1_696' title='bbox 1389 5004 1421 5061; x_wconf 86' lang='lat' dir='ltr'><strong>de</strong></span> <span class='ocrx_word' id='word_1_697' title='bbox 1436 5007 1510 5098; x_wconf 57' lang='lat' dir='ltr'><strong>lule.</strong></span> <span class='ocrx_word' id='word_1_698' title='bbox 1522 5014 1551 5066; x_wconf 89' lang='lat' dir='ltr'><strong>et</strong></span> <span class='ocrx_word' id='word_1_699' title='bbox 1564 5012 1667 5083; x_wconf 85' lang='lat' dir='ltr'><strong>pnpill.</strong></span> <span class='ocrx_word' id='word_1_700' title='bbox 1684 5013 1798 5071; x_wconf 77' lang='lat' dir='ltr'><strong>substit.</strong></span> 
     </span>
     <span class='ocr_line' id='line_1_54' title="bbox 139 5068 1830 5158; baseline 0.002 -22"><span class='ocrx_word' id='word_1_701' title='bbox 139 5087 207 5139; x_wconf 74' lang='grc' dir='ltr'><strong>πέντε</strong></span> <span class='ocrx_word' id='word_1_702' title='bbox 222 5082 282 5138; x_wconf 74' lang='grc' dir='ltr'><strong>ἐτῶν</strong></span> <span class='ocrx_word' id='word_1_703' title='bbox 305 5090 356 5138; x_wconf 78' lang='grc' dir='ltr'><strong>τῶν</strong></span> <span class='ocrx_word' id='word_1_704' title='bbox 381 5081 443 5136; x_wconf 76' lang='grc' dir='ltr'><strong>ἴοων</strong></span> <span class='ocrx_word' id='word_1_705' title='bbox 466 5081 718 5147; x_wconf 50' lang='lat' dir='ltr'><strong>&amp;redundationibus</strong></span> <span class='ocrx_word' id='word_1_706' title='bbox 739 5078 791 5135; x_wconf 79' lang='grc' dir='ltr'><strong>τοῖς</strong></span> <span class='ocrx_word' id='word_1_707' title='bbox 817 5074 932 5145; x_wconf 66' lang='grc' dir='ltr'><strong>ἀγάμοις,</strong></span> <span class='ocrx_word' id='word_1_708' title='bbox 988 5068 1101 5138; x_wconf 82' lang='lat' dir='ltr'><strong>Propter</strong></span> <span class='ocrx_word' id='word_1_709' title='bbox 1150 5070 1315 5129; x_wconf 80' lang='lat' dir='ltr'><strong>Chrtsltanos</strong></span> <span class='ocrx_word' id='word_1_710' title='bbox 1355 5084 1444 5130; x_wconf 87' lang='lat' dir='ltr'><strong>lamen</strong></span> <span class='ocrx_word' id='word_1_711' title='bbox 1477 5097 1536 5132; x_wconf 88' lang='grc' dir='ltr'><strong>ιοων</strong></span> <span class='ocrx_word' id='word_1_712' title='bbox 1569 5080 1689 5144; x_wconf 78' lang='grc' dir='ltr'><strong>ἀξιοῦσθαι</strong></span> <span class='ocrx_word' id='word_1_713' title='bbox 1710 5088 1801 5158; x_wconf 74' lang='lat' dir='ltr'><strong>auple-</strong></span> <span class='ocrx_word' id='word_1_714' title='bbox 1825 5103 1830 5113; x_wconf 87' lang='lat'><strong>·</strong></span> 
     </span>
     <span class='ocr_line' id='line_1_55' title="bbox 140 5138 1801 5229; baseline -0.009 -15"><span class='ocrx_word' id='word_1_715' title='bbox 140 5156 196 5213; x_wconf 79' lang='lat' dir='ltr'><strong>Lex</strong></span> <span class='ocrx_word' id='word_1_716' title='bbox 210 5155 492 5229; x_wconf 83' lang='lat' dir='ltr'><strong>eratcnlipunapnd</strong></span> <span class='ocrx_word' id='word_1_717' title='bbox 505 5156 719 5222; x_wconf 66' lang='lat' dir='ltr'><strong>Romanosque</strong></span> <span class='ocrx_word' id='word_1_718' title='bbox 733 5147 841 5204; x_wconf 70' lang='lat' dir='ltr'><strong>caelibes</strong></span> <span class='ocrx_word' id='word_1_719' title='bbox 855 5145 936 5201; x_wconf 85' lang='lat' dir='ltr'><strong>ultra</strong></span> <span class='ocrx_word' id='word_1_720' title='bbox 988 5157 1041 5192; x_wconf 85' lang='grc' dir='ltr'><strong>νιον</strong></span> <span class='ocrx_word' id='word_1_721' title='bbox 1072 5138 1113 5191; x_wconf 81' lang='grc' dir='ltr'><strong>καὶ</strong></span> <span class='ocrx_word' id='word_1_722' title='bbox 1157 5141 1272 5198; x_wconf 72' lang='grc' dir='ltr'><strong>ἀπαιδίαν</strong></span> <span class='ocrx_word' id='word_1_723' title='bbox 1308 5139 1351 5197; x_wconf 77' lang='lat' dir='ltr'><strong>duh</strong></span> <span class='ocrx_word' id='word_1_724' title='bbox 1386 5147 1447 5202; x_wconf 74' lang='grc' dir='ltr'><strong>Θεὸν</strong></span> <span class='ocrx_word' id='word_1_725' title='bbox 1487 5150 1564 5205; x_wconf 73' lang='grc' dir='ltr'><strong>ἀσκοῦ</strong></span> <span class='ocrx_word' id='word_1_726' title='bbox 1588 5174 1640 5219; x_wconf 77' lang='grc' dir='ltr'><strong>τος,</strong></span> <span class='ocrx_word' id='word_1_727' title='bbox 1669 5155 1801 5213; x_wconf 57' lang='lat' dir='ltr'><strong>Consum.</strong></span> 
     </span>
    </p>
   </div>
   <div class='ocr_carea' id='block_1_7' title="bbox 138 5210 1815 5355">
    <p class='ocr_par' dir='ltr' id='par_1_7' title="bbox 138 5210 1815 5355">
     <span class='ocr_line' id='line_1_56' title="bbox 138 5210 1815 5355; baseline 0.013 -91"><span class='ocrx_word' id='word_1_728' title='bbox 138 5228 243 5300; x_wconf 52' lang='lat' dir='ltr'><strong>„afim</strong></span> <span class='ocrx_word' id='word_1_729' title='bbox 252 5231 374 5355; x_wconf 35' lang='lat' dir='ltr'><strong>quamque</strong></span> <span class='ocrx_word' id='word_1_730' title='bbox 383 5241 473 5283; x_wconf 68' lang='lat' dir='ltr'><strong>aanor</strong></span> <span class='ocrx_word' id='word_1_731' title='bbox 482 5225 580 5297; x_wconf 70' lang='lat' dir='ltr'><strong>tepetis</strong></span> <span class='ocrx_word' id='word_1_732' title='bbox 593 5220 821 5293; x_wconf 71' lang='lat' dir='ltr'><strong>frustrabuntur.</strong></span> <span class='ocrx_word' id='word_1_733' title='bbox 834 5214 934 5286; x_wconf 85' lang='lat' dir='ltr'><strong>Respi-</strong></span> <span class='ocrx_word' id='word_1_734' title='bbox 990 5210 1062 5265; x_wconf 86' lang='lat' dir='ltr'><strong>tinus</strong></span> <span class='ocrx_word' id='word_1_735' title='bbox 1089 5210 1189 5269; x_wconf 89' lang='lat' dir='ltr'><strong>deiude</strong></span> <span class='ocrx_word' id='word_1_736' title='bbox 1208 5215 1349 5273; x_wconf 86' lang='lat' dir='ltr'><strong>coelibatus</strong></span> <span class='ocrx_word' id='word_1_737' title='bbox 1390 5235 1483 5288; x_wconf 87' lang='lat' dir='ltr'><strong>poenes</strong></span> <span class='ocrx_word' id='word_1_738' title='bbox 1506 5225 1614 5281; x_wconf 87' lang='lat' dir='ltr'><strong>sustulit</strong></span> <span class='ocrx_word' id='word_1_739' title='bbox 1639 5226 1737 5284; x_wconf 84' lang='lat' dir='ltr'><strong>Euseb.</strong></span> <span class='ocrx_word' id='word_1_740' title='bbox 1766 5225 1815 5285; x_wconf 78' lang='lat' dir='ltr'><strong>dc&#39;</strong></span> 
     </span>
    </p>
   </div>
   <div class='ocr_carea' id='block_1_8' title="bbox 139 5280 1805 5655">
    <p class='ocr_par' dir='ltr' id='par_1_8' title="bbox 139 5280 1568 5356">
     <span class='ocr_line' id='line_1_57' title="bbox 139 5280 1568 5356; baseline -0.006 -2"><span class='ocrx_word' id='word_1_741' title='bbox 139 5300 175 5354; x_wconf 87' lang='lat' dir='ltr'><strong>eit</strong></span> <span class='ocrx_word' id='word_1_742' title='bbox 189 5306 309 5355; x_wconf 87' lang='lat' dir='ltr'><strong>autema</strong></span> <span class='ocrx_word' id='word_1_743' title='bbox 363 5294 826 5356; x_wconf 82' lang='lat' dir='ltr'><strong>oenasillasPlutarchusilccmorc</strong></span> <span class='ocrx_word' id='word_1_744' title='bbox 842 5287 934 5344; x_wconf 65' lang='lat' dir='ltr'><strong>liban:</strong></span> <span class='ocrx_word' id='word_1_745' title='bbox 993 5282 1054 5338; x_wconf 77' lang='lat' dir='ltr'><strong>Vita</strong></span> <span class='ocrx_word' id='word_1_746' title='bbox 1071 5280 1175 5350; x_wconf 68' lang='lat' dir='ltr'><strong>Consi,</strong></span> <span class='ocrx_word' id='word_1_747' title='bbox 1191 5293 1218 5341; x_wconf 91' lang='lat' dir='ltr'><strong>et</strong></span> <span class='ocrx_word' id='word_1_748' title='bbox 1235 5286 1341 5343; x_wconf 87' lang='lat' dir='ltr'><strong>Sozom.</strong></span> <span class='ocrx_word' id='word_1_749' title='bbox 1357 5290 1402 5345; x_wconf 95' lang='lat' dir='ltr'><strong>lib.</strong></span> <span class='ocrx_word' id='word_1_750' title='bbox 1417 5306 1435 5345; x_wconf 85' lang='lat' dir='ltr'><strong>t.</strong></span> <span class='ocrx_word' id='word_1_751' title='bbox 1451 5291 1491 5348; x_wconf 84' lang='lat' dir='ltr'><strong>Lu</strong></span> <span class='ocrx_word' id='word_1_752' title='bbox 1518 5294 1568 5351; x_wconf 82' lang='lat' dir='ltr'><strong>Pu.</strong></span> 
     </span>
    </p>

    <p class='ocr_par' dir='ltr' id='par_1_9' title="bbox 141 5351 1803 5586">
     <span class='ocr_line' id='line_1_58' title="bbox 145 5351 1803 5442; baseline 0.001 -20"><span class='ocrx_word' id='word_1_753' title='bbox 145 5367 276 5440; x_wconf 77' lang='lat' dir='ltr'><strong>‘Populus</strong></span> <span class='ocrx_word' id='word_1_754' title='bbox 301 5390 332 5424; x_wconf 80' lang='lat' dir='ltr'><strong>ru</strong></span> <span class='ocrx_word' id='word_1_755' title='bbox 364 5371 388 5423; x_wconf 87' lang='lat' dir='ltr'><strong>ci</strong></span> <span class='ocrx_word' id='word_1_756' title='bbox 420 5372 540 5442; x_wconf 75' lang='grc' dir='ltr'><strong>γαμοῦσι,</strong></span> <span class='ocrx_word' id='word_1_757' title='bbox 577 5369 702 5440; x_wconf 72' lang='grc' dir='ltr'><strong>γεννῶσιν,</strong></span> <span class='ocrx_word' id='word_1_758' title='bbox 738 5362 779 5414; x_wconf 77' lang='grc' dir='ltr'><strong>καὶ</strong></span> <span class='ocrx_word' id='word_1_759' title='bbox 807 5357 857 5432; x_wconf 69' lang='grc' dir='ltr'><strong>οὺχ</strong></span> <span class='ocrx_word' id='word_1_760' title='bbox 894 5358 936 5411; x_wconf 79' lang='lat' dir='ltr'><strong>isa</strong></span> <span class='ocrx_word' id='word_1_761' title='bbox 1024 5351 1082 5423; x_wconf 80' lang='lat' dir='ltr'><strong>(ti)</strong></span> <span class='ocrx_word' id='word_1_762' title='bbox 1100 5356 1229 5436; x_wconf 72' lang='lat' dir='ltr'><strong>insontes</strong></span> <span class='ocrx_word' id='word_1_763' title='bbox 1249 5359 1404 5432; x_wconf 82' lang='lat' dir='ltr'><strong>pipiantes.</strong></span> <span class='ocrx_word' id='word_1_764' title='bbox 1423 5362 1528 5435; x_wconf 85' lang='lat' dir='ltr'><strong>Pipiare</strong></span> <span class='ocrx_word' id='word_1_765' title='bbox 1549 5367 1680 5423; x_wconf 90' lang='lat' dir='ltr'><strong>Oscorum</strong></span> <span class='ocrx_word' id='word_1_766' title='bbox 1708 5367 1803 5441; x_wconf 74' lang='lat' dir='ltr'><strong>lingue</strong></span> 
     </span>
     <span class='ocr_line' id='line_1_59' title="bbox 141 5429 1801 5512; baseline 0.002 -19"><span class='ocrx_word' id='word_1_767' title='bbox 141 5440 249 5512; x_wconf 71' lang='grc' dir='ltr'><strong>ιιληρονό</strong></span> <span class='ocrx_word' id='word_1_768' title='bbox 270 5461 310 5503; x_wconf 82' lang='grc' dir='ltr'><strong>ους</strong></span> <span class='ocrx_word' id='word_1_769' title='bbox 324 5442 420 5508; x_wconf 59' lang='lat' dir='ltr'><strong>Queat,</strong></span> <span class='ocrx_word' id='word_1_770' title='bbox 435 5441 491 5493; x_wconf 76' lang='grc' dir='ltr'>ἀλλ’</span> <span class='ocrx_word' id='word_1_771' title='bbox 506 5440 546 5492; x_wconf 84' lang='grc' dir='ltr'><strong>ἶνα</strong></span> <span class='ocrx_word' id='word_1_772' title='bbox 559 5436 718 5509; x_wconf 75' lang='grc' dir='ltr'><strong>κληρονομεῖν</strong></span> <span class='ocrx_word' id='word_1_773' title='bbox 733 5433 862 5486; x_wconf 74' lang='grc' dir='ltr'><strong>δύνωνται.</strong></span> <span class='ocrx_word' id='word_1_774' title='bbox 878 5429 936 5485; x_wconf 81' lang='lat' dir='ltr'><strong>Ple·</strong></span> <span class='ocrx_word' id='word_1_775' title='bbox 990 5433 1033 5504; x_wconf 68' lang='grc' dir='ltr'><strong>θβῑ</strong></span> <span class='ocrx_word' id='word_1_776' title='bbox 1045 5439 1138 5509; x_wconf 69' lang='lat' dir='ltr'><strong>ldglfe</strong></span> <span class='ocrx_word' id='word_1_777' title='bbox 1153 5444 1160 5481; x_wconf 68' lang='grc' dir='ltr'>ἓ</span> <span class='ocrx_word' id='word_1_778' title='bbox 1178 5429 1211 5512; x_wconf 70' lang='lat' dir='ltr'><strong>alt</strong></span> <span class='ocrx_word' id='word_1_779' title='bbox 1225 5444 1258 5486; x_wconf 77' lang='lat' dir='ltr'><strong>et)</strong></span> <span class='ocrx_word' id='word_1_780' title='bbox 1273 5437 1301 5496; x_wconf 85' lang='lat' dir='ltr'><strong>tit</strong></span> <span class='ocrx_word' id='word_1_781' title='bbox 1315 5433 1435 5502; x_wconf 79' lang='lat' dir='ltr'><strong>pipilore,</strong></span> <span class='ocrx_word' id='word_1_782' title='bbox 1448 5450 1503 5508; x_wconf 85' lang='lat' dir='ltr'><strong>quo</strong></span> <span class='ocrx_word' id='word_1_783' title='bbox 1516 5437 1639 5494; x_wconf 79' lang='lat' dir='ltr'><strong>Catullus</strong></span> <span class='ocrx_word' id='word_1_784' title='bbox 1656 5438 1690 5495; x_wconf 82' lang='lat' dir='ltr'><strong>de</strong></span> <span class='ocrx_word' id='word_1_785' title='bbox 1705 5454 1801 5510; x_wconf 73' lang='lat' dir='ltr'><strong>pusse-</strong></span> 
     </span>
     <span class='ocr_line' id='line_1_60' title="bbox 142 5461 1375 5586; baseline -0.006 -19"><span class='ocrx_word' id='word_1_786' title='bbox 142 5512 224 5586; x_wconf 76' lang='lat' dir='ltr'><strong>rt&#39;puc</strong></span> <span class='ocrx_word' id='word_1_787' title='bbox 240 5461 433 5570; x_wconf 51' lang='lat' dir='ltr'><strong>Kournnorom</strong></span> <span class='ocrx_word' id='word_1_788' title='bbox 448 5508 670 5568; x_wconf 79' lang='lat' dir='ltr'><strong>uxoresrlucucl</strong></span> <span class='ocrx_word' id='word_1_789' title='bbox 684 5500 938 5583; x_wconf 79' lang='lat' dir='ltr'><strong>lc‘beroapcesuaci·¹</strong></span> <span class='ocrx_word' id='word_1_790' title='bbox 994 5508 1031 5550; x_wconf 79' lang='lat' dir='ltr'><strong>rto</strong></span> <span class='ocrx_word' id='word_1_791' title='bbox 1081 5506 1149 5555; x_wconf 84' lang='lat' dir='ltr'><strong>rrrtu</strong></span> <span class='ocrx_word' id='word_1_792' title='bbox 1165 5506 1258 5557; x_wconf 82' lang='lat' dir='ltr'><strong>utitur.</strong></span> <span class='ocrx_word' id='word_1_793' title='bbox 1273 5501 1312 5557; x_wconf 84' lang='lat' dir='ltr'><strong>Lu</strong></span> <span class='ocrx_word' id='word_1_794' title='bbox 1326 5503 1375 5559; x_wconf 89' lang='lat' dir='ltr'><strong>Pn.</strong></span> 
     </span>
    </p>

    <p class='ocr_par' dir='ltr' id='par_1_10' title="bbox 141 5565 1805 5655">
     <span class='ocr_line' id='line_1_61' title="bbox 141 5565 1805 5655; baseline -0.006 -13"><span class='ocrx_word' id='word_1_795' title='bbox 141 5585 307 5655; x_wconf 62' lang='lat' dir='ltr'><strong>plocimon</strong></span> <span class='ocrx_word' id='word_1_796' title='bbox 319 5583 482 5643; x_wconf 82' lang='lat' dir='ltr'><strong>athaeredca</strong></span> <span class='ocrx_word' id='word_1_797' title='bbox 497 5580 629 5644; x_wconf 78' lang='grc' dir='ltr'><strong>ὴοὺοοιιι,</strong></span> <span class='ocrx_word' id='word_1_798' title='bbox 642 5574 938 5645; x_wconf 75' lang='lat' dir='ltr'><strong>seduthoercdssficrt</strong></span> <span class='ocrx_word' id='word_1_799' title='bbox 1026 5569 1035 5635; x_wconf 85' lang='lat' dir='ltr'><strong>l</strong></span> <span class='ocrx_word' id='word_1_800' title='bbox 1055 5565 1083 5639; x_wconf 74' lang='grc' dir='ltr'><strong>ὗ)</strong></span> <span class='ocrx_word' id='word_1_801' title='bbox 1097 5568 1191 5628; x_wconf 81' lang='lat' dir='ltr'><strong>Solent</strong></span> <span class='ocrx_word' id='word_1_802' title='bbox 1211 5574 1322 5630; x_wconf 82' lang='lat' dir='ltr'><strong>ethnici</strong></span> <span class='ocrx_word' id='word_1_803' title='bbox 1333 5575 1445 5646; x_wconf 84' lang='lat' dir='ltr'><strong>judices</strong></span> <span class='ocrx_word' id='word_1_804' title='bbox 1471 5577 1618 5636; x_wconf 80' lang='lat' dir='ltr'><strong>destinari.</strong></span> <span class='ocrx_word' id='word_1_805' title='bbox 1637 5579 1742 5637; x_wconf 77' lang='lat' dir='ltr'><strong>Alindit</strong></span> <span class='ocrx_word' id='word_1_806' title='bbox 1770 5579 1805 5638; x_wconf 75' lang='lat' dir='ltr'><strong>ud</strong></span> 
     </span>
    </p>
   </div>
   <div class='ocr_carea' id='block_1_9' title="bbox 287 5691 1730 5750">
    <p class='ocr_par' dir='ltr' id='par_1_11' title="bbox 287 5691 1730 5750">
     <span class='ocr_line' id='line_1_62' title="bbox 287 5691 1730 5750; baseline 0.001 -3"><span class='ocrx_word' id='word_1_807' title='bbox 287 5691 409 5750; x_wconf 80' lang='lat' dir='ltr'><strong>Parnon.</strong></span> <span class='ocrx_word' id='word_1_808' title='bbox 439 5691 475 5748; x_wconf 87' lang='lat'><strong>11.</strong></span> <span class='ocrx_word' id='word_1_809' title='bbox 1695 5691 1730 5748; x_wconf 81' lang='lat'><strong>32</strong></span> 
     </span>
    </p>
   </div>
   <div class='ocr_carea' id='block_1_10' title="bbox 0 0 1950 6132">
    <p class='ocr_par' dir='ltr' id='par_1_12' title="bbox 0 0 1950 6132">
     <span class='ocr_line' id='line_1_63' title="bbox 0 0 1950 6132; baseline 0 0"><span class='ocrx_word' id='word_1_810' title='bbox 0 0 1950 6132; x_wconf 95' lang='lat' dir='ltr'><strong> </strong></span> 
     </span>
    </p>
   </div>
  </div>
 </body>
</html>
