3840 6134
142 257 192 317 871
491 251 714 320 uaauuuuul
730 247 863 313 uelauit
889 241 974 309 PARS
1000 243 1036 305 11.
1055 272 1092 289 ·-
1109 242 1223 306 santus
1240 245 1263 317 l,
1284 241 1453 309 paululus.
1737 253 1793 316 872

143 385 228 451 nium,
244 394 333 453 usque
346 379 379 436 ad
398 379 601 438 conclusionem
624 381 649 420 ³³
672 377 774 444 saeculi,
790 374 880 446 dirigit
904 369 939 428 ³³.
956 383 980 462 g
996 367 1056 441 quis
1079 367 1202 426 inimicos
1224 368 1323 426 Christi
1355 370 1412 441 iam
1440 369 1556 441 subjecit
1574 371 1690 444 pedibus
1718 375 1793 446 ejus,

142 473 210 527 Nam
227 476 404 542 posteaquam
418 470 516 529 edixit:
539 471 579 527 Et
599 475 669 527 tuuc
692 468 748 525 erit
768 460 942 521 Hiemuolem
995 456 1141 514 secundum
1166 458 1261 524 Dauid,
1285 456 1363 530 quasi
1383 456 1502 516 uelocior
1525 460 1615 529 Patre,
1644 464 1720 520 omni
1740 465 1794 523 ad·

144 558 326 616 conculcatui
340 557 941 629 mationibus,donccadimpleanturtempora
995 548 1049 603 buc
1067 546 1240 618 popularium
1255 558 1326 605 coetu
1344 546 1474 603 clamante
1487 547 1511 588 ⁴¹
1531 548 1594 623 (i):
1623 550 1795 612 Christiano.

143 649 291 718 nationum,
314 647 512 722 allegandarum
536 649 561 687 ³⁴
580 648 683 704 scilicet
706 663 721 701 a
744 646 814 710 Deo,
828 650 855 698 et
872 655 940 697 con·
995 637 1028 691 ad
1043 637 1148 693 leonem
1163 635 1224 709 (5)t
1240 638 1301 710 quis
1314 637 1383 692 coelo
1396 636 1607 695 descendentem
1630 640 1723 697 Jcsum
1748 649 1792 699 ts·

104 743 110 755 '
142 737 342 813 gregaodarum
372 755 434 794 euru
460 736 581 810 reliquiis
603 737 628 776 ³⁵
650 734 770 802 israelis;
801 732 863 788 inde
884 728 941 802 iam
995 722 1048 781 tem
1067 725 1218 796 conspexit,
1241 726 1346 797 qualem
1365 725 1552 784 ascendentem
1576 729 1692 800 apostoli
1713 731 1792 801 side·

142 826 170 883 in
190 827 284 883 orbem
299 836 325 882 et
338 826 364 881 in
378 825 506 882 saeculum
533 825 677 899 praedicam
703 821 850 880 secundum
875 819 940 874 Joe-
994 820 1063 879 rant,
1088 815 1234 871 secundum
1262 815 1423 887 angelorum
1441 815 1641 874 constitutum?
1654 818 1737 876 Nulla
1757 820 1792 879 ad

143 913 246 985 lem,et
264 915 400 972 Danielem
417 915 466 987 (3),
494 923 522 971 et
540 915 698 971 uniuersum
721 910 864 971 concilium
879 923 942 981 pro·
994 902 1152 960 hodiernum
1182 903 1267 959 tribus
1303 901 1337 958 ud
1362 904 1460 959 tribum
1488 912 1597 976 pectora
1623 908 1792 982 ceciderunt,

141 1006 295 1078 puetarum,
312 1003 401 1062 lutura
424 1005 503 1077 signa
530 1005 559 1059 in
575 1005 634 1060 solc
651 1010 678 1058 et
708 1001 737 1057 in
765 1002 829 1057 luna
858 1008 886 1055 et
913 997 941 1053 in
995 1001 1175 1065 agnoscentes
1197 1008 1277 1065 quem
1296 999 1499 1066 pupugerunt:
1524 1011 1605 1052 nemo
1632 998 1722 1058 adhuc
1748 1016 1793 1059 cx·

143 1094 240 1162 stellis,
274 1092 474 1151 conclusionem
510 1093 535 1133 ³⁴
558 1093 696 1150 nationum
725 1107 788 1147 curu
811 1098 939 1161 stupore;
994 1082 1182 1152 cepitllcliam
1200 1101 1206 1136 :
1226 1097 1306 1139 nemo
1327 1082 1415 1139 adhuc
1429 1081 1498 1160 iugit
1517 1083 1714 1146 Antichristum
1729 1091 1789 1162 (o):

142 1183 249 1242 sonitus
272 1185 364 1254 maris,
390 1192 417 1241 et
439 1190 529 1240 motus
552 1180 782 1255 refrigescentium
810 1179 833 1217 ³⁴
852 1175 941 1233 homi·
994 1187 1074 1229 uemo
1088 1171 1175 1228 adhuc
1188 1171 1335 1243 Babylonis
1349 1173 1449 1229 exitum
1468 1173 1551 1230 fleuit.
1564 1176 1599 1231 Et
1620 1177 1645 1216 ⁴³
1669 1187 1712 1234 est
1736 1183 1790 1251 jam

142 1291 217 1341 num,
234 1290 289 1346 prae
313 1282 386 1332 metu
410 1281 438 1330 et
461 1272 664 1346 exspectatione
689 1285 784 1327 eorum
807 1282 867 1339 quae
889 1264 941 1321 im·
995 1259 1042 1332 qui
1056 1259 1234 1317 resurrexerit
1247 1260 1272 1299 ⁴³
1291 1260 1342 1317 uisi
1362 1261 1525 1318 haercticusi
1543 1263 1616 1319 Exiit
1635 1265 1716 1337 plane
1734 1268 1790 1340 iam

143 1366 265 1422 minuant
286 1362 348 1420 orbi
362 1371 453 1430 terroe,
481 1363 605 1421 Virtutes
625 1360 703 1418 enirn
720 1357 807 1431 inquii
827 1354 939 1427 (batti.
993 1348 1165 1422 decerperis
1187 1347 1311 1421 sepulcro
1335 1347 1385 1423 (7),
1414 1350 1497 1407 eiiam
1519 1367 1592 1409 nunc
1620 1351 1743 1413 febribus
1764 1365 1792 1415 d

142 1452 213 1527 xxx),
229 1452 363 1511 coelorum
386 1451 647 1512 commovebuntur:
669 1453 696 1509 ei
720 1453 790 1505 tunc
805 1444 942 1505 videbunt
995 1435 1130 1494 ulceribus
1148 1437 1281 1495 ubu0¹iu⁸
1303 1438 1357 1510 (8);
1381 1445 1408 1494 0⁴
1435 1439 1603 1497 conculcavit
1627 1442 1686 1512 iam
1703 1443 1792 1503 inimi·

142 1532 941 1607 biremiumlaisaeaientemaasubnabtbascampla·
994 1541 1050 1597 0⁰⁸,
1071 1526 1150 1583 eliam
1171 1543 1241 1583 nunc
1269 1527 1364 1584 luctari
1383 1528 1483 1585 habens
1496 1544 1556 1585 sum
1571 1530 1668 1587 mundi
1693 1541 1792 1605 poten-

144 1634 218 1691 rimo
230 1635 422 1706 potmtotact
436 1633 538 1704 pluria.
558 1631 713 1688 Ubioatem
732 1625 940 1699 ceperintista
995 1616 1075 1671 tibus.
1099 1616 1132 1671 Et
1154 1615 1246 1687 otique
1269 1616 1326 1686 jam
1349 1626 1454 1693 regnat,
1484 1619 1563 1674 etiam
1593 1634 1666 1677 nunc
1694 1619 1792 1681 Casan

144 1725 219 1796 fieri,
234 1722 380 1793 emergetis
394 1720 429 1789 ³³,
445 1724 473 1776 ct
488 1717 631 1775 elevabitis
645 1718 740 1789 capita
749 1718 851 1779 vestra,
868 1711 941 1787 quod
996 1720 1056 1778 quis
1071 1711 1134 1761 suut
1147 1705 1262 1762 Caesaris
1272 1706 1385 1762 debens.

144 1811 298 1884 redemptio
308 1805 641 1879 vestrcadpropiupuarit
652 1804 686 1858 ³³.
698 1804 732 1858 Et
742 1809 832 1857 tamen
842 1800 941 1874 adpro
1277 1847 1391 1905 CAPUT
1409 1847 1502 1904 xxm

144 1902 283 1975 pinquare
297 1911 356 1952 cam
372 1894 447 1961 dixit,
474 1909 537 1959 non,
558 1893 653 1948 adesse
669 1893 740 1962 jam,
756 1899 784 1947 et
805 1906 870 1949 curu
884 1906 939 1948 cre-
1504 1888 1512 1904 ·

143 1989 240 2062 periret
253 1986 311 2042 ista
324 1985 397 2055 fieri,
414 1998 479 2050 non,
495 1998 554 2038 cum
569 1982 638 2037 iacta
656 1980 771 2050 fuerin13
791 1979 853 2052 quia
878 1995 939 2036 cum
1029 1974 1115 2031 Docet
1140 1973 1248 2046 quidem
1268 1972 1427 2044 Apostolus,
1442 1972 1651 2032 Colossensibus
1672 1975 1790 2035 scribam

144 2073 215 2129 iacta
229 2073 338 2139 luerint,
356 2080 418 2128 tunc
439 2071 526 2127 aderit
539 2071 687 2142 redemptio
703 2078 806 2138 nostra,
831 2083 892 2139 quae
906 2081 939 2124 eo
993 2063 1108 2137 (dolosa.
1123 2079 1142 2133 r,
1158 2066 1215 2135 29),
1229 2060 1316 2120 826
1328 2066 1454 2120 mortuos
1469 2065 1559 2135 fuisse
1581 2079 1631 2121 mos
1641 2065 1789 2141 alienanda

145 2179 231 2236 usque
261 2161 480 2235 appropinquare
507 2161 615 2228 dicitur,
645 2160 753 2234 erigens
779 2159 887 2214 iuterim
912 2165 940 2214 st
993 2155 1143 2221 alienatos,
1156 2153 1789 2230 etinimieosscnsasuDominicamiuope·

142 2255 263 2311 excitans
281 2251 386 2307 animos
409 2250 445 2306 ad
464 2251 617 2322 proximum
642 2247 698 2322 jam
722 2247 780 2321 spei
812 2247 937 2304 iunctum.
992 2245 1069 2301 ribus
1079 2244 1209 2317 pessimis
1219 2242 1675 2319 agebamus5dcbinc,cmesepaiios
1685 2246 1789 2303 cbristo

144 2343 228 2415 Cujus
241 2341 321 2400 etiam
336 2340 464 2412 parabola
483 2340 632 2396 subtexitur
653 2337 877 2395 tenerescentium
892 2353 939 2392 ar·
992 2334 1207 2408 inbaptismate,
1220 2333 1532 2390 etcoarcsuscitatosia
1542 2349 1632 2406 ceper
1641 2333 1790 2407 fidemesfi·

143 2433 241 2490 borum
270 2432 297 2488 in
320 2431 422 2489 caulem
450 2428 534 2496 floris,
559 2437 586 2485 et
610 2428 708 2484 debinc
731 2428 824 2484 liorem
852 2425 939 2500 irugis
991 2425 1079 2482 cacioe
1092 2424 1150 2490 bei,
1166 2423 1216 2494 pai
1229 2422 1311 2480 ilium
1324 2422 1509 2480 suscitarit⁴⁵
1523 2426 1683 2481 ansortuis.
1698 2426 1788 2485 utcu

143 2532 358 2579 antecursorem:
376 2521 418 2576 lia
435 2523 462 2577 et
472 2504 527 2575 ¹ueta
547 2533 612 2574 cum
625 2515 753 2574 videritis
770 2518 867 2576 omnic
880 2519 939 2574 isto
994 2529 1062 2570 cum
1071 2511 1789 2586 mortuimarisindelictaetprepatictiomucar

143 2610 216 2683 fieri,
232 2610 332 2666 scitote
350 2608 382 2662 iu
396 2607 527 2680 procimo
542 2620 600 2661 esse
613 2620 731 2679 repexum
746 2607 805 2664 Dei.
822 2607 938 2678 Vigilate
992 2605 1038 2661 nis
1052 2603 1324 2673 oestroe,vivifieauit
1334 2617 1400 2658 cum
1411 2619 1451 2669 eo,
1464 2602 1657 2661 domatisuobis
1664 2605 1788 2663 omuibus

142 2714 206 2771 erpo
220 2699 299 2756 omni
315 2697 492 2768 intempore,
507 2698 541 2751 ut
551 2694 629 2767 dipui
642 2693 803 2752 habeamini
812 2697 939 2768 essuperc
992 2694 1112 2752 delictis.
1127 2693 1162 2749 Et
1176 2708 1270 2750 rursus
1284 2709 1291 2749 ε
1304 2692 1334 2748 Si
1347 2708 1413 2749 cum
1430 2690 1539 2748 Christo
1556 2695 1745 2752 moriaicstis
1758 2693 1787 2752 ui

142 2789 239 2846 omnia
248 2788 313 2852 uta,
325 2788 354 2842 et
362 2785 513 2842 stetisautc
526 2783 633 2840 Filium
643 2783 766 2840 bominis
774 2803 783 2840 .·
792 2783 938 2858 utiqucper
993 2783 1139 2841 elementis
1148 2782 1260 2850 muudi,
1272 2779 1626 2855 quomodopaidcm,quusi
1633 2782 1658 2822 ⁴⁴
1666 2784 1787 2841 uiuentes

144 2873 375 2939 resurrectionem,
398 2870 522 2928 omnibus
551 2879 613 2927 aute
638 2873 788 2932 transactis.
812 2875 863 2945 lta,
887 2874 938 2930 etsi
992 2875 1024 2930 im
1034 2873 1333 2946 mandamentum
1348 2870 1515 2943 feriisisted
1529 2873 1638 2929 cumita
1653 2887 1704 2930 nos
1715 2888 1786 2930 mor·

141 2963 169 3019 iu
192 2961 330 3035 agnitione
354 2960 513 3018 sacramenti
531 2959 640 3018 iruticat
662 2962 697 3028 ⁴⁰,
728 2979 757 3019 se
780 2965 807 3018 iu
831 2963 940 3019 Domini
956 2964 978 3045 ο
993 2972 1054 3022 tuos
1087 2963 1165 3019 iaciat
1192 2961 1357 3034 spiritaliter,
1383 2969 1412 3018 ut
1443 2969 1532 3018 tumen
1560 2969 1588 3021 et
1612 2961 1786 3036 corporaliter

143 3049 380 3123 representatione
395 3048 514 3107 florescit
529 3057 609 3122 atque
624 3049 763 3124 frugescit.
787 3050 855 3123 Quis
873 3068 938 3130 ergo
993 3054 1157 3127 quandoque
1171 3051 1318 3121 morituros
1332 3055 1470 3124 agnoscat,
1482 3051 1575 3124 utique
1595 3058 1623 3108 ct
1642 3052 1784 3111 resuscita·

139 3140 285 3197 Dominum
314 3147 364 3195 tam
391 3139 587 3212 intempestiue,
616 3149 669 3195 tam
693 3142 791 3198 acerbe
810 3141 936 3200 excitavit
989 3154 1033 3201 tos
1048 3141 1161 3214 proinde
1186 3139 1342 3213 spiritaliter
1365 3139 1510 3212 deputans,
1539 3157 1616 3213 acque
1640 3156 1694 3198 uon
1709 3149 1784 3215 negat

138 3231 197 3301 jam
219 3232 253 3287 ad
279 3230 418 3285 dexteram
443 3228 504 3298 Dei,
529 3230 562 3285 ad
586 3228 807 3304 confringendam
836 3240 933 3288 terram
989 3232 1068 3290 etiam
1090 3230 1265 3304 corporaliter
1291 3237 1498 3286 resurrecturos.
1525 3230 1674 3301 Denique:
1697 3232 1729 3289 sl
1749 3248 1784 3290 re

138 3319 287 3377 secundum
306 3318 422 3386 Esaiam,
443 3333 513 3393 quae,
529 3326 605 3390 puto,
628 3318 717 3376 adbuc
740 3319 845 3392 integra
871 3323 935 3379 esti
989 3321 1166 3389 surrexistis,
1174 3318 1341 3392 iuquit,cum
1354 3317 1474 3385 Christo,
1486 3335 1519 3377 eo
1528 3335 1591 3392 puoe
1600 3322 1784 3378 sursumsunt

826 3448 921 3512 Variae
942 3454 1100 3516 lectiones.

186 3554 211 3594 ³³
232 3554 500 3611 Consummationem
524 3553 586 3608 olii.
606 3551 631 3590 ³³
649 3551 752 3622 Digerit
777 3553 824 3609 lib.
852 3558 943 3614 llrsia.
968 3559 992 3597 ³⁴
1015 3551 1281 3630 allegandaodarum
1309 3553 1395 3608 Fran.
1418 3553 1499 3607 Pani.
1527 3551 1551 3590 ³⁵
1579 3550 1696 3623 Reliqua
1723 3554 1782 3609 Par

141 3627 166 3665 ³⁴
181 3626 364 3682 conlisionem
388 3627 450 3681 alii.
475 3625 498 3663 ³³
523 3622 774 3691 Peririgesceutium
794 3626 857 3694 alii,
879 3629 1059 3685 arescentium
1085 3628 1147 3682 aiii.
1173 3624 1198 3663 ³³
1220 3623 1360 3694 Euergetis
1378 3622 1438 3678 cod.
1470 3624 1569 3679 Woaw.
1586 3623 1611 3662 ³³
1634 3624 1782 3697 Adpropin·

160 3699 264 3752 uauerit
277 3697 366 3754 abac.
381 3696 467 3753 Semi.
482 3694 508 3733 ⁴⁰
520 3690 716 3749 Fructificassct
739 3696 827 3751 libem.
850 3697 991 3757 fructificat
1014 3700 1078 3755 alii.
1103 3697 1127 3734 ⁴¹
1152 3694 1315 3751 Reclamauti
1341 3694 1428 3748 ilicem
1454 3694 1538 3750 Semi.
1564 3694 1589 3731 ⁴²
1610 3693 1644 3749 tu
1667 3695 1744 3752 obest
1768 3711 1783 3752 a

140 3712 230 3823 ilicem
246 3767 330 3823 Semi.
346 3767 371 3805 ⁴³
385 3764 542 3821 llesurrexit
555 3764 616 3819 alii.
633 3763 657 3801 ⁴⁴
672 3763 759 3821 sensu
774 3769 876 3839 conjic.
893 3771 962 3829 Edd.
976 3772 1001 3810 ⁴⁵
1017 3767 1162 3826 Suscitavit
1176 3764 1238 3822 aiii.
1252 3765 1277 3804 ⁴⁴
1291 3765 1426 3837 Praeputio
1440 3765 1502 3821 ulii.
1527 3765 1552 3804 ⁴⁴
1574 3764 1659 3837 Quasi
1679 3765 1782 3839 quidun

140 3839 227 3894 Fron.
243 3839 322 3893 Pam.
338 3836 404 3909 quid
418 3837 495 3908 quasi
509 3837 578 3892 iun.

835 3936 1083 4005 Commentarius.

174 4039 214 4112 (3)
226 4037 390 4096 &cundum
413 4038 519 4095 doeiem
532 4043 557 4096 et
570 4039 727 4096 Danielem.
737 4040 818 4097 loelis
838 4057 897 4110 cap.
907 4048 935 4116 a,
1011 4052 1056 4100 eut
1078 4057 1107 4098 se
1130 4056 1212 4113 super
1232 4039 1304 4096 illam
1318 4054 1397 4111 reges
1413 4045 1506 4108 terrae;
1532 4052 1615 4111 quare
1642 4045 1671 4095 et
1698 4038 1781 4099 solua

137 4109 214 4169 locus
227 4110 297 4165 inira
317 4110 378 4167 loco
394 4109 467 4165 dicto
482 4109 589 4176 citatur,
612 4111 690 4166 sicuti
705 4112 785 4167 etiam
808 4113 936 4185 Danielis,
991 4062 1063 4171 Hunc
1076 4115 1163 4170 locum
1179 4111 1212 4166 ad
1225 4113 1376 4184 marginem
1390 4110 1586 4167 adnotavimus.
1607 4106 1678 4167 Pau.

137 4199 196 4255 rap.
236 4181 264 4251 7,
293 4182 325 4236 ad
354 4197 432 4255 quem
464 4181 507 4238 hic
537 4185 618 4237 etiam
646 4183 766 4240 alludere
792 4184 937 4242 Auctorem
1027 4186 1067 4268 (Ἰ)
1082 4184 1247 4255 Exitplaue
1260 4185 1318 4255 jorn
1339 4181 1372 4239 de
1394 4183 1518 4257 corporis
1540 4182 1679 4254 sepulcro.
1695 4179 1781 4238 lronia

138 4262 246 4312 constat
267 4269 299 4310 ex
324 4252 414 4309 verbis
441 4252 585 4321 utrobique
611 4253 709 4321 citatis,
734 4263 790 4310 turn
814 4256 848 4311 dc
862 4273 927 4328 por·
991 4267 1034 4313 est
1056 4265 1106 4311 usta
1125 4256 1160 4311 de
1178 4253 1366 4326 Christoque
1393 4256 1473 4325 Χ(ιῐιεει
1500 4253 1608 4334 quidem
1638 4251 1781 4321 sententia)

137 4326 220 4381 tenus
235 4325 261 4380 in
278 4325 360 4391 roelo,
375 4331 430 4381 tum
444 4323 480 4379 de
498 4323 565 4379 Filio
578 4325 698 4382 hominis
707 4333 821 4383 venturo
836 4328 865 4383 in
874 4345 927 4384 nu·
987 4328 1142 4401 opinionem
1166 4342 1260 4383 eorum
1291 4326 1477 4381 haereticorum
1507 4323 1609 4393 arridet,
1632 4323 1678 4394 qui
1704 4324 1780 4381 Cbri-

137 4396 227 4452 bibus.
243 4397 312 4468 Pau.
988 4410 1059 4454 sturm
1087 4397 1267 4453 resurrexisse
1295 4397 1404 4469 quidem
1429 4395 1587 4460 fatebantur,
1618 4395 1666 4450 scd
1695 4396 1781 4452 adbuc

171 4467 212 4539 (l)
234 4468 316 4525 Omni
326 4467 417 4524 adium
427 4466 612 4540 popularium
626 4473 699 4525 cetu
715 4471 868 4540 clarmonte,
880 4480 932 4528 etc.
987 4471 1138 4534 mortalem,
1167 4468 1289 4523 alludens
1326 4467 1427 4522 interea
1456 4470 1544 4534 tacite,
1570 4473 1625 4520 turn
1658 4465 1694 4521 ad
1718 4465 1778 4522 illud

137 4539 196 4594 lloc
217 4545 269 4606 est,
290 4537 417 4594 uniuerso
441 4539 541 4609 populu
579 4545 633 4594 toto
655 4543 737 4595 circo.
762 4542 793 4594 Et
822 4541 868 4596 lib.
898 4542 933 4600 de
987 4542 1087 4612 Epiros.
1104 4556 1152 4596 vx:
1178 4539 1258 4597 Nobis
1276 4539 1441 4596 colluctatio
1464 4543 1505 4595 esi
1532 4537 1664 4594 adarersus
1682 4536 1780 4595 mamb

138 4609 263 4682 Spectuc.
279 4611 448 4667 Discrimina
465 4581 662 4681 popularium,
686 4610 737 4664 boc
752 4620 801 4676 eat,
817 4613 932 4683 populus
987 4618 1118 4676 rectores.
1136 4610 1202 4677 sive,
1215 4619 1242 4665 ut
1261 4609 1318 4676 ipse
1331 4610 1419 4680 vertit,
1440 4608 1694 4681 mundipotentes,
1710 4608 1778 4679 quod

136 4696 186 4752 pro
207 4685 337 4751 cujusque
351 4681 504 4737 conditione
519 4688 545 4734 et
560 4687 656 4735 statum
671 4681 824 4739 distinctus.
847 4686 931 4743 Juve-
986 4686 1135 4741 Grmceest
1157 4682 1361 4753 κοσμοκράτορας,
1382 4680 1455 4735 etad
1487 4680 1553 4734 illud
1582 4680 1776 4738 blattarum:

135 4751 207 4807 nelis
219 4783 253 4797 -
271 4752 424 4820 Quamlibet
438 4750 570 4808 occidunt
581 4753 768 4825 populariter.
783 4754 845 4809 Rue.
985 4756 1101 4812 Reddite
1119 4770 1182 4824 quea
1196 4759 1265 4808 suaet
1282 4754 1408 4815 Casurus,
1427 4752 1540 4808 Curari.
1557 4749 1625 4805 Paua.

169 4823 208 4894 (ὃ)
226 4823 401 4880 Christianos
416 4823 453 4878 ad
468 4825 586 4879 leonem.
602 4824 676 4893 Quos
691 4824 753 4881 odio
769 4823 931 4896 implacabili
1022 4827 1059 4895 (8)
1074 4826 1168 4881 Etiam
1178 4841 1256 4879 nuuc
1270 4823 1395 4894 febribus
1410 4822 1716 4880 reclamassemus
1728 4828 1776 4892 est,

134 4893 366 5016 prosequebantur
392 4894 456 4948 oliuu
480 4892 605 4966 gentilos,
634 4896 684 4951 hos
709 4897 742 4950 ad
761 4895 870 4967 bestias,
895 4896 929 4951 ad
982 4897 1045 4967 quia
1069 4895 1188 4951 baeretici
1216 4896 1387 4968 nugabantur
1414 4893 1639 4950 resurrectionem
1660 4896 1716 4964 jam
1738 4892 1777 4951 ia·

144 4977 228 5020 eones
243 4963 419 5020 destinabant.
436 4963 588 5034 Christiani,
604 4973 729 5038 tanquam
749 4969 821 5024 natio
836 4983 927 5034 exosa,
982 4976 1053 5024 ctam
1077 4983 1125 5037 per
1139 4968 1220 5022 uitam
1242 4966 1397 5035 spiritalem,
1425 4974 1452 5021 et
1481 4964 1625 5037 quomdam
1652 4963 1777 5022 remotio·

133 5049 166 5088 eo
192 5034 375 5091 afficiebantur
402 5051 432 5090 su
456 5035 545 5106 plicio.
574 5037 706 5095 lluscbius
739 5038 768 5094 in
800 5039 927 5108 martyrio
982 5055 1042 5093 nem
1071 5047 1097 5093 et
1122 5039 1318 5108 separationem
1342 5052 1497 5107 acorpore,
1522 5036 1596 5117 quod
1626 5036 1776 5110 sepulcrum

134 5105 274 5185 Polycarpi
292 5106 396 5188 ¹refert
427 5053 527 5165 dictum
558 5109 601 5182 Τῷ
644 5111 792 5182 netuedpap
831 5112 925 5165 λέοντα.
982 5109 1117 5176 dicebant,
1136 5125 1197 5165 cum
1213 5109 1301 5164 anima
1315 5123 1333 5164 a
1347 5107 1470 5180 corporis
1485 5107 1594 5183 legibus
1615 5116 1644 5163 et
1659 5108 1777 5181 pondere

134 5174 202 5232 Vade
216 5179 380 5249 Cypraauum
394 5197 436 5250 ep.
453 5183 497 5236 bb.
519 5183 559 5239 La
576 5181 624 5235 Pa.
981 5181 1181 5252 quodammodo
1196 5198 1225 5234 se
1239 5189 1373 5236 assereret
1386 5188 1412 5235 et
1428 5179 1576 5235 absolueret
1591 5179 1695 5252 (nequae
1708 5179 1775 5237 enirn

223 5248 308 5308 Nemo
326 5250 416 5308 adbuc
443 5251 521 5324 sapit
542 5253 759 5320 Antichristum,
774 5257 826 5307 etc.
850 5251 926 5308 Prius
981 5262 1083 5308 tantum
1106 5253 1284 5326 loquebantur
1306 5250 1341 5307 dc
1360 5250 1511 5308 emersione
1534 5265 1694 5322 acorpore,
1718 5262 1774 5323 quc

132 5248 209 5375 istiudi
219 5321 328 5376 disertis
341 5322 432 5378 verbis
459 5340 512 5380 oon
541 5323 654 5378 babetur
679 5323 707 5378 iu
724 5321 848 5393 Apocal„
877 5323 924 5377 sed
979 5321 1139 5379 fitnaturali
1155 5324 1262 5394 morte),
1278 5331 1373 5396 arguto
1388 5322 1531 5378 etirouicc
1557 5322 1644 5394 inquit
1660 5324 1772 5388 Auctor,

131 5392 198 5448 satis
211 5392 333 5449 innuitur
346 5409 408 5464 cup.
424 5396 468 5459 la,
484 5392 531 5448 ubi
546 5391 642 5448 cicitur
663 5393 772 5457 mulier,
795 5390 869 5462 quod
882 5401 923 5450 est
978 5393 1047 5452 bene
1062 5405 1141 5451 exeat
1157 5396 1191 5452 de
1205 5395 1329 5467 corporis
1348 5396 1473 5466 sepulcro
1498 5395 1643 5450 haereticus
1665 5393 1773 5451 suscita-

130 5459 259 5528 Roclesia,
284 5463 383 5535 fugisse
408 5463 436 5518 in
460 5462 635 5519 solitudinem
657 5476 673 5516 n
697 5461 765 5517 facie
782 5461 920 5534 draconis,
977 5472 1031 5531 tus,
1052 5475 1080 5522 at
1103 5469 1238 5548 quomodo
1266 5465 1389 5523 febribus
1412 5473 1440 5522 et
1471 5465 1606 5522 ulceribus
1627 5466 1772 5533 obnoxius,

130 5542 158 5589 ct
179 5535 292 5592 maxime
305 5550 369 5616 cap.
395 5536 441 5599 li,
464 5533 510 5589 ubi
527 5533 635 5603 jubetur
652 5532 769 5602 populus
791 5533 865 5588 exirc
888 5536 922 5591 de
976 5554 1038 5610 quac
1048 5537 1308 5610 sarcmamcorporis
1321 5537 1459 5610 arguunt?
1473 5536 1539 5596 Lac.

129 5603 277 5675 babylone,
292 5615 320 5662 et
342 5620 452 5676 insuper
464 5604 562 5680 legitur
584 5620 592 5661 :
609 5625 623 5656 a
639 5605 674 5662 Et
685 5604 788 5663 ilebuut
800 5615 828 5662 et
841 5605 921 5677 ptan-
