3840 6134
129 291 187 355 tr!
497 350 499 355 ,
749 290 813 352 titt.
833 291 844 353 l
862 289 940 352 tut.
959 289 1163 353 delatoriae.
1727 287 1782 350 tte

129 434 192 478 mm
205 425 298 477 anum
310 415 357 490 ait,
371 415 417 476 cui
429 415 496 475 nibil
519 415 853 491 camberonensem,
878 420 933 476 duo
948 434 972 515 Α
986 418 1048 493 quia
1061 434 1116 477 non
1130 425 1157 478 et
1178 417 1302 478 homines
1324 413 1388 474 licet
1411 414 1461 472 sub
1483 414 1579 472 eadem
1601 413 1780 488 appellatione

127 523 236 566 summa
250 521 358 579 mgna,
373 507 428 565 duo
451 506 537 581 paris,
553 507 597 564 cni
618 507 799 566 emolumento
821 508 934 581 deputa·
986 509 1185 568 divereissimos
1197 524 1271 579 ease,
1281 508 1329 566 sed
1343 508 1406 580 qnia
1420 506 1491 562 Deus
1504 506 1621 564 nouerit
1634 505 1777 572 dicendos,

127 595 243 655 rentur?
256 596 323 668 quid
337 595 461 654 interfuit
484 596 599 667 numeri,
616 610 678 654 cunr
701 596 755 655 duo
778 598 854 671 paria
878 612 933 656 non
985 600 1049 673 quia
1070 615 1120 657 nec
1142 597 1306 664 credendus,
1322 596 1372 653 uisi
1395 610 1528 651 summurn
1550 608 1687 666 magnum.
1702 595 1779 652 Cum

125 682 258 741 diffamat
271 682 418 742 unolUna
433 683 506 742 euim
520 699 564 741 res
578 695 692 756 astque
707 685 801 743 eadem
814 686 843 742 in
862 685 932 745 duo·
986 705 1051 763 ergo
1071 704 1205 748 summum
1232 701 1358 762 magnum
1382 693 1494 757 cogatur
1519 697 1668 757 agnoscere
1698 700 1778 757 quent

126 774 179 830 bns
207 780 262 830 cst.
291 771 405 829 Etiamsi
435 772 511 844 plura
538 781 631 831 essent
660 774 745 848 paris,
765 775 931 835 tantumdem
985 782 1070 838 Deum
1099 792 1153 835 non
1180 783 1271 850 negat,
1291 790 1345 831 non
1373 780 1462 845 potest
1488 770 1593 829 admitti
1611 778 1640 828 nt
1672 787 1780 830 summo

126 862 219 918 omnia
233 877 319 919 unum
329 859 455 929 luissent,
470 860 546 919 nullo
561 861 586 902 ³⁹
600 863 669 921 inter
683 879 715 922 se
728 864 753 904 ³⁰
767 863 930 932 differendo,
986 882 1085 944 magno
1110 867 1230 940 aliquam
1257 863 1374 921 ascribat
1401 860 1617 929 diminutionem,
1643 874 1697 932 qna
1715 861 1781 916 sub·

127 965 178 1023 (1¹1⁸
201 949 290 1022 wi&
320 949 418 1017 P⁰fr⁰s
445 949 468 1005 ³1
500 958 627 1008 neutrum
656 968 690 1008 ⁰¹
712 952 820 1009 duobus
844 953 931 1011 altero
983 953 1393 1029 jiciaturaliiaummomagno:
1410 948 1635 1018 desinitenim,si
1650 949 1779 1021 subjicia-

126 1038 219 1109 distatr
227 1037 288 1108 1²⁰¹
300 1045 331 1094 333
341 1037 422 1095 333330
436 1053 541 1095 mmm
550 1055 658 1114 3338313,
673 1057 727 1113 qua
740 1041 825 1098 ³⁸dei
838 1043 930 1114 ambo,
986 1057 1036 1103 tur.
1054 1048 1114 1104 Non
1138 1051 1180 1101 est
1194 1052 1284 1100 autom
1307 1041 1356 1098 Dei
1376 1039 1505 1097 desinere
1529 1038 1564 1095 de
1582 1042 1654 1094 statu
1675 1051 1737 1108 auo,
1752 1037 1779 1091 id

125 1133 255 1184 murrum
268 1125 330 1197 plus
352 1123 440 1183 altero
466 1135 587 1200 praestat,
609 1129 713 1187 nullam
735 1128 865 1186 rationem
880 1147 930 1188 nu-
984 1144 1025 1194 est
1042 1156 1050 1192 s
1065 1137 1100 1192 de
1129 1148 1235 1192 summo
1248 1145 1354 1206 magno.
1369 1130 1439 1186 Nam
1462 1136 1489 1187 ct
1502 1129 1531 1185 in
1544 1127 1590 1186 illo
1608 1127 1662 1185 deo
1675 1126 1779 1200 potiora

126 1215 191 1273 meri
206 1214 253 1272 sui
268 1214 425 1281 ostendunt,
446 1216 627 1287 praestantiam
640 1232 694 1275 uon
716 1218 857 1275 habentes.
873 1220 931 1277 Nu·
984 1224 1128 1300 periclitari
1155 1222 1255 1293 poterit
1273 1235 1407 1278 summum
1434 1226 1570 1292 magnum,
1586 1217 1608 1273 si
1637 1216 1779 1289 depretiari

126 1311 318 1360 menraautem
327 1301 476 1361 diuinitatis
486 1305 702 1363 summaratione
714 1315 839 1365 constare
850 1308 931 1366 debe-
984 1317 1055 1388 papir
1069 1317 1096 1372 in
1109 1313 1236 1370 creatore
1248 1312 1315 1383 (aa).
1332 1310 1382 1380 lta,
1397 1323 1457 1366 cum
1477 1307 1532 1364 duc
1546 1306 1586 1363 dii
1600 1306 1778 1379 proponam.

128 1399 175 1459 ret,
197 1390 242 1449 rel
251 1391 380 1464 quoniam
395 1398 424 1449 ct
437 1393 544 1450 cultura
559 1396 618 1465 ejrrs
632 1395 660 1452 in
670 1397 931 1471 ancepsdeducere·
982 1415 1027 1463 tur
1045 1405 1099 1460 duo
1112 1417 1219 1460 summa
1250 1412 1358 1470 magna,
1373 1411 1485 1454 necesse
1499 1402 1541 1451 est
1555 1402 1683 1453 neutrum
1697 1396 1780 1452 altero

128 1489 177 1539 tur.
191 1481 264 1538 neae
279 1480 363 1547 enim,
377 1482 449 1539 duos
462 1482 571 1540 intuens
584 1483 653 1542 deos
667 1494 722 1541 tam
746 1502 825 1558 pares
848 1504 929 1562 quam
982 1499 1029 1548 aut
1042 1491 1132 1560 majus
1150 1488 1186 1545 sit
1198 1496 1245 1545 ant
1272 1485 1370 1551 minus,
1388 1491 1513 1540 neutrum
1528 1482 1611 1539 altero
1627 1489 1672 1537 aut
1690 1482 1778 1538 subli-

129 1569 180 1626 duo
193 1585 304 1628 wmma
317 1585 424 1643 magna,
440 1571 505 1644 quid
519 1571 695 1631 faneremlsi
703 1575 798 1633 ambos
810 1576 929 1635 colorem
984 1581 1054 1637 nius
1074 1587 1120 1634 aut
1145 1576 1288 1647 dejectius.
1315 1575 1392 1644 Nega
1414 1572 1505 1637 deum,
1539 1585 1620 1642 quem
1639 1569 1708 1626 dicis
1733 1570 1779 1626 de·

129 1675 232 1716 rererer
246 1659 928 1736 ne,abundantiaolficii,superstitiopotiusquam
986 1669 1110 1726 teriorem
1134 1680 1225 1738 :nega
1252 1677 1387 1718 summum
1415 1674 1553 1733 magnum,
1582 1672 1662 1730 quarn
1691 1657 1791 1714 credis*

131 1748 223 1824 reigto
236 1747 458 1818 subticeantur,⁸
472 1749 535 1821 quia
548 1752 618 1809 dnos
638 1760 690 1808 tam
706 1768 797 1824 parce,
811 1760 837 1810 et
850 1755 878 1810 in
893 1757 931 1812 al·
985 1759 1129 1819 minorem.
1161 1754 1247 1810 Deum
1278 1765 1343 1810 vero
1376 1746 1526 1815 confessus,
1545 1754 1692 1819 utrumque
1722 1747 1779 1803 duo

132 1845 184 1895 tero
196 1838 305 1903 ambos,
319 1853 429 1910 possem
442 1837 471 1894 in
483 1853 538 1896 uuo
547 1838 698 1898 demereri:
714 1840 767 1903 boc
777 1843 867 1912 ipsum
877 1851 930 1901 tes·
985 1862 1091 1906 summa
1117 1858 1217 1918 magna
1242 1839 1383 1899 confessus
1408 1854 1449 1894 es.
1467 1836 1541 1892 Nibil
1558 1835 1637 1891 alteri
1663 1834 1775 1900 adimes,

132 1927 241 1984 timonio
256 1926 283 1967 ³²
291 1935 424 1998 prestans
438 1926 567 2000 parilitati
579 1937 606 1985 ct
618 1929 713 1986 uniteti
737 1945 843 1997 eorum,
864 1933 929 1990 dum
985 1944 1031 1994 ant
1045 1933 1120 1991 alteri
1142 1931 1288 1990 adscribes.
1302 1928 1461 2002 Agnoscens
1475 1924 1654 1995 divinitatem,
1674 1923 1780 1999 negasti

133 2016 241 2072 alterum
255 2014 285 2071 in
299 2015 384 2072 altero
398 2031 555 2087 venerarer,
580 2016 645 2073 dum
667 2018 696 2074 in
719 2033 774 2076 uno
788 2017 853 2076 mibi
878 2020 932 2078 duo
985 2020 1178 2090 diversitatem.

135 2113 200 2163 sunt.
220 2104 251 2161 Si
265 2104 382 2160 alterurn
395 2103 616 2176 coteremoeque
630 2107 932 2181 recogitaremneanf·
1287 2156 1399 2215 CAPUT
1418 2155 1467 2213 vn

134 2191 241 2250 bodera
266 2190 374 2249 viderer
393 2192 500 2250 numeri
513 2193 666 2261 rauitntem,
689 2195 752 2252 sina
778 2195 932 2253 differentia
1470 2196 1477 2211 '

135 2280 307 2351 superracai3
324 2282 376 2337 boc
390 2288 441 2348 ost,
459 2280 543 2337 tutius
556 2290 833 2340 censeremneutrum
841 2285 931 2340 colen·
1020 2285 1149 2344 lentabie
1175 2286 1208 2341 ad
1235 2285 1294 2340 baec
1312 2284 1347 2340 de
1375 2282 1483 2340 nomine
1510 2277 1560 2336 Dei
1592 2285 1736 2336 concutere
1755 2278 1781 2318 ³³

134 2369 200 2440 dum,
220 2385 304 2441 quam
334 2370 447 2426 alterum
470 2386 533 2428 cum
557 2373 689 2444 scrupulo
709 2373 861 2442 colendum,
884 2385 932 2433 aut
985 2384 1167 2443 retractatum,
1190 2381 1220 2431 ut
1246 2374 1365 2446 passivo,
1380 2381 1407 2430 et
1431 2372 1458 2426 in
1486 2369 1552 2427 elios
1579 2383 1687 2441 quoque
1715 2383 1780 2440 per·

134 2461 310 2517 embosvaue.
985 2466 1069 2522 misso
1093 2465 1161 2536 (28),
1191 2463 1255 2536 quia
1283 2463 1414 2536 scripturn
1439 2460 1475 2518 sit
1506 2460 1591 2533 (Ptol.
1618 2457 1778 2528 anxiati:

985 2559 1056 2612 Deus
1080 2555 1195 2610 deorum
1210 2553 1291 2611 stetit
1307 2554 1340 2610 in
1354 2552 1471 2609 ecclesio
1497 2550 1630 2616 deorum·
1645 2550 1677 2605 in
1690 2547 1782 2605 medie

432 2601 544 2660 CAPUT
560 2603 603 2661 Ἡ·
984 2651 1080 2703 uatem
1094 2645 1157 2702 deos
1171 2643 1338 2715 dijudicabit
1352 2642 1387 2695 ³⁵.
1404 2641 1438 2697 tlt
1453 2638 1532 2712 libid.
1551 2641 1578 2709 6)
1595 2655 1603 2697 :
1621 2640 1673 2709 Epo
1692 2638 1756 2694 dici
1770 2656 1780 2694 .·

160 2727 204 2784 Sic
214 2727 308 2783 adium
322 2725 446 2784 videntur
468 2726 619 2797 disputare,
633 2727 710 2800 quasi
729 2729 847 2787 Marcion
862 2731 932 2789 duos
990 2737 1037 2794 Vos
1064 2734 1106 2791 dii
1121 2736 1205 2803 erata
1219 2748 1270 2788 nec
1292 2741 1381 2787 tamen
1394 2728 1496 2785 idcirco
1511 2727 1551 2783 ais
1565 2733 1698 2796 competat
1715 2741 1783 2799 pos-

130 2832 203 2887 pares
215 2816 457 2875 constituentium
482 2815 548 2872 dum
566 2816 736 2875 defendimus
750 2820 836 2875 Deum
849 2836 930 2877 sum·
986 2825 1072 2881 sessio
1086 2824 1185 2879 summi
1213 2819 1313 2894 magni,
1329 2818 1393 2892 quia
1421 2818 1466 2875 dei
1490 2817 1726 2891 cognominentur,
1742 2816 1780 2872 ita

130 2924 199 2964 mum
221 2922 353 2980 magnum
377 2906 489 2963 unicum
512 2905 585 2964 credi
605 2916 740 2980 oportere,
757 2909 929 2968 excludentes
984 2929 1035 2970 nec
1048 2913 1181 2970 Creatori.
1208 2910 1390 2983 Respondebo
1413 2917 1441 2966 et
1467 2909 1558 2978 stulto,
1574 2909 1619 2980 qui
1649 2921 1702 2964 nec
1728 2906 1781 2962 boo

131 2996 163 3050 ab
185 3010 218 3051 eo
240 2995 416 3068 parilitatem,
437 3004 562 3066 tanquam
585 2995 619 3052 de
641 2996 749 3052 duobus
768 2998 878 3068 paribus
899 2998 932 3055 de
947 3003 970 3082 Β
983 3001 1183 3075 recogitaverit,
1199 3015 1235 3055 ne
1263 2997 1428 3054 tantumdem
1442 2998 1510 3054 etin
1538 2996 1619 3054 deum
1632 2993 1779 3052 Marcionis

134 3085 179 3140 bis
208 3084 405 3142 rsususnimm
429 3105 435 3143 :
467 3083 643 3141 nibilominus
667 3092 776 3154 tamen,
802 3086 927 3143 docendo
983 3090 1070 3162 possit
1094 3088 1243 3162 retorqueri
1270 3085 1427 3143 utetillum
1442 3087 1533 3154 deum,
1550 3084 1674 3142 necideo
1689 3092 1779 3139 tamen

136 3187 216 3243 pares
226 3188 446 3245 eaaanoopoase
461 3172 612 3230 meandum
627 3173 728 3232 sumni
752 3174 843 3248 magni
867 3175 928 3232 ior·
981 3194 1118 3235 summum
1147 3190 1275 3249 magnum
1302 3173 1456 3244 probatum,
1469 3172 1538 3228 sicut
1558 3188 1608 3228 nec
1627 3171 1718 3245 angeli
1733 3179 1778 3226 aut

131 3277 217 3328 mam,
246 3260 314 3319 sstfs
334 3260 553 3319 confirmavimus
579 3263 648 3320 duos
671 3278 734 3320 ease
757 3279 811 3322 non
836 3280 929 3337 posse.
982 3266 1106 3325 homines
1132 3262 1276 3321 creatoris.
1293 3262 1322 3319 sl
1345 3260 1502 3318 communio
1529 3261 1668 3316 hominum
1683 3259 1779 3316 condi·

128 3350 254 3424 Alioquin
271 3350 341 3408 certi
363 3351 525 3408 lfarcionem
547 3351 668 3422 dispares
689 3351 757 3410 deos
780 3353 929 3411 constitue-
983 3356 1103 3412 tionibus
1126 3351 1293 3424 praejudicat,
1322 3349 1415 3424 quanti
1444 3364 1559 3422 usquam
1590 3348 1661 3405 servi
1680 3363 1776 3420 regum

128 3455 164 3506 re,
179 3441 296 3496 alterum
308 3439 439 3510 judeam,
465 3437 551 3497 258
567 3439 667 3511 lerum,
691 3441 756 3498 belli
775 3449 927 3516 potenteml
983 3444 1138 3501 nominibus
1163 3442 1302 3511 insultant,
1323 3439 1479 3510 Alexandri,
1495 3447 1523 3495 et
1550 3437 1635 3505 Darii,
1650 3446 1678 3495 et
1691 3437 1778 3494 llolo-

126 3529 238 3600 alterum
259 3529 367 3598 mitem,
392 3527 537 3601 placidum,
564 3537 592 3586 et
616 3531 803 3588 tantummodo
825 3533 928 3589 bonum
983 3533 1069 3590 femie
1081 3530 1157 3604 (29st
1172 3546 1223 3588 nec
1236 3537 1326 3585 tamen
1339 3528 1403 3584 ideo
1422 3527 1542 3601 regibus,
1558 3527 1585 3583 id
1601 3526 1685 3584 aad
1704 3527 1778 3599 quod

128 3619 372 3691 mqueoptimum,·
392 3617 568 3689 dispiciamus
582 3635 659 3690 aequc
673 3629 699 3675 et
722 3622 790 3676 banc
814 3628 929 3694 partem,
982 3629 1046 3679 sunl
1072 3622 1234 3678 detrahetur.
1262 3620 1330 3675 Nam
1358 3627 1384 3674 et
1412 3618 1469 3689 ipsa
1497 3616 1568 3674 idola
1586 3616 1706 3691 gentium
1733 3615 1779 3672 dei

128 3706 320 3763 universitas
338 3703 431 3764 adem
446 3707 471 3746 33
485 3706 555 3763 duos
578 3708 677 3779 capiat,
692 3709 715 3764 ai
739 3707 861 3779 parilitas
881 3727 929 3766 ca·
982 3710 1082 3783 rufgo;
1099 3708 1147 3766 sed
1173 3708 1241 3764 deus
1256 3721 1335 3764 nemo
1362 3721 1394 3763 ea
1408 3721 1437 3762 re
1451 3721 1504 3779 qua
1517 3705 1587 3762 deus
1615 3705 1721 3761 dicitur.
1737 3705 1779 3760 lta

129 3811 189 3864 pere
203 3810 258 3852 non
274 3794 375 3868 potnit.
399 3795 496 3851 Porrro
513 3804 538 3852 et
553 3795 596 3852 bic
615 3797 709 3854 eedem
723 3799 818 3871 regula
831 3800 930 3856 summi
982 3815 1034 3875 ego
1048 3815 1102 3856 non
1127 3796 1229 3855 nomini
1251 3795 1311 3865 Dei,
1327 3812 1378 3853 nco
1399 3810 1478 3862 sono,
1494 3810 1543 3850 nec
1568 3802 1640 3851 notae
1663 3793 1779 3851 nominis

131 3886 218 3956 magni
233 3884 449 3956 patrocinabitur
464 3885 541 3942 nobis
566 3890 659 3956 utpote
677 3902 738 3958 quae
760 3895 847 3943 totum
872 3898 928 3946 ata·
982 3889 1075 3958 hujus,
1104 3902 1240 3944 summum
1269 3901 1397 3957 magnum
1430 3886 1457 3940 in
1490 3883 1617 3942 Creatore
1648 3883 1776 3950 delendo,

130 3981 183 4028 tum
194 3971 480 4029 vindicetdininitatis.
494 3972 665 4032 Conveniens
675 3974 747 4032 enirn
758 3985 785 4032 et
795 3978 929 4050 quodam·
983 3977 1033 4035 sod
1047 3976 1099 4049 ipsi
1114 3973 1282 4042 substantiae,
1298 3973 1342 4030 cui
1362 3988 1460 4030 nomen
1475 3973 1528 4030 hoo
1542 3973 1684 4045 contingit.
1704 3973 1779 4029 Hanc

132 4065 209 4118 modo
222 4062 324 4133 injecta
339 4076 420 4117 mann
438 4062 561 4119 detinens
577 4063 723 4120 adversarii
738 4081 848 4124 sensum
872 4082 928 4123 non
983 4065 1123 4122 inveniens
1137 4059 1223 4119 solam
1251 4061 1382 4132 innatam,
1396 4060 1533 4133 infectam,
1548 4063 1634 4119 solam
1649 4072 1778 4118 aternam

132 4151 253 4223 negantis
265 4149 421 4207 Creatorem
434 4151 530 4222 Deum,
545 4152 697 4222 justissime
721 4155 867 4226 praeaoribo
889 4155 928 4211 illi
983 4163 1011 4211 et
1048 4151 1230 4208 universitatis
1265 4152 1458 4218 conditricem;
1492 4165 1547 4206 non
1582 4150 1695 4218 nomini,
1729 4151 1777 4206 sed

132 4238 278 4296 diversitati
305 4238 395 4295 locum
421 4253 476 4295 non
499 4255 559 4296 esse
576 4241 647 4298 inter
663 4256 711 4298 eos
733 4242 780 4314 qui
799 4257 831 4299 ex
850 4259 927 4316 aequo
982 4241 1072 4308 statui,
1089 4255 1139 4295 nec
1166 4239 1347 4312 appellationi,
1367 4240 1416 4295 sed
1444 4237 1592 4295 conditioni
1620 4237 1679 4307 eius
1698 4252 1777 4292 sunr-

131 4325 195 4382 deos
222 4326 376 4396 muletans,
405 4341 461 4384 non
488 4337 573 4401 potest
588 4329 676 4388 lacere
697 4330 820 4389 diversos
845 4351 852 4386 :
873 4346 928 4388 non
944 4285 1057 4389 n'mrrm
1081 4343 1209 4402 magnum
1222 4335 1249 4383 et
1274 4327 1398 4384 adscribo
1414 4337 1442 4385 et
1456 4327 1575 4387 vindico.
1591 4328 1625 4384 Et
1639 4325 1702 4385 ideo
1715 4328 1780 4400 quia

817 4455 914 4519 Varia
935 4459 1090 4520 lectiones.

163 4573 189 4613 ²³
206 4574 290 4631 Nulla
304 4576 407 4648 conjic.
424 4576 510 4634 Semi.
530 4576 556 4616 ³⁰
569 4577 594 4633 A
609 4594 639 4634 se
653 4582 745 4639 Poris·
759 4579 783 4620 ³¹
798 4578 865 4650 Qua
879 4580 942 4638 ulii.
958 4579 983 4619 ³²
996 4582 1079 4639 Forte
1093 4575 1274 4636 testimouium
1288 4577 1357 4635 edd.
1373 4576 1398 4618 ³³
1411 4580 1473 4650 top.
1489 4577 1595 4635 saltem.
1611 4579 1636 4620 ³⁴
1657 4579 1779 4636 Conver-

131 4649 315 4720 tereFrcrrep.
330 4647 356 4687 ³⁵
368 4647 532 4719 Dijudicanit
548 4650 636 4709 Aban.

828 4774 1076 4841 Commentarius.

167 4876 226 4948 (Π)
249 4878 279 4935 Si
299 4877 456 4951 depretiari
478 4882 557 4953 capit
578 4886 716 4952 erectore,
743 4883 789 4938 Sic
809 4857 937 4951 verbum,
990 4880 1138 5007 passivum,
1154 4879 1378 4963 ignobilem,„boc
1399 4888 1440 4962 est
1454 4880 1603 4964 vulgarem,
1620 4879 1778 4937 obscurum.

132 4949 220 5019 cupit,
239 4959 356 5019 usurpat
383 4950 494 5020 sapius,
523 4951 592 5007 sicut
618 4952 707 5008 Graeci
726 4954 862 5034 ἑνδέχιται.
887 4954 946 5009 llic
1015 4966 1083 5007 nnn.
1104 4981 1139 4991 -
1158 4953 1189 5006 ln
1217 4951 1344 5007 conorlns
1374 4951 1498 5008 africanis
1526 4966 1636 5024 passivo
1664 4965 1782 5024 corpora

133 5026 236 5074 tantum
250 5021 330 5086 valet,
344 5035 376 5076 ac
396 5021 526 5080 sidicas:
543 5021 571 5077 Si
586 5023 755 5089 conceditur,
767 5041 789 5078 sr
804 5025 896 5091 datur,
907 5031 937 5079 ut
991 5031 1138 5092 martyrum
1166 5023 1333 5088 dicebantur,
1349 5022 1375 5076 id
1399 5032 1449 5090 est,
1479 5021 1645 5096 promiscue,
1660 5042 1779 5092 τυχοντα.

132 5089 244 5144 Creator
262 5090 440 5160 depretiatur.
466 5091 512 5148 Sic
531 5093 580 5149 lib.
599 5093 645 5151 ll:
664 5115 677 5143 u
694 5093 763 5164 Quia
785 5095 806 5149 si
826 5102 938 5168 caperet
989 5095 1076 5150 Snus.

132 5160 184 5238 boc
192 5162 266 5228 jure.
284 5182 297 5212 s
312 5161 405 5218 licam
1024 5167 1082 5291 ῗθ)
1098 5165 1255 5222 Alexandri
1269 5170 1297 5221 et
1318 5167 1397 5224 florii
1422 5171 1451 5222 et
1475 5166 1646 5238 Holofernt's.
1675 5167 1705 5222 In
1719 5167 1780 5224 cod.

165 5233 227 5301 (28)
244 5233 278 5291 tlt
289 5235 401 5304 perebo
422 5238 450 5291 et
465 5235 497 5290 in
511 5233 584 5292 alios
607 5236 935 5310 praecommonere
988 5237 1029 5292 Pit
1049 5236 1084 5293 oei
1101 5237 1210 5318 legitur,
1226 5239 1254 5292 et
1268 5238 1416 5307 Olofemoe,
1433 5245 1461 5293 ut
1474 5237 1532 5294 baeo
1545 5237 1601 5294 sint
1619 5239 1645 5294 in
1662 5237 1782 5294 secundo

133 5311 225 5371 aperte
235 5304 357 5374 seipsum
372 5305 575 5375 iuterpretatur,
591 5308 739 5364 ostendens
751 5307 817 5377 quid
835 5307 935 5362 intelli·
987 5323 1050 5365 casu
1065 5322 1319 5365 nominaset'voltlm
1333 5310 1498 5378 Alexandri,
1510 5311 1603 5375 florii,
1620 5308 1757 5380 Olofernae
1772 5327 1781 5364 :

133 5382 180 5444 gat
193 5376 574 5448 perniciossissimum,
589 5381 618 5436 et
632 5380 692 5449 (pro
706 5378 804 5450 dest)
822 5378 934 5437 inolios
988 5395 1050 5445 oum
1065 5379 1198 5450 scriptura
1225 5378 1383 5436 Tertulliani
1398 5395 1459 5436 esse
1482 5380 1598 5448 uidetur,
1623 5380 1695 5434 Dixit
1716 5381 1781 5436 Oio-

132 5460 241 5525 qaoqaa
275 5449 424 5520 parniaco.
451 5448 518 5504 Nam
548 5448 685 5520 passivum
719 5447 758 5504 illi
789 5464 934 5506 commune
987 5454 1087 5521 smne,
1135 5452 1343 5508 uernadnrodum
1375 5453 1490 5525 Canope
1518 5453 1738 5523 etsprenomem,
1755 5448 1782 5503 in

74 5543 79 5550 ·
130 5514 327 5598 significaret
378 5534 392 5572 r
439 5516 444 5528 '
477 5534 552 5586 uum,
585 5521 619 5576 ab
652 5519 780 5577 mrerbio
813 5523 932 5595 passim.
991 5469 1184 5596 Apologfitro.

131 5587 221 5658 Supra
235 5588 341 5645 disrtrn
355 5534 410 5647 gne
428 5588 461 5648 de
472 5606 560 5650 comte
576 5590 681 5650 Christi
695 5608 704 5647 a
719 5590 812 5649 Alium
826 5592 933 5650 camnis

486 5712 495 5733 δ
