3840 6134
67 322 138 388 107³
716 331 816 396 LIBER
829 331 872 395 llll
894 331 1071 396 adultuli.
1648 324 1718 402 1⁰74

64 450 221 510 munditia?
235 453 290 512 dut
304 455 327 513 si
342 456 444 528 itacui,
462 471 527 532 erqo
542 466 569 516 et
584 457 619 516 ab
634 457 793 517 idolotatria.
809 459 865 518 Sed
879 488 904 570 Α
917 461 1081 534 quotidianae
1095 456 1269 527 incursionis,
1286 456 1385 532 quibus
1398 468 1493 515 omnes
1506 453 1593 514 simus
1606 454 1717 528 objecti.

64 540 271 600 aliudiusensu
287 552 339 602 est.
350 546 419 603 linae
429 546 501 602 euim
512 554 540 604 et
554 549 710 606 rorsnazst
724 549 862 616 dicamus,
918 552 967 609 Cui
991 552 1060 608 cnim
1085 565 1140 607 non
1163 549 1271 617 accidit,
1292 556 1338 606 aut
1359 548 1441 605 irasci
1464 546 1574 620 inique,
1599 555 1626 605 et
1649 548 1718 603 ultra

66 631 114 698 ait,
126 632 586 709 nosacadcliquissa,meudaoam
596 639 866 711 facimusillum,et
917 640 984 698 solis
1000 656 1140 707 occasum;
1154 646 1200 696 aut
1221 647 1249 694 et
1266 653 1377 693 manum
1397 636 1553 703 immittere,
1570 644 1617 693 aut
1638 635 1717 691 facile

66 735 160 777 anano
174 723 237 793 ejus
250 737 307 779 ano
321 728 363 781 ast
376 725 408 779 in
420 724 499 782 notu
513 725 593 796 (liid.
608 728 666 797 tc).
682 727 861 799 linamplins:
919 729 1089 792 maledicere,
1106 734 1152 785 aut
1171 737 1271 783 temere
1292 725 1397 797 jurare,
1412 733 1458 781 aut
1476 723 1557 780 fidem
1577 725 1649 796 pacti
1662 725 1713 780 de·

65 809 173 877 Filicli,
188 809 248 867 ltoec
261 812 363 884 scripsi
375 812 459 878 coiis,
475 829 511 870 ne
521 814 710 888 delinquatisp
721 819 751 873 et
764 816 866 874 sirleti·
919 826 1037 884 struere;
1054 827 1100 875 aut
1112 814 1277 876 verecundia
1298 820 1343 870 aut
1363 814 1522 871 necessitate
1541 813 1673 872 mentiri?
1688 812 1716 870 in

64 898 197 969 queritis,
213 898 380 957 advocatum
395 899 526 959 babemus
550 905 626 975 apud
639 906 729 961 Deam
748 906 866 962 Patrem
919 908 1047 980 negotiis,
1059 907 1086 963 in
1105 905 1210 970 ciliciis,
1228 905 1255 960 in
1272 912 1376 978 quaestu
1390 903 1441 976 (b),
1457 903 1487 959 in
1502 903 1586 973 victu,
1600 902 1628 956 in
1640 902 1713 967 visu,

64 985 161 1043 Iasum
177 985 323 1044 Christum
330 991 458 1060 justum,
470 995 498 1048 et
507 992 700 1064 ipsepincatio
710 999 752 1051 est
760 1010 812 1065 pro
821 992 866 1052 da·
919 991 947 1048 iu
969 994 1063 1050 audito
1085 1001 1183 1066 quanta
1212 1000 1353 1062 tenemur,
1379 1000 1408 1048 ut
1431 991 1455 1047 si
1479 991 1554 1048 nulla
1577 990 1612 1047 sit
1635 991 1718 1048 venia

68 1073 147 1132 lictis
170 1077 274 1133 nostris
298 1078 326 1148 (l
345 1081 427 1138 toan.
451 1094 483 1152 tl,
505 1084 531 1151 t,
555 1082 594 1153 2).
620 1082 774 1138 &erundum
797 1083 863 1150 baec,
918 1079 1041 1152 istorum,
1060 1081 1160 1138 nemini
1183 1081 1257 1137 salus
1279 1078 1427 1151 competat!
1454 1081 1555 1136 llorum
1576 1094 1643 1155 ergo
1665 1079 1718 1138 erit

64 1163 166 1236 inquis,
182 1173 209 1220 et
221 1165 380 1240 delinquere
394 1185 444 1226 nos
459 1179 486 1226 et
500 1169 608 1227 ueniam
631 1172 732 1229 babere
753 1177 866 1228 consm-
920 1168 997 1228 aouia
1013 1186 1063 1243 per
1080 1181 1249 1228 exoratorem
1266 1169 1352 1226 Patris
1369 1168 1520 1229 Christum.
1541 1168 1610 1226 Sunt
1629 1176 1716 1225 numm

64 1249 116 1308 bit.
131 1251 201 1322 Quid
222 1268 288 1328 erqo
311 1254 368 1323 fiet,
383 1271 445 1313 cum
470 1259 621 1328 procedens
642 1258 715 1316 aliud
736 1258 867 1317 inuenio?
920 1266 948 1315 et
966 1259 1099 1317 contraria
1118 1260 1187 1329 istis,
1206 1269 1236 1315 ut
1255 1258 1378 1333 graviora
1397 1265 1425 1316 et
1443 1256 1569 1327 astuosa,
1587 1275 1649 1332 quae
1668 1274 1717 1316 ue·

64 1347 149 1411 negat
165 1340 240 1397 enim
254 1359 306 1400 nos
320 1345 431 1401 omnino
447 1345 615 1417 delinquere,
631 1356 659 1404 et
673 1347 700 1402 in
715 1348 766 1405 hoc
781 1346 866 1420 pluri·
919 1348 996 1405 uiam
1019 1365 1072 1407 nnn
1096 1350 1212 1420 capiant,
1234 1346 1419 1414 homicidium,
1445 1345 1607 1414 idololatria,
1632 1346 1716 1412 fraus,

63 1444 138 1485 mum
166 1438 277 1499 tractat,
305 1442 334 1490 ut
362 1433 427 1490 nibil
455 1435 507 1491 tale
534 1435 681 1503 concedat,
711 1450 866 1509 proponens
919 1437 1037 1510 negatio,
1056 1438 1234 1509 blasphemia,
1253 1436 1348 1509 utique
1367 1445 1394 1493 ct
1416 1435 1531 1492 moechia
1549 1441 1577 1490 et
1596 1433 1716 1492 tornica-

62 1517 148 1573 semcl
167 1533 183 1573 a
204 1519 311 1578 Christo
329 1520 425 1581 delicta
443 1523 539 1590 deleta,
555 1538 609 1580 nnn
629 1523 752 1581 habitura
772 1531 865 1594 postas
919 1525 967 1593 tio,
983 1534 1010 1582 et
1022 1527 1046 1582 si
1061 1541 1115 1599 qua
1136 1526 1189 1581 alia
1207 1524 1315 1582 uiolatio
1334 1523 1426 1594 templi
1445 1522 1504 1604 liei.
1524 1523 1627 1580 llnrum
1647 1523 1720 1580 ultra

61 1606 170 1663 venum
196 1626 203 1664 :
227 1609 256 1665 in
279 1624 333 1683 quo
356 1611 382 1650 ⁹⁰
403 1627 453 1669 nos
475 1628 573 1670 sensus
593 1614 627 1671 ad
649 1612 862 1670 admonitionem
920 1622 1048 1672 exorator
1062 1628 1116 1670 non
1142 1613 1193 1670 erit
1215 1613 1339 1670 Christus
1352 1613 1416 1685 (6)2
1437 1614 1496 1669 baec
1518 1626 1573 1667 non
1595 1609 1719 1668 admittet

60 1694 228 1752 castimonia
257 1697 410 1758 demandat.
441 1701 547 1769 Omnis,
576 1700 674 1774 inquit,
701 1704 753 1775 qui
780 1700 860 1759 natat
915 1703 1024 1760 omuino
1050 1701 1098 1776 qui
1120 1714 1199 1757 natus
1222 1717 1257 1756 ex
1279 1702 1336 1757 Deo
1363 1700 1454 1769 luerit,
1471 1717 1525 1756 nou
1540 1701 1649 1756 iuturus
1668 1700 1718 1757 liei

60 1785 160 1851 utam,
180 1785 321 1854 castificat
345 1791 539 1862 semetipsum,
558 1791 625 1862 quia
648 1795 677 1847 et
695 1791 746 1848 iile
768 1795 863 1848 castus
877 1771 900 1850 Β
913 1787 997 1862 filius,
1008 1788 1031 1845 si
1045 1788 1197 1844 admiserit.
1211 1788 1250 1844 lta
1260 1787 1357 1842 loanni
1367 1786 1434 1843 ratio
1448 1786 1581 1843 constabit
1594 1785 1715 1843 diversi-

61 1874 117 1925 est.
138 1871 234 1930 Omnis
248 1875 296 1946 qui
307 1876 380 1946 sarit
390 1876 537 1944 delictum,
547 1883 575 1934 at
585 1879 770 1953 iniquitatem
781 1878 863 1949 facit,
917 1878 992 1944 tatis,
1003 1877 1205 1934 <inductionem
1214 1875 1374 1933 delictorum
1383 1874 1538 1946 disponenti
1548 1874 1584 1940 ⁹¹,
1597 1874 1718 1931 cumde-

46 1961 90 2039 Ιοἱ
102 1958 446 2035 delictumestiniquitns.
457 1966 658 2039 dissitisquod
667 1967 863 2037 illamarrifas·
916 1967 1038 2039 linquere
1052 1966 1182 2023 fitiosttei
1198 1981 1270 2022 nunc
1284 1964 1390 2034 adnuit,
1406 1979 1478 2020 nunc
1493 1961 1595 2020 abnuit.
1611 1962 1717 2035 Prospi-

62 2049 141 2102 tatus
154 2048 204 2115 sit,
227 2054 261 2104 ut
281 2055 396 2121 auferat
414 2054 534 2123 delicta,·
551 2056 643 2128 utique
664 2057 795 2114 hacteuus
812 2057 863 2112 ad·
915 2056 1004 2113 ciebat
1015 2055 1087 2113 euim
1101 2055 1248 2112 clausulam
1263 2054 1549 2120 litterarumsuarum,
1560 2049 1636 2106 atilli
1647 2066 1717 2122 prae·

61 2135 213 2204 mittenda;
224 2138 357 2208 siquidem
374 2143 534 2213 subjungit:
551 2145 648 2201 Omnis
662 2147 711 2218 qui
723 2147 863 2203 manacta
915 2145 1035 2203 struebat
1054 2145 1106 2201 bos
1124 2159 1231 2211 sensus,
1248 2142 1370 2199 dicturus
1390 2141 1417 2196 iu
1440 2141 1493 2195 line
1515 2139 1686 2195 manifestius
1706 2156 1715 2198 :

60 2224 187 2291 illamam
198 2226 357 2299 delinquit:
368 2232 460 2285 omnis
470 2231 771 2306 quideliraquit‚neque
779 2234 861 2302 cidit,
916 2231 1459 2307 stquissoitfratramsuumdrttnquerr
1469 2229 1607 2286 detiorum
1617 2229 1717 2286 amad

59 2327 150 2385 caque
160 2316 861 2386 coqnoaitcurmFilioti,namovcsseduoat:cmnis
913 2328 1044 2394 martene,
1055 2321 1222 2396 postulabit,
1233 2326 1262 2378 ct
1272 2319 1350 2377 dabit
1364 2320 1391 2375 ai
1405 2320 1496 2376 uttam
1510 2320 1657 2385 Dominus,
1668 2320 1717 2391 qui

60 2403 456 2476 quisacitjusiitium‚justus
467 2408 643 2473 est,st'cutet
654 2409 860 2480 tttejustusast.
913 2427 971 2468 noa
983 2411 1020 2466 ad
1034 2415 1153 2468 mortem
1176 2410 1328 2482 delinquit.
1353 2410 1404 2465 list
1428 2408 1507 2464 caim
1530 2407 1667 2464 delictum
1679 2406 1717 2462 ad

64 2490 119 2559 Qui
130 2492 204 2561 facit
218 2491 362 2557 delictam,
372 2510 412 2550 aa
425 2492 536 2550 diabolo
550 2499 601 2560 eat,
611 2497 746 2567 quoniam
760 2498 859 2554 diaba-
912 2498 1054 2558 morum?
1063 2516 1121 2557 non
1135 2498 1168 2556 da
1183 2513 1213 2555 ao
1230 2497 1290 2556 dico
1305 2499 1340 2552 ut
1349 2498 1413 2568 quis
1420 2495 1585 2568 postulata
1592 2495 1674 2554 Joaa.
1688 2512 1715 2564 v,

62 2577 291 2650 lusapra'rnordio
301 2581 454 2653 delinquit.
467 2584 499 2638 ln
508 2580 557 2640 boc
568 2585 645 2640 anim
655 2586 860 2656 manifestatus
914 2590 973 2660 lb).
1000 2586 1158 2643 Meminerat
1181 2594 1208 2642 et
1236 2585 1295 2657 ipse
1316 2584 1483 2641 Hieremiam
1510 2581 1677 2656 prohibitum
1699 2597 1716 2637 a

60 2670 104 2722 ast
117 2667 414 2737 struebatutsotont
429 2671 858 2747 operadiaboli.Nametsnlvit,
912 2676 970 2734 Deo
995 2676 1136 2749 deprecari
1164 2689 1214 2746 pro
1247 2673 1349 2746 populo
1384 2662 1508 2727 mortalia
1540 2670 1714 2744 delinquente

59 2753 183 2812 liberans
198 2757 336 2814 hominem
357 2775 405 2830 per
430 2759 578 2828 lavacrum,
595 2758 696 2816 donata
715 2759 858 2834 chirogra-
913 2765 1028 2836 (leram.
1043 2781 1095 2830 vu,
1113 2765 1160 2827 to;
1176 2776 1217 2830 ιι,
1230 2763 1280 2832 tt,
1297 2776 1355 2826 xta,
1371 2761 1426 2829 tl).
1445 2759 1543 2816 Omnis
1562 2759 1710 2830 injustitia

59 2844 118 2918 pbo
134 2846 235 2903 mortis.
249 2848 282 2903 Et
295 2847 357 2903 ideo
372 2850 464 2905 omnis
480 2851 528 2922 qai
538 2864 574 2905 aa
583 2852 637 2907 lico
652 2850 793 2918 nascitur,
802 2867 860 2910 non
913 2853 1050 2912 delutum
1062 2856 1115 2916 ast,
1127 2856 1156 2908 et
1166 2855 1208 2909 est
1217 2849 1352 2906 delictum
1361 2847 1398 2905 ad
1407 2850 1538 2904 mortem.
1547 2847 1655 2903 Scimus
1664 2863 1714 2903 nu-

58 2935 134 3004 facit
143 2934 286 3004 delictum,
299 2938 365 3009 qaia
374 2952 472 2992 samen
483 2939 532 2993 lici
541 2938 679 2993 manatio
689 2938 753 3006 ttto‚·
764 2944 858 2996 ernon
912 2943 969 2997 tem
982 2940 1155 3014 quodomuis
1169 2939 1216 3011 qui
1229 2952 1266 2993 aa
1275 2939 1328 2993 Dec
1337 2939 1425 2993 nattes
1438 2937 1488 3006 sit,
1500 2950 1560 2991 noc
1573 2935 1714 3008 delinquit

55 3023 680 3098 potcstdeiinquera,quiueaDeonatusest.
696 3029 729 3084 ln
743 3027 862 3087 mama·
912 3030 938 3099 (l
954 3030 1037 3087 toan.
1055 3045 1081 3096 v,
1100 3031 1144 3095 tr,
1163 3029 1220 3095 t8);
1235 3024 1341 3081 sedicet
1354 3022 1482 3080 delictum
1501 3023 1573 3094 quod
1587 3020 1622 3078 ad
1636 3039 1713 3078 mor·
1777 3083 1781 3103 θ

57 3112 860 3187 nisastisuntfiliillaietliliidiahoiitlioan.ru,3,td).
916 3125 970 3172 tam
994 3122 1045 3173 est.
1068 3117 1109 3171 lta
1130 3114 1197 3170 nihil
1219 3115 1276 3183 J'am
1301 3120 1434 3184 superest,
1458 3127 1538 3182 quam
1561 3120 1608 3166 aut
1631 3127 1713 3183 neges

59 3200 93 3256 ln
111 3215 175 3272 quo,
192 3202 245 3258 nisi
267 3202 306 3257 illi
330 3217 385 3258 non
406 3203 601 3276 delinquendo,
616 3218 650 3260 ex
673 3219 727 3277 quo
747 3204 781 3261 de
799 3205 858 3261 Deo
914 3202 1058 3261 moechiam
1081 3209 1108 3260 et
1130 3200 1336 3258 fornicationem
1362 3198 1488 3256 mortalia
1515 3213 1578 3256 ease
1603 3197 1711 3271 delicta,

59 3286 175 3346 1⁰2⁰
190 3290 245 3346 nati
265 3301 343 3358 sunt;
360 3292 405 3347 isti
425 3291 617 3365 delinquendo,
633 3291 698 3365 quia
712 3291 745 3349 de
759 3293 856 3348 diabo-
911 3298 958 3347 aut
971 3289 1167 3346 irremissibilia
1180 3286 1300 3360 fatearis,
1319 3301 1368 3359 pro
1382 3287 1483 3361 quibus
1496 3303 1548 3344 nec
1563 3289 1636 3345 orari
1651 3303 1713 3359 per·

59 3377 88 3435 la
110 3385 190 3444 sunt;
215 3380 326 3450 perinde
352 3390 435 3453 atque
460 3380 482 3436 ai
503 3396 641 3451 nunquam
666 3379 719 3436 sint
742 3396 776 3438 er
800 3381 856 3438 Deo
910 3379 1034 3440 mittitur.

57 3466 139 3523 nati?
153 3465 231 3536 Quod
245 3467 269 3524 ai
288 3468 376 3525 dicit:
401 3470 458 3537 Qui
479 3486 539 3528 nora
560 3473 603 3528 cst
621 3469 728 3541 justus,
744 3487 781 3528 aa
802 3473 856 3529 lieo
1208 3508 1322 3568 CAPUT
1340 3508 1395 3567 XX

56 3571 121 3613 nort
135 3560 188 3623 cst,
204 3555 251 3627 qui
272 3573 326 3613 non
347 3557 473 3629 pudicus,
489 3559 627 3630 quomodo
642 3573 737 3614 rursus
749 3574 782 3614 ex
797 3559 856 3617 Deo
1398 3550 1406 3567 ⁶

57 3643 118 3710 liet,
133 3643 180 3716 qni
195 3644 253 3714 jam
274 3660 334 3701 esse
357 3644 459 3702 desint
472 3645 553 3702 Juxta
571 3655 612 3703 est
635 3645 719 3718 igitur
733 3655 763 3703 ut
777 3646 855 3703 exoi·
944 3643 1093 3717 Disciplina
1105 3644 1191 3718 igitur
1205 3643 1391 3718 apostolorum
1410 3641 1523 3717 proprie
1541 3642 1651 3717 quidem
1665 3645 1711 3701 in-

58 3733 135 3790 disae
148 3733 201 3790 sibi
215 3734 337 3791 dicamus
354 3735 485 3792 ioannem
499 3734 528 3790 in
543 3735 631 3807 prima
654 3735 765 3807 quidem
783 3736 854 3808 lipi-
908 3735 988 3792 struit
1005 3750 1037 3791 ac
1055 3733 1214 3790 determinat
1237 3732 1420 3806 principaliter
1441 3731 1595 3790 sanctitatis
1615 3733 1706 3790 omnis

59 3821 133 3878 stola
154 3821 184 3894 (ι,
201 3824 228 3893 8)
253 3833 396 3897 negantem
417 3839 467 3880 nos
490 3823 549 3880 sine
568 3823 667 3880 delicto
690 3838 760 3894 esse,
783 3841 855 3882 nuno
909 3840 976 3899 erga
992 3821 1122 3893 templum
1139 3822 1187 3879 liei
1205 3823 1366 3889 antistitem,
1382 3829 1409 3878 et
1430 3821 1531 3894 ubique
1552 3821 1587 3879 de
1610 3821 1704 3879 Baelo·

58 3925 127 3967 acro
152 3912 368 3982 praesoribentem
400 3927 455 3969 non
478 3911 636 3983 delinquere
663 3912 775 3968 omnino
795 3931 803 3969 :
827 3919 856 3968 et
909 3913 950 3968 sia
975 3911 1157 3969 eradicantem
1184 3927 1265 3968 omne
1301 3908 1472 3984 sacrilegium
1502 3908 1639 3983 pudicitiae
1666 3911 1707 3981 ⁹²,

55 3998 113 4055 illic
131 3999 242 4073 quidem
264 4000 338 4058 aliud
359 4001 393 4056 de
412 4000 492 4058 uenia
511 3998 701 4068 blandientem,
723 3999 769 4055 bie
787 4017 854 4057 vero
909 4001 966 4056 sina
987 3997 1098 4056 1⁰2!
1126 3997 1180 4054 ulla
1200 3998 1379 4055 restitutionis
1401 3997 1550 4056 mentione.
1576 3998 1644 4056 Volo
1666 4008 1710 4056 ta·

54 4086 177 4145 districta
190 4096 336 4161 negantem
354 4089 425 4147 tilios
439 4089 490 4146 Dei
510 4088 664 4160 quicunque
682 4087 852 4159 deliquerint.
908 4104 971 4145 men
988 4104 1021 4144 ex
1039 4086 1220 4143 redundantia
1231 4088 1257 4127 ⁹⁹
1275 4088 1389 4158 alicujus
1408 4087 1489 4143 etiam
1510 4087 1617 4143 comitis
1634 4103 1709 4158 apo·

54 4175 110 4232 Sed
128 4176 212 4232 absit!
234 4178 301 4233 Nam
327 4194 377 4235 nec
401 4179 452 4248 ipsi
478 4177 725 4248 excidimusaqua
739 4176 854 4250 digressi
908 4176 1038 4233 stolorum
1069 4174 1108 4246 li)
1137 4173 1319 4229 testimouium
1352 4173 1547 4242 superducere,
1578 4172 1709 4227 idoneum

53 4276 151 4321 manus
173 4264 347 4323 distinctione
367 4267 539 4323 delictorum.
564 4266 597 4320 lit
620 4265 664 4321 hic
687 4264 758 4320 euim
779 4263 854 4320 illam
909 4261 1086 4320 confirmandi
1101 4259 1134 4316 de
1150 4261 1348 4332 proximojure
1368 4260 1541 4332 disciplinam
1560 4258 1709 4332 magistro-

52 4352 175 4410 toannes
195 4354 402 4425 commendarit,
426 4355 500 4428 quod
521 4354 575 4409 sint
603 4351 727 4425 quaedam
755 4351 852 4408 delicta
869 4332 892 4410 Β
907 4368 979 4408 rum.
997 4351 1093 4407 Exstat
1111 4348 1184 4404 enirn
1203 4358 1231 4405 et
1251 4347 1381 4404 barnabae
1401 4348 1496 4404 titulus
1514 4347 1548 4403 ad
1567 4347 1707 4415 llabraecs,

745 4475 842 4539 Variae
868 4479 1025 4540 lectiones.

89 4579 201 4651 ⁹⁰,Quae
215 4584 301 4641 Semi.
320 4583 429 4642 Obortis.
445 4585 469 4623 ⁹¹
484 4582 628 4640 ioannis...
645 4580 815 4654 disponentia
838 4583 938 4642 Wouw.
953 4582 1011 4641 cod.
1031 4582 1056 4623 ⁹²
1072 4579 1252 4654 impudicitiae
1265 4577 1555 4637 tantumtanturn
1571 4582 1633 4637 Lat.

756 4680 1005 4747 Commentarius.

91 4813 134 4882 (5)
148 4813 180 4866 la
193 4816 368 4886 napolitano
381 4816 536 4886 affinitate
550 4817 672 4888 quaestu.
688 4813 755 4869 Hinc
771 4812 854 4884 igitur
943 4814 983 4885 (7)
994 4814 1122 4888 Alicujus
1133 4817 1221 4871 ctiam
1230 4812 1342 4872 comitis
1351 4809 1550 4890 apostolorum.
1561 4808 1645 4879 Quasi
1655 4812 1708 4867 Pe-

53 4885 232 4939 mauiiestum
246 4896 288 4940 est
301 4889 385 4941 etiam
405 4886 509 4950 priscus
527 4887 590 4941 illos
609 4886 785 4951 Christianos,
803 4885 856 4941 bo·
910 4894 970 4944 trus
983 4894 1011 4942 et
1025 4887 1125 4942 Paulus
1143 4888 1212 4942 adeo
1233 4899 1288 4955 prae
1307 4882 1412 4938 certeris
1426 4880 1525 4938 luerunt
1538 4880 1662 4953 apostoli,
1679 4890 1709 4939 ut

53 4955 147 5010 mines
161 4953 255 5026 fuisse,
269 4972 368 5027 nempe
383 4958 587 5014 immanioribus
599 4956 659 5013 istis
673 4955 791 5027 peccatis
807 4956 856 5012 cb·
909 4956 1000 5013 caeteri
1015 4958 1135 5027 ipsorum
1150 4955 1308 5012 comitasse
1328 4952 1453 5024 discipuli
1472 4961 1640 5010 censeantur.
1662 4954 1710 5011 Sic

54 5026 165 5083 noxios.
180 5026 241 5081 lira.
909 5037 998 5084 autem
1015 5037 1042 5085 et
1056 5028 1191 5083 Barnabas
1209 5027 1268 5098 ipse
1288 5026 1440 5096 apostolus,
1458 5025 1625 5082 aClemente
1643 5026 1709 5082 Ale·

91 5097 135 5178 (d)
148 5098 257 5155 ilerum
270 5099 350 5155 ultra
364 5102 497 5156 exorator
511 5113 568 5154 aare
583 5099 640 5154 crit
656 5097 793 5156 Christus.
804 5098 857 5154 lln·
910 5098 1052 5165 sandrino,
1073 5099 1122 5154 lib.
1143 5114 1163 5154 ιι
1185 5100 1301 5162 strom,
1322 5094 1504 5167 apostolicus,
1525 5106 1708 5167 noncupatur,

55 5182 163 5224 mentor
177 5167 229 5224 luit
241 5169 386 5242 Augustini
402 5169 544 5234 sententia,
561 5168 609 5222 tib.
624 5168 658 5226 da
673 5166 738 5226 Fida
752 5173 812 5225 eto
832 5183 857 5224 e·
909 5171 950 5223 sol
967 5170 1081 5242 συνεργὸς
1095 5176 1138 5224 rod
1167 5170 1273 5223 [latito.
1303 5167 1336 5222 lit
1363 5165 1411 5222 lib.
1449 5183 1476 5233 a,
1500 5165 1646 5239 συρκηρύξας
1672 5175 1719 5241 τῷ7

55 5239 145 5295 ritas.
165 5239 235 5294 Nam
256 5248 283 5296 et
301 5241 344 5295 bis
363 5239 546 5311 paenitentiam
566 5252 619 5293 non
638 5248 744 5310 negat:
767 5261 778 5291 ι
805 5185 857 5307 (gui
915 5239 1070 5313 'Aromata
1086 5241 1177 5296 Sedet
1191 5240 1381 5309 Hieronymus,
1396 5238 1424 5294 in
1439 5240 1595 5310 Epistotam
1610 5239 1647 5293 ad
1659 5240 1710 5294 Ga·

53 5316 148 5364 autem
173 5311 336 5383 opinantur,
367 5312 467 5385 inquit,
497 5321 525 5364 et
552 5318 649 5364 crebra
681 5309 857 5382 eleemosynis
912 5312 997 5380 tatas,
1014 5310 1485 5382 hecterbazl'auiusapostnius,
1502 5327 1559 5367 non
1575 5306 1709 5367 antomi-

54 5377 138 5436 iaoilc
162 5382 342 5450 compensari,
367 5385 418 5437 tria
442 5392 529 5437 tamen
553 5379 691 5436 mortifera
717 5395 779 5438 esse
801 5395 857 5438 uon
910 5384 1004 5450 nibus,
1021 5399 1109 5454 traque
1121 5400 1171 5456 par
1186 5383 1337 5447 inminens,
1353 5381 1463 5454 oblique
1478 5381 1505 5436 in
1520 5379 1628 5436 Petrum
1642 5386 1668 5432 et
1680 5379 1709 5433 in

54 5450 183 5508 dubitent
210 5454 495 5516 excommunicatione,
514 5453 601 5507 donec
624 5451 784 5521 poenitentia
802 5452 857 5507 bu·
910 5464 1027 5511 caeteros
1045 5456 1116 5510 dicta
1130 5454 1216 5510 virleri
1233 5468 1311 5524 posse
1325 5451 1370 5517 ait,
1384 5453 1456 5524 quod
1474 5464 1530 5504 non
1547 5449 1582 5530 ab
1596 5458 1708 5518 aposto-

53 5521 166 5579 miliore
190 5533 312 5592 sanetur,
334 5525 539 5598 impudicitiam,
561 5522 749 5594 idololatriam,
765 5522 856 5580 bomi-
909 5524 945 5583 lis
956 5525 1039 5583 Paulo
1053 5527 1090 5584 sit
1102 5526 1231 5582 traditum
1243 5526 1317 5582 Euan
1338 5523 1429 5590 edum,
1449 5520 1497 5576 sed
1511 5520 1545 5575 ab
1557 5534 1618 5590 tpso
1644 5519 1709 5576 teau

54 5593 172 5652 sidium.
190 5597 282 5655 altra.
911 5596 1030 5666 Christo,
1045 5597 1092 5671 qui
1106 5606 1134 5655 et
1147 5597 1317 5669 illosaposto
1372 5593 1499 5667 elegerat.
1520 5591 1582 5651 lita
