3840 6134
127 344 181 405 243
475 334 693 398 TERTULleNl
713 332 846 397 uelauit
865 331 948 393 ltus
965 330 999 393 ll.
1023 364 1060 380 ·-
1077 331 1191 403 aumas
1209 331 1230 402 l,
1251 328 1426 393 Pullulat.
1721 327 1775 391 tlt

127 469 269 532 confusam
282 472 309 522 ct
324 464 487 522 inconditam
503 464 562 523 vult
583 461 665 521 inisse
692 460 840 520 materiam.
869 460 923 515 llas
937 472 961 553 g
976 458 1055 530 riam,
1070 475 1169 534 exque
1182 456 1251 527 iecit,
1267 458 1367 531 daque
1378 455 1482 515 dictum
1494 454 1553 515 ait:
1574 456 1660 514 Terra
1671 460 1775 515 cotom

130 558 241 633 quidem
255 553 398 627 opiniones
425 555 486 626 eius
512 553 648 627 sigillatim
662 552 688 592 ²⁵
711 550 853 617 revincam,
874 549 923 605 scd
977 554 1042 609 crat
1058 550 1209 609 inuisibilia
1222 551 1250 609 ct
1263 549 1353 607 madia.
1365 545 1499 620 Utiqncai
1512 559 1632 618 quaeram
1652 559 1685 603 aa
1705 545 1777 603 doa-

130 645 237 706 iuterim
250 643 314 701 vo'lo
327 643 367 700 sic
396 644 420 699 ei
443 643 615 718 respondere.
635 643 764 699 Putamus
785 640 810 679 ²⁰
825 639 868 696 bis
881 654 925 695 vr·
980 639 1115 708 busque,
1134 638 1178 697 cui
1192 651 1290 695 nomen
1313 644 1391 695 terrae
1414 634 1621 693 accommodare
1638 632 1775 702 debeatffl,

130 733 219 792 ticulis
233 731 370 790 materiam
385 731 575 789 demonstrari.
589 731 725 807 Numquid
741 739 838 796 tamem
865 726 928 802 quia
981 732 1094 802 dicetur,
1110 734 1179 791 banc
1191 749 1253 807 quae
1268 730 1339 789 iacta
1366 730 1448 788 aiter
1462 729 1554 786 lllaor
1569 744 1622 803 qua
1635 727 1706 786 iacta
1722 739 1776 800 eat,

131 833 194 884 erat
217 830 280 882 onte
294 822 384 880 omnia
404 830 456 890 ,et
470 822 521 879 talc
535 821 635 895 aliquid
649 837 710 879 ease
733 838 767 878 ea
780 836 814 878 ca
827 818 925 879 iactum
980 822 1140 881 vocabulum
1151 822 1308 889 derivatae,
1325 820 1392 893 quia
1414 815 1589 875 veriaiuu'liua
1608 817 1643 873 ait
1661 818 1697 875 ab
1719 817 1777 877 ori·

132 913 270 986 Scriptura
291 910 452 986 significati
476 907 580 982 Atquin
607 909 673 968 nibil
700 909 752 968 tate
780 907 925 982 significat.
981 910 1046 987 gine
1060 912 1179 971 sobolem
1194 910 1294 984 potina,
1308 925 1391 984 quam
1404 907 1539 980 originem
1553 921 1570 962 a
1582 905 1679 964 aobolc
1697 906 1777 964 voci·

133 1003 224 1061 Fuerit
236 1001 300 1060 licet
322 999 581 1073 materia,qoantum
606 998 658 1055 sibi
685 999 758 1070 licet,
772 997 815 1056 vel
835 996 928 1070 potius
981 1001 1042 1058 tari.
1064 1003 1121 1059 Hoc
1138 1001 1162 1058 si
1180 1001 1218 1059 ita
1242 1000 1359 1068 estatio
1372 997 1452 1055 aubia
1465 994 1622 1054 obvolvitur
1648 996 1777 1070 quaeuio,

132 1092 320 1165 Hermogeni:
336 1090 466 1162 potuitet
490 1088 730 1155 inisse,ottamen
758 1087 824 1144 nibil
853 1088 926 1144 Deua
981 1097 1271 1163 ancompetatterram
1295 1089 1365 1145 banc
1385 1102 1467 1160 quam
1485 1086 1559 1142 Deos
1580 1083 1704 1151 secitur
1731 1084 1779 1142 iila

133 1197 167 1238 ex
180 1181 228 1237 illa
243 1179 351 1247 iecisse,
366 1179 409 1236 vel
423 1176 486 1251 quia
504 1192 559 1235 noo
575 1177 688 1235 decebat
700 1178 789 1234 Deum
812 1175 927 1247 alicujus
981 1196 1016 1238 ox
1037 1197 1091 1254 qua
1113 1178 1179 1238 lecit
1199 1187 1410 1252 cognomentum
1434 1177 1580 1235 derivasse.
1597 1173 1687 1234 Audio
1705 1174 1779 1233 enim

133 1269 263 1346 eguisse,
287 1278 360 1327 certa
385 1266 451 1341 quia
473 1280 523 1322 noc
546 1264 699 1324 ostenditur
726 1265 872 1338 quicquam
894 1278 928 1320 cx
980 1270 1053 1341 apud
1075 1271 1276 1344 Hermogenem
1297 1275 1465 1340 ceterosque
1482 1266 1667 1327 materiarios
1688 1263 1780 1321 baere-

132 1357 244 1416 materia
256 1356 362 1414 iecisse.
380 1356 445 1413 Sine
459 1370 541 1412 cause
554 1369 619 1429 ergo
634 1362 716 1426 essct,
740 1352 842 1427 inquis.
865 1353 928 1409 Non
981 1358 1170 1427 elocaterrcm
1184 1357 1296 1430 quidem
1318 1356 1394 1412 iilam
1408 1354 1551 1412 informem
1573 1361 1601 1411 et
1614 1351 1778 1412 invisibilem

132 1448 212 1522 plane
226 1446 293 1504 adeo
307 1447 365 1503 siue
387 1460 477 1503 causa.
499 1445 568 1502 Nam
592 1444 643 1502 etei
667 1444 786 1502 mundus
812 1447 929 1500 nonest
981 1455 1009 1506 et
1032 1447 1128 1504 rudem
1151 1445 1254 1504 iniaae:
1278 1442 1364 1504 m
1381 1445 1453 1501 banc
1475 1456 1542 1501 vero
1563 1448 1685 1498 matram
1713 1455 1779 1513 pro·

132 1535 326 1604 iactuaexilla,
344 1534 393 1592 sed
412 1535 524 1593 herosta
538 1533 607 1592 lecta
621 1542 672 1602 eat,
689 1540 716 1592 ct
739 1531 848 1607 quidem
876 1534 929 1592 boc
982 1535 1047 1594 inde
1056 1546 1083 1594 et
1098 1537 1222 1608 formam,
1237 1542 1265 1592 et
1278 1542 1467 1607 conspectum,
1496 1538 1524 1589 et
1546 1531 1659 1604 cultum,
1683 1546 1700 1587 a
1723 1529 1781 1591 iia·

133 1625 326 1699 impudentior,
341 1624 413 1699 quod
433 1639 488 1681 non
516 1640 551 1681 ex
576 1623 688 1681 materia
710 1621 780 1681 sacta
804 1629 846 1680 eat
873 1621 928 1681 bm-
980 1631 1163 1684 consecutam.
1193 1623 1277 1681 aliud
1298 1639 1366 1698 argo
1389 1621 1485 1680 iactam
1508 1635 1590 1693 quam
1612 1627 1671 1678 erat
1688 1635 1723 1677 ea
1748 1634 1781 1676 aa

133 1711 211 1783 reaia,
229 1715 277 1774 sed
291 1715 430 1772 materiam
443 1715 531 1786 ipsam
545 1712 636 1785 potina
650 1710 763 1768 baercsia
777 1708 849 1767 iecit.
980 1728 1036 1789 qua
1050 1712 1120 1771 iacta
1133 1719 1185 1770 eat.
1200 1713 1286 1770 Porro
1298 1710 1370 1768 aliud
1391 1710 1470 1777 bota,
1494 1723 1551 1766 nou
1564 1708 1651 1781 potuit
1672 1723 1734 1766 eum
1746 1722 1782 1765 aa

418 1801 531 1860 CAPUT
540 1801 642 1860 xxiv.
942 1761 1199 1869 Bdenominatione
1217 1801 1244 1842 ²⁰
1265 1800 1372 1872 sociari,
1403 1815 1422 1858 a
1448 1799 1527 1871 mica
1553 1796 1711 1856 conditione
1732 1797 1783 1854 dc·

170 1889 257 1949 219
270 1891 401 1950 Revertor
414 1904 487 1947 nunc
506 1889 540 1946 ad
561 1889 684 1964 singulos
711 1889 849 1961 articulos,
879 1905 928 1963 per
981 1891 1105 1951 sciverat
1137 1891 1167 1949 si
1192 1906 1291 1948 nomon
1314 1887 1453 1962 proprium
1477 1887 1598 1946 materiae
1618 1886 1693 1944 iliius
1727 1885 1782 1945 init

134 1994 203 2056 quos
226 1979 329 2051 putavit
350 1977 526 2054 significatam
549 1992 608 2037 ease
619 1979 769 2036 materiam.
795 1979 829 2037 Et
841 1977 930 2052 primo
982 1986 1063 2046 terra,
1084 1980 1142 2036 baec
1155 1995 1216 2051 quoe
1229 1994 1285 2035 non
1297 1985 1341 2036 eat
1353 1975 1475 2048 matoria,
1490 1975 1565 2034 aliud
1580 1974 1684 2033 scilicet
1695 1972 1779 2045 iacta,

134 2066 168 2123 de
195 2064 350 2123 nominibus
376 2067 563 2138 expostulabo.
587 2068 690 2124 Horum
716 2068 788 2126 enim
815 2068 930 2126 alterum
983 2075 1063 2124 terrae
1080 2081 1188 2141 quoque
1210 2083 1266 2125 non
1279 2066 1352 2140 capit
1372 2079 1474 2123 nomen
1492 2064 1630 2129 alienum,
1654 2068 1682 2119 et
1709 2068 1782 2120 atatu

134 2153 260 2228 legimus,
286 2155 362 2227 quod
385 2164 425 2212 eat
448 2160 546 2213 terrae:
567 2156 682 2213 altarum
701 2170 756 2213 oon
778 2155 929 2216 invenimus
982 2172 1033 2214 auo
1053 2155 1246 2215 extraneumw.
1269 2157 1321 2214 Sed
1335 2152 1449 2212 materia
1466 2153 1545 2219 lacta,
1570 2152 1597 2208 id
1610 2159 1653 2208 cat
1671 2150 1781 2218 torra³¹,

131 2244 204 2320 quod
219 2249 262 2301 cst
278 2243 407 2302 materiae.
429 2243 529 2313 Quaero
555 2259 632 2320 ergo,
647 2260 707 2302 cum
734 2245 854 2303 maurim
876 2261 929 2303 no·
982 2245 1077 2303 habuit
1099 2262 1161 2304 cum
1178 2261 1227 2303 aua
1247 2245 1351 2319 origiue
1376 2243 1542 2301 consortium
1561 2240 1687 2312 nominis,
1712 2239 1784 2298 aiem

132 2333 242 2391 minatio
257 2347 311 2390 nou
330 2333 459 2391 exstetin
477 2334 629 2406 Scriptura,
654 2334 793 2409 quomodo
806 2335 831 2391 ei
847 2335 930 2392 etiam
983 2345 1010 2392 ct
1033 2335 1149 2409 generis.
1176 2335 1237 2390 Nou
1259 2333 1365 2391 adeo³².
1388 2333 1459 2389 Nam
1482 2338 1510 2389 et
1529 2338 1637 2401 testam,
1661 2327 1726 2386 licet
1747 2344 1783 2387 ea

131 2429 210 2480 terrae
233 2421 376 2493 appellatio
389 2422 655 2482 accommodeturin
678 2423 731 2481 alio
754 2425 810 2495 iam
831 2439 931 2497 genere
982 2424 1078 2498 argilla
1095 2423 1251 2490 conlectam,
1274 2424 1330 2494 jam
1357 2436 1412 2478 oon
1440 2420 1565 2497 argillam
1591 2419 1705 2487 vocabo,
1733 2420 1784 2477 aad

130 2509 288 2569 substantiae
312 2518 377 2568 nota
390 2511 405 2570 ι
420 2511 482 2581 Quo
496 2511 585 2586 magia
610 2511 728 2570 materiae
746 2528 857 2587 quoque
883 2528 930 2570 no·
985 2521 1079 2572 tostam
1098 2513 1176 2585 (biit
1191 2517 1219 2569 et
1232 2512 1372 2582 electrum,
1396 2509 1459 2569 licet
1478 2524 1511 2567 ea
1536 2523 1603 2566 auro
1616 2515 1643 2565 et
1667 2514 1784 2581 argento

130 2600 243 2660 minatio
260 2600 395 2659 exstitisse
414 2601 567 2669 debuerat,
593 2610 740 2660 consecuta
757 2603 838 2661 otiam
853 2612 930 2661 terrae
983 2603 1143 2661 ioederaturn
1165 2602 1223 2675 (55)
1242 2615 1294 2658 nco
1320 2606 1463 2676 argentum
1490 2602 1580 2655 tamen
1607 2612 1657 2654 nec
1687 2611 1785 2653 aurum

130 2687 355 2763 appellationem,
380 2698 410 2746 ut
440 2689 538 2746 scirem
565 2699 665 2747 terram
697 2706 842 2750 commune
868 2707 930 2748 cum
983 2693 1134 2765 appellabo,
1150 2690 1201 2750 aed
1215 2690 1345 2748 electrum
1358 2689 1417 2761 (bt)
1433 2706 1441 2745 :
1456 2689 1560 2759 aculus
1575 2686 1744 2759 babituquid
1758 2686 1786 2726 ³³

133 2778 245 2836 materia
259 2792 319 2836 ease
346 2792 455 2849 nomon,
485 2795 521 2838 no
541 2778 606 2836 illud
634 2779 660 2837 ei
688 2781 738 2839 aoli
770 2780 930 2839 substantive
982 2781 1105 2850 divertit,
1120 2779 1220 2853 pariter
1234 2786 1262 2837 et
1279 2787 1407 2838 avocato
1424 2779 1486 2850 eiua
1517 2776 1637 2849 recedit,
1657 2774 1786 2848 appella-

131 2865 306 2936 viudicarem,
329 2868 408 2939 cujus
430 2876 459 2924 et
483 2869 633 2943 proprium,
649 2868 677 2923 in
704 2884 757 2940 qua
771 2870 859 2944 magis
881 2885 930 2926 no-
983 2871 1077 2937 tionia,
1091 2871 1163 2929 sicut
1182 2879 1210 2928 et
1222 2867 1389 2927 conditionis
1402 2865 1581 2940 proprietate.
1595 2864 1681 2936 Quam
1694 2871 1786 2922 votam

131 2963 244 3013 tumeat
258 2954 293 3020 ²⁷,
307 2956 351 3013 vel
369 2971 404 3013 nc
417 2956 482 3013 illud
497 2956 525 3013 iu
539 2973 738 3033 quamcumque
761 2957 844 3014 aliam
865 2973 928 3030 ape·
984 2958 1119 3016 transierit
1131 2958 1166 3016 dc
1192 2966 1264 3015 statu
1282 2964 1361 3015 torrae
1388 2955 1471 3026 iilius,
1501 2954 1529 3014 id
1560 2964 1604 3013 eat
1630 2953 1781 3021 materiae,

132 3043 211 3112 ciem,
225 3058 278 3101 uec
293 3042 386 3119 utiquc
399 3045 472 3102 omui
487 3046 609 3104 materiae
631 3046 831 3105 communicare
859 3060 927 3119 pos·
983 3045 1034 3106 iata
1066 3055 1160 3114 terra,
1188 3046 1231 3106 vcl
1258 3060 1291 3105 eo
1315 3045 1402 3115 palam
1421 3052 1488 3116 ast,
1521 3043 1594 3118 qnod
1631 3043 1690 3101 lroee
1711 3039 1788 3116 apud

132 3146 201 3201 aem,
225 3129 248 3187 si
276 3132 382 3188 vellem.
403 3132 472 3189 Cum
493 3136 566 3191 enirn
594 3148 649 3192 nou
682 3141 755 3193 extat
789 3134 928 3208 proprium
944 3152 967 3233 e
981 3136 1110 3196 Genesim
1124 3135 1307 3194 testimonium
1317 3134 1381 3192 boni
1406 3133 1533 3206 accipit:
1560 3136 1594 3193 llt
1616 3132 1689 3189 uidit
1713 3134 1789 3191 Deua

132 3218 296 3277 vocabulum
309 3221 370 3289 ejus
388 3223 426 3278 rei
439 3223 484 3280 cui
495 3237 637 3280 commuue
650 3223 813 3282 vocabulum
825 3224 931 3281 adscri-
986 3230 1056 3304 quio
1068 3227 1172 3286 booom
1187 3243 1195 3283 ι
1211 3225 1257 3282 illa
1280 3232 1370 3283 autem
1384 3223 1455 3297 apud
1471 3223 1670 3296 Hermogenem
1683 3221 1713 3278 ip
1726 3222 1788 3281 05.

132 3306 212 3375 bitur,
228 3317 328 3380 quanto
362 3326 415 3368 noo
443 3322 581 3383 comparet
603 3311 648 3369 cui
672 3313 850 3384 adscribatur,
876 3316 934 3372 cui·
986 3317 1078 3394 ginem
1101 3326 1129 3375 et
1154 3330 1266 3374 causum
1293 3314 1428 3373 malorum
1452 3313 1606 3387 deputatur.
1632 3310 1782 3383 matrona,

132 3413 241 3472 cunque
258 3396 304 3455 alii
328 3400 426 3469 poterit
448 3399 576 3458 adscribi.
601 3399 644 3458 lta
666 3402 861 3475 Hermogenes,
883 3403 934 3460 etsi
986 3405 1011 3464 ai
1030 3406 1094 3463 idco
1112 3405 1173 3463 baeo
1191 3411 1273 3475 terra,
1299 3403 1364 3477 quia
1379 3410 1406 3461 ct
1418 3401 1473 3468 ilia,
1497 3416 1545 3460 cnr
1559 3415 1613 3458 non
1629 3408 1658 3459 et
1671 3398 1786 3459 materia

132 3485 275 3542 materiam
288 3489 443 3544 ostenderet
458 3488 623 3545 nominatam
638 3529 646 3554 ,
670 3488 782 3546 deberet
811 3491 933 3549 eamdem
986 3497 1046 3553 baec
1057 3509 1177 3568 quoque,
1187 3492 1251 3565 quia
1264 3491 1335 3549 illa?
1349 3493 1407 3549 lmo
1418 3492 1476 3563 jam
1490 3501 1517 3548 et
1528 3489 1629 3548 ooelum
1643 3496 1672 3547 et
1682 3488 1785 3558 omnia,

132 3573 247 3645 probare
287 3583 386 3630 terram
416 3591 525 3650 quoquc
562 3577 802 3649 cognominatam,
840 3586 871 3635 ut
897 3578 934 3636 ita
987 3585 1011 3640 ai
1025 3599 1058 3642 ex
1072 3581 1186 3640 materia
1207 3589 1344 3654 constant,
1368 3590 1395 3639 et
1409 3591 1489 3638 terrm
1502 3587 1530 3637 et
1548 3579 1668 3639 morire
1688 3577 1787 3637 vocari

133 3667 277 3732 utrum(lue
297 3659 335 3717 illi
345 3663 508 3721 vocabulum
522 3663 683 3722 vindicaret.
986 3673 1148 3731 debuerunt.
1163 3670 1235 3728 Satis
1248 3671 1299 3727 iata
1313 3671 1348 3727 de
1362 3679 1441 3727 terrae
1454 3668 1565 3726 nomiae
1574 3667 1613 3741 (in
1633 3682 1690 3742 quo
1703 3673 1791 3724 mato·

421 3752 535 3811 CAPUT
555 3754 644 3810 XXV·
988 3761 1028 3817 ria
1042 3760 1067 3801 22
1084 3759 1197 3834 intelligi
1212 3759 1308 3831 voluit)
1330 3758 1404 3833 quod
1430 3773 1530 3817 nomen
1551 3755 1634 3814 unius
1660 3752 1789 3814 alamemi

168 3843 234 3900 Vult
249 3843 415 3918 igiturduaa
431 3840 547 3913 proponi
563 3842 750 3899 terrasinista
768 3843 932 3916 Scriptura:
988 3847 1196 3916 omnessciunt,
1214 3855 1309 3905 natura
1338 3847 1474 3921 primum,
1490 3845 1587 3904 deindo
1602 3845 1627 3886 ³⁵
1645 3845 1790 3917 Scriptura

132 3948 225 4003 unam,
239 3946 319 4005 quam
338 3931 366 3987 in
380 3930 514 4002 principio
528 3930 601 3985 Deus
615 3930 704 4002 lecit;
730 3931 821 4000 aliam,
850 3942 935 3993 mate·
988 3936 1126 4006 docente,
1155 3936 1208 3994 uisi
1236 3947 1263 3994 et
1285 3938 1310 3978 ³⁸
1337 3936 1428 3994 Sileno
1456 3934 1495 3991 illi
1519 3933 1592 4007 apud
1612 3932 1709 3989 blidam
1725 3933 1788 4004 (57)

822 4056 918 4124 Varie
939 4064 1095 4127 lectiones.

170 4163 194 4202 ²⁵
222 4159 365 4236 Sigillatim
391 4161 455 4219 olii.
473 4160 499 4199 ²⁶
516 4160 643 4217 Putemus
666 4164 784 4234 conjicit
797 4166 865 4222 leto.
878 4165 902 4205 22
916 4166 1014 4225 Notum
1039 4179 1081 4224 eat
1105 4166 1220 4227 obertio.
1247 4167 1331 4225 Semi.
1346 4171 1411 4240 post
1431 4167 1518 4224 libem.
1549 4179 1620 4223 aaoe
1634 4163 1792 4237 auspicam-

136 4238 194 4292 tem
210 4235 220 4292 l
254 4231 357 4293 eodum
371 4249 453 4314 case..-
468 4239 562 4288 uotum
572 4239 623 4289 cat.
639 4232 664 4271 22
680 4235 833 4293 Omittitur
847 4237 943 4296 debeat
952 4239 1030 4313 opud
1043 4239 1128 4298 Semi.
1141 4243 1169 4296 ot
1187 4237 1359 4312 oderitque·
1381 4237 1494 4294 eddom
1509 4237 1547 4292 id.
1576 4235 1681 4294 iunior
1692 4235 1762 4306 opit
1780 4256 1790 4295 :

135 4307 237 4362 eaduo
258 4322 300 4367 ua,
334 4319 376 4360 uae
399 4319 443 4359 cnr
471 4318 568 4358 nomen
596 4311 676 4359 terrae
689 4308 887 4365 accommodari
915 4309 1021 4367 debeat.
1038 4310 1063 4349 22
1081 4311 1118 4366 lla
1145 4311 1179 4366 da
1203 4308 1313 4365 nornine
1337 4310 1423 4367 Semi.
1448 4307 1558 4366 Oberib.
1579 4307 1605 4346 ³⁰
1632 4305 1666 4362 Et
1696 4315 1790 4364 status

137 4379 179 4433 aui
194 4376 296 4434 tot.³1
345 4375 555 4433 atorraSemi
577 4374 690 4433 oborti.
706 4377 731 4417 ³²
761 4378 919 4436 Nouendio
948 4383 1057 4442 Pomel.
1073 4382 1198 4439 Poriaio.
1223 4382 1343 4463 Frooeq.
1359 4379 1515 4436 nonaDeo
1538 4378 1643 4452 liipnit.
1660 4376 1787 4437 Semicr.

139 4448 250 4507 Obcrtlr.
270 4448 295 4487 ³³
321 4446 392 4519 Quid
420 4448 486 4502 Por.
518 4449 605 4503 Fron.
633 4448 695 4520 ltip.
724 4451 759 4507 lt
791 4450 861 4509 Ino.
888 4451 946 4524 qui.
981 4454 1067 4512 Semi.
1096 4453 1178 4527 quod.
1194 4453 1218 4493 22
1240 4453 1379 4509 Materiam
1390 4451 1475 4510 Semi.
1491 4450 1516 4490 ³⁵
1532 4452 1570 4508 lle
1598 4447 1662 4506 hinc
1691 4447 1788 4511 tien.

137 4520 225 4579 Semi.
255 4518 280 4558 ³⁵
293 4518 383 4576 Nisisi
401 4516 481 4576 oddit
501 4518 590 4577 libert.
606 4518 692 4578 Semi.

835 4617 1087 4688 Commentarius.

171 4727 229 4809 (ot)
244 4726 309 4808 lqm
328 4741 387 4809 ooo
400 4725 534 4798 capitium
558 4724 659 4806 vocabo
675 4763 682 4793 ,
705 4724 753 4782 aad
767 4727 883 4797 tertam,
898 4726 931 4785 tir
948 4728 1059 4829 nquid,
1078 4743 1111 4784 er
1124 4733 1243 4799 utroque
1259 4725 1413 4782 confusum.
1428 4725 1473 4783 Sic
1488 4723 1535 4782 lib.
1552 4723 1688 4785 eduorum
1709 4726 1790 4784 Pro·

154 4813 228 4854 nrmr
251 4813 293 4855 ma
306 4814 365 4867 argi
386 4811 525 4854 aenomen
538 4806 666 4854 excussit.
701 4811 741 4852 ro.
986 4817 1083 4859 rocam
1099 4801 1163 4855 llro.

136 4813 152 4854 e
231 4814 249 4871 g
367 4797 384 4852 ll
677 4796 700 4852 lt

173 4870 230 4939 (55)
243 4869 422 4949 Etclootrum
433 4868 500 4925 lieet
511 4881 548 4923 esc
561 4883 632 4951 coro
646 4872 675 4928 ct
685 4872 802 4951 orpeoto
811 4869 933 4952 [odero-
1021 4900 1058 4913 -α
1071 4869 1123 4928 Sed
1137 4870 1286 4950 electrum,
1307 4867 1420 4935 Plinius,
1440 4867 1490 4923 lib.
1505 4883 1600 4926 xxxru
1618 4869 1691 4927 Hire.
1719 4872 1789 4951 mot.

139 4945 212 5022 tom.
233 4940 348 4996 conflati
364 4947 505 5010 utriusque
519 4937 620 5021 metalla
633 4937 803 5021 confusione,
820 4940 932 5008 Plrurua,
991 4957 1022 4998 av
1039 4959 1069 4996 :u
1085 4939 1252 5022 timnrnoru
1266 4946 1333 4994 ruent
1355 4940 1789 5025 argentum:ubicunquequ1utn

136 5008 185 5132 qrb.
210 5024 251 5089 ra.
267 5010 302 5065 to
320 5009 405 5134 :d'Noe
418 5009 518 5065 babent
544 5008 715 5090 duumviro,
736 5016 866 5137 iuvafflue
885 5011 936 5093 in·
991 5019 1095 5085 argenti
1109 5020 1197 5083 portio
1212 5011 1533 5094 ostulectromvocatuq
1545 5010 1786 5094 Frtetcurteiec-

136 5093 378 5220 ,iblltlll
395 5080 938 5220 llltlbtlltll.litlalllu
991 5080 1341 5238 iutlltulllllr.
1354 5082 1469 5239 illu
1484 5090 1606 5238 lilim
1632 5091 1789 5236 ΨΜ

104 5227 404 5374 ,roveretum
425 5221 634 5373 oileum.
648 5233 678 5342 u
709 5221 938 5374 elucere:
991 5224 1464 5378 ..lllllutuuvluu
1484 5223 1789 5367 illumiret

135 5378 250 5437 cumque
273 5369 366 5435 quruta
388 5368 495 5434 argeutr
514 5370 603 5435 portio
617 5372 666 5434 cat,
681 5362 810 5428 electrum
834 5377 935 5422 vocari.
991 5367 1052 5450 quia
1074 5382 1179 5441 uspiam
1205 5368 1276 5424 aliua
1295 5367 1381 5449 (orbra
1407 5366 1526 5449 nempe),
1547 5367 1581 5424 ad
1603 5367 1742 5441 Heropaa,
1757 5375 1791 5426 ιιι

134 5435 198 5492 Rau.
989 5438 1095 5497 Salanus
1109 5454 1193 5511 penes
1201 5453 1282 5496 aurea
1295 5437 1376 5494 Hrdae
1389 5436 1498 5505 blatto,
1517 5453 1534 5494 a
1555 5446 1597 5497 tas
1611 5454 1679 5497 anne
1771 5467 1789 5484 ·

166 5507 296 5636 iffiJNoe
311 5508 464 5587 arpentum
483 5507 579 5564 mmm
595 5519 648 5588 poc
662 5504 935 5589 ouromoppoiiobo,
991 5510 1240 5594 diuribnalabulrap
1261 5527 1275 5562 a
1300 5515 1329 5567 ct
1350 5509 1424 5594 qnod
1448 5509 1531 5567 babet
1570 5511 1677 5568 animoa
1731 5509 1790 5597 riqa

136 5593 165 5659 ac
197 5581 347 5662 ecetram.
365 5575 470 5634 Etenim
489 5573 520 5632 iit
535 5590 640 5660 apamea
656 5591 720 5634 nom
742 5591 889 5662 corporis,
907 5583 939 5636 ut
990 5597 1073 5650 aeram
1092 5585 1128 5640 3⁰
1142 5584 1153 5654 (
1167 5581 1288 5664 ermom»
1304 5580 1652 5664 raouomturailpraldo
1674 5582 1709 5639 dc
1723 5582 1788 5643 liitt

137 5662 173 5704 art
190 5648 399 5718 Cmus,lrb.v11
416 5647 575 5722 mamma.
595 5664 653 5709 rer.
672 5648 807 5708 dom.th
830 5657 937 5706 tertuum
993 5655 1179 5727 denticulo
1206 5653 1327 5709 silenum
1349 5651 1457 5710 ebrium
1481 5653 1584 5726 laqueis
1606 5662 1634 5710 et
1672 5651 1788 5711 rincnlla
