3840 6134
152 253 205 315 899
498 247 721 313 lsllultllttl
740 247 875 312 tilloit
892 247 978 314 tlte
995 247 1030 308 ll.
1051 275 1087 291 -
1103 244 1219 309 stltlts
1235 249 1259 318 l,
1278 247 1450 310 rotsulct.
1751 254 1807 318 m

152 395 234 452 quum
261 379 294 432 in·
317 382 479 447 perpetuum
502 377 593 434 earnis
615 377 754 435 interitum
782 375 817 432 sd
831 390 952 433 resurre-
966 402 993 485 ι
1006 372 1208 445 comporstione
1234 373 1366 434 sootbulo
1395 376 1495 433 domos
1529 376 1568 435 ati
1582 393 1591 448 ;
1607 377 1661 451 ipsi
1701 379 1805 445 domus,

151 467 271 524 ctionem
298 463 488 536 expellendam
514 466 642 524 exteriori
660 463 761 521 bomini
783 464 949 522 adscribunt.
1006 479 1070 536 quus
1078 462 1301 535 dlssolrsturper
1326 465 1492 536 pumbnsn,
1525 465 1668 524 meliorem
1693 467 1807 526 doraum

151 553 196 609 Sic
210 551 310 609 etalibi
325 551 487 626 :Siquidem
499 553 537 609 eit
555 555 645 624 (hom.
659 556 733 625 vnn),
746 555 949 625 compotimur,
1004 550 1184 623 repromitenr
1204 565 1253 622 per
1275 552 1498 608 resurrectionem
1509 569 1518 621 ;
1531 569 1595 610 nom
1623 563 1651 611 et
1673 557 1808 612 Dominus

150 641 195 698 rtti
208 644 237 696 ct
252 639 498 713 conglorificemur
513 638 952 714 (commemorabimus
1003 641 1112 697 multos
1125 641 1297 706 marsicum,
1311 639 1391 713 qussi
1408 641 1518 708 domus,
1534 643 1607 713 apud
1625 643 1732 701 Patrem
1762 661 1807 701 re·

151 730 251 802 diprrcs
264 744 323 788 osse
347 731 490 803 passiones
504 731 591 803 hujus
610 731 744 805 temporis
759 730 797 787 od
820 732 951 802 mrum
1003 727 1137 799 promittit
1149 727 1242 799 (loco.
1270 728 1343 798 xiil:
1359 743 1524 802 quamquam
1538 738 1565 789 et
1579 730 1603 771 ³¹
1630 730 1666 788 ds
1691 732 1808 791 domici·

151 821 282 892 pterim,
304 835 368 892 pum
381 820 414 875 to
431 835 483 878 nos
498 819 582 879 hobel
596 821 725 879 revelari.
741 820 774 877 Bt
788 819 832 878 hio
844 821 950 877 minora
1004 818 1043 877 lio
1056 817 1152 875 mundi
1169 816 1228 889 (till
1242 824 1333 890 potest
1346 817 1471 891 intelligi,
1486 833 1541 891 quo
1555 818 1702 889 dissoluto,
1719 819 1809 882 858

150 909 269 966 ostendit
290 907 467 966 incommoda
502 909 623 983 premiis
644 910 716 971 suis.
727 910 821 976 Porro,
849 912 873 966 si
899 925 950 982 psr
1003 913 1105 964 eterna
1118 906 1200 964 sedes
1224 908 1425 979 repromittatur
1445 907 1474 963 iu
1489 908 1582 981 coelis3
1598 909 1663 980 quis
1690 920 1719 967 et
1745 928 1809 984 qua

148 1011 258 1055 curnem
285 999 475 1071 compotimur,
489 1000 568 1071 cnjus
591 1007 632 1057 est
654 998 765 1074 proprie
778 998 951 1070 passionibus
1002 1003 1168 1069 sequuntur,
1191 994 1225 1051 ed
1254 1009 1362 1053 caruem
1389 995 1535 1054 manifeste
1563 998 1737 1069 pertinentis,
1760 1014 1808 1058 os·

149 1089 297 1159 corrumpi,
324 1088 447 1158 eiusdem
475 1090 527 1145 erit
554 1096 582 1146 et
608 1088 680 1161 quod
694 1102 744 1160 pro
758 1088 950 1159 compassione
1002 1085 1116 1141 mudum
1145 1083 1239 1156 priore
1265 1085 1377 1143 omniuo
1398 1085 1424 1125 ³²
1442 1086 1476 1142 sd
1518 1101 1624 1144 curnem
1658 1088 1808 1160 pertinere·

149 1175 353 1248 repromittitur.
382 1177 470 1249 Atque
495 1178 565 1234 adeo
591 1177 664 1234 osrni
689 1175 816 1232 adscribit
836 1191 948 1248 pressu·
1002 1171 1169 1229 Divisionem
1183 1170 1256 1228 enim
1268 1169 1499 1243 iscithpostolus,
1509 1188 1574 1251 cum
1588 1173 1718 1244 subjicit:
1733 1178 1807 1234 Nom

146 1281 238 1322 rurum
251 1264 455 1339 proprietatem,
470 1272 539 1322 utet
557 1281 640 1337 snpra
653 1264 724 1322 dicat
737 1263 760 1301 ²³
773 1263 832 1336 (88)
847 1281 855 1320 r
879 1266 948 1323 Gom
1002 1261 1087 1319 ethoc
1095 1258 1455 1333 oemimru³³,domtottiom
1464 1263 1683 1336 nostrum‚quod
1694 1264 1730 1325 de
1739 1266 1807 1325 calo

149 1353 948 1422 venissemusoutemircllocedorrrhm,rtullomremissio·
1001 1349 1806 1425 ost,supotnduidostdorontesstpetdeminduor,nos

148 1459 216 1502 rtem
237 1442 336 1499 holuit
351 1458 416 1502 caro
431 1447 539 1500 nostro.
555 1441 667 1512 Dehinc,
682 1439 743 1497 ut¹⁴
757 1442 854 1499 enims
872 1442 948 1500 daret
1000 1440 1073 1497 sudi
1086 1441 1272 1497 inveniamur
1286 1460 1296 1510 ,·
1312 1438 1344 1495 id
1365 1449 1416 1510 est,
1444 1447 1507 1498 unte
1523 1441 1647 1500 volumus
1676 1443 1804 1516 superiu-

148 1532 384 1603 compassionem:
405 1533 439 1588 lc
465 1530 607 1600 omnibus,
636 1529 724 1602 inquit
750 1530 785 1602 (ll
811 1531 874 1588 Cor.
888 1533 946 1600 vul,
1001 1529 1086 1586 duero
1107 1529 1233 1586 virtutem
1260 1528 1400 1588 coelestem
1428 1529 1597 1599 eternitatis,
1616 1547 1700 1604 quam
1723 1547 1805 1590 csrne

148 1623 301 1694 compressi
314 1620 374 1694 (83)
385 1638 392 1679 :
403 1623 583 1679 minoretur
589 1635 703 1693 psorem,
715 1617 886 1675 debellantes
897 1618 949 1677 sci·
1001 1634 1141 1676 exuamur.
1156 1618 1246 1688 liujus
1258 1618 1331 1676 enim
1344 1619 1441 1692 gratim
1461 1619 1633 1696 priuilegium
1656 1622 1721 1680 illos
1743 1640 1803 1682 ma·

145 1708 209 1765 licet
217 1723 337 1777 curnem,
348 1711 520 1766 intrinsecus
530 1710 628 1780 timor,
637 1706 769 1762 sitliotaus
782 1706 885 1765 scilicet
893 1707 950 1763 eni-
963 1692 989 1775 B
1002 1715 1057 1779 net
1084 1707 1133 1780 qui
1154 1708 1191 1764 sb
1218 1707 1337 1766 russum
1365 1710 1475 1767 Domini
1508 1710 1746 1782 deprehendentur
1775 1713 1803 1771 in

146 1813 229 1856 maur.
243 1798 318 1853 Adeo
336 1796 386 1852 etsi
401 1799 580 1867 corrumpitur
599 1797 682 1852 bomo
697 1794 825 1863 exterior,
840 1811 895 1852 non
914 1803 945 1853 ut
999 1810 1079 1854 carno
1093 1796 1158 1867 (85),
1173 1803 1200 1853 et
1213 1803 1322 1868 propter
1349 1796 1466 1853 durities
1488 1805 1642 1869 temporum
1664 1799 1803 1858 Antichri-

146 1891 273 1946 amitteus
303 1888 537 1957 resurrectionem,
570 1885 620 1942 sed
647 1892 676 1942 ut
704 1883 839 1942 sustineus
861 1901 945 1943 rens·
1000 1884 1034 1942 sti
1049 1885 1235 1957 merebuntur,
1265 1886 1428 1956 compendio
1448 1887 1544 1946 mortis
1568 1903 1617 1960 per
1643 1888 1805 1948 demuutio·

145 1978 258 2047 tionem,
282 1976 420 2048 eorrumpi
448 1976 613 2049 intelligetur
621 1972 654 2036 ²³.
687 1976 723 2034 Et
744 1978 797 2032 hoc
816 1991 871 2034 non
886 1977 946 2034 sine
997 1989 1060 2031 nem
1083 1983 1244 2048 expunctus,
1273 1988 1434 2031 concurrere
1471 1990 1534 2032 cum
1574 1979 1800 2053 resurgentibus3

146 2067 284 2124 interiore.
313 2066 354 2124 ltu
372 2066 511 2122 amborum
546 2065 598 2122 erit
632 2065 714 2122 etiam
736 2064 943 2139 conglorificari,
997 2062 1067 2121 sicut
1089 2062 1377 2122 Thessalonicensibus
1400 2063 1492 2121 scribit
1516 2063 1539 2138 (Ι
1558 2064 1648 2125 Thess.
1675 2065 1802 2139 nv):lloc

146 2156 216 2215 sicut
228 2165 255 2213 et
268 2154 396 2228 computi.
412 2153 566 2211 Secundmn
586 2154 701 2229 collegia
721 2153 854 2226 ntorum,
877 2162 944 2213 con·
997 2152 1333 2222 errimdt'cirrtoruohr'sirr
1340 2168 1468 2212 sermore
1477 2153 1802 2231 Domint,prtotlrtosqoi

146 2245 230 2303 sortis
242 2243 323 2302 etiam
345 2242 371 2284 ²⁶
393 2242 540 2301 decurrant
562 2257 677 2303 neoeme
698 2253 740 2301 est
758 2243 944 2315 premiorum.
997 2242 1128 2309 uicimus,
1152 2243 1203 2316 pus·
1215 2258 1398 2300 remanemus
1407 2245 1441 2301 irs
1454 2242 1579 2302 mimos
1602 2244 1730 2313 Desisti,
1744 2260 1801 2305 tros

1017 2331 1201 2388 rorvcrrismus
1237 2331 1408 2389 suidorm'
1494 2371 1504 2389 .
1596 2333 1682 2390 iom'

447 2382 560 2447 CAPUT
574 2384 647 2445 m·
995 2332 1640 2497 guiuminjussezeqtvoceorgehitun'ptelmis
1654 2337 1800 2496 iffi&

180 2514 310 2572 Esmdem
331 2512 420 2569 sdhuo
446 2511 608 2568 sententiam
622 2511 789 2583 exsequitur,
814 2528 943 2571 remune-
997 2509 1186 2568 descendetis
1200 2511 1285 2577 roto,-
1307 2514 1338 2569 et
1350 2513 1459 2569 mortui
1472 2514 1505 2569 iro
1526 2511 1636 2572 cresto
1650 2519 1800 2587 retorperet

144 2605 262 2661 rationes
284 2600 472 2662 rambonibus
495 2599 653 2673 preferens.
673 2601 784 2659 sumus
798 2603 886 2674 enim,
901 2603 942 2659 iu·
996 2600 1105 2672 primi:
1121 2598 1284 2656 dchiocrm
1303 2614 1369 2657 cum
1384 2602 1455 2674 ipsis
1468 2602 1557 2658 simul
1567 2600 1592 2641 ³⁶
1609 2605 1759 2677 rapiemur
1771 2605 1801 2659 io

142 2694 200 2768 quit
213 2694 248 2765 (ll
265 2693 380 2762 Gor.r),
392 2692 536 2764 proniores,
549 2692 722 2750 etritsrrerro
734 2690 943 2752 comessorem
996 2687 1118 2744 nubilus
1139 2686 1248 2744 obuiam
1269 2689 1388 2747 Domino
1405 2687 1428 2728 ²²
1452 2692 1483 2747 iro
1498 2706 1576 2758 uero,
1592 2695 1622 2750 ct
1634 2693 1680 2750 ito
1688 2707 1799 2768 semper

143 2781 229 2856 liujus
243 2783 265 2821 Π
277 2780 455 2840 tormenti
473 2780 652 2853 dhsobstur,
677 2779 811 2841 bohemus
828 2781 944 2841 domm
997 2793 1063 2836 ortrrt
1075 2776 1193 2839 domito
1207 2777 1325 2863 nimus.

140 2872 424 2943 nonmmrusoctom,
452 2870 592 2926 oetcrrrom
610 2869 643 2924 irr
665 2870 760 2938 colu,-
775 2868 805 2925 id
828 2878 877 2937 est,
895 2887 943 2944 per
1326 2868 1328 2873 ’

140 2962 193 3017 boc
206 2961 282 3031 quod
295 2957 457 3014 dissolvetur
466 2972 529 3041 earo
538 2966 630 3013 nostra
639 2972 687 3030 per
700 2958 843 3030 passiones
854 2959 944 3027 ²⁸,do·
958 2986 981 3070 g

1292 2919 1407 2979 CAPUT
1421 2920 1507 2984 xtn.

140 3047 270 3106 micilium
297 3045 469 3103 comeouturi
496 3059 591 3103 sumus
622 3046 650 3101 in
678 3045 764 3104 eoelis.
784 3047 943 3106 llemiuerat
1032 3047 1132 3104 llorum
1155 3046 1369 3105 demutationem
1388 3049 1423 3104 ad
1442 3047 1638 3118 Corinthiosll
1663 3050 1726 3110 Cor.
1749 3052 1800 3123 xv)

140 3136 304 3212 evangelice
330 3133 494 3192 delinitionis
519 3135 545 3175 ²⁹
577 3134 691 3207 (hatti.
720 3136 747 3207 vl
765 3152 773 3191 :
793 3138 874 3194 Beati
899 3148 948 3211 pso·
1002 3132 1130 3190 reodit³⁸
1148 3134 1266 3192 dicens:
1284 3134 1385 3191 Omnes
1404 3134 1799 3209 primorempriniorem

136 3228 364 3304 persecutionem
385 3226 544 3301 ponuntur
559 3231 679 3300 propter
691 3228 861 3300 justitiam,
878 3228 947 3300 puio
1000 3228 1099 3280 cotem
1107 3238 1204 3282 omres
1212 3223 1434 3291 demutabimur,
1441 3224 1626 3298 materno-irs
1642 3231 1801 3286 sumto·

141 3321 261 3378 illorum
288 3320 331 3377 sst
355 3331 475 3389 morum
497 3318 642 3376 comtum.
658 3318 718 3373 Nou
737 3324 827 3373 tomen
854 3316 945 3374 curuis
998 3327 1050 3371 roco
1069 3316 1152 3370 moto
1168 3315 1254 3385 ecch,
1278 3316 1310 3371 irs
1330 3315 1486 3372 nouissimo
1501 3314 1586 3388 tobo3
1602 3315 1703 3373 sedilli
1722 3316 1798 3375 seili-

141 3408 340 3468 restitutiouem
364 3405 487 3480 negarit,
507 3405 532 3461 si
546 3405 797 3477 compensationem
810 3404 945 3462 mercedis
996 3400 1113 3471 retroit,
1146 3402 1194 3474 qui
1220 3401 1389 3460 invenientur
1402 3403 1431 3458 in
1446 3419 1537 3461 carne.
1552 3406 1588 3461 nt
1606 3407 1726 3475 rwriut',
1755 3406 1798 3463 ln·

143 3497 271 3570 opposuit
285 3514 293 3564 3
309 3511 372 3554 oum
388 3496 439 3566 ipsi
463 3492 648 3565 compensatio
665 3492 804 3560 debeatur,
819 3492 863 3550 oui
883 3491 942 3548 dis-
996 3490 1064 3563 quit,
1079 3496 1229 3564 resurgeret
1238 3493 1338 3566 primi,
1349 3498 1376 3552 et
1389 3491 1415 3531 ³⁹
1427 3509 1479 3552 tros
1500 3493 1725 3554 demutabimur.
1739 3497 1797 3555 ileo

143 3586 243 3643 solutio
255 3586 402 3658 deputetur
415 3583 450 3649 ³⁰,
465 3582 566 3640 scilicet
579 3583 664 3642 osmi.
679 3583 732 3639 Sed
748 3583 811 3656 quio
828 3589 941 3640 domum
994 3596 1062 3654 ergo
1080 3581 1154 3654 prius
1175 3581 1351 3655 dispositione
1368 3583 1394 3624 ⁴⁰
1407 3593 1561 3657 prospecta,
1582 3584 1688 3658 relique
1714 3601 1798 3644 rero·

142 3673 248 3730 dixerat
272 3687 394 3740 carnem,
416 3671 554 3743 eleganter
585 3671 670 3730 voluit
697 3681 725 3727 et
750 3669 779 3726 in
803 3670 937 3728 mercedis
989 3670 1063 3728 cabis
1084 3672 1120 3728 od
1143 3671 1312 3743 superiorem
1338 3689 1460 3733 sensum.
1488 3677 1556 3734 Nam
1582 3692 1644 3735 cum
1667 3677 1765 3750 adjicit
1786 3693 1796 3734 r

833 3804 929 3872 Verioe
948 3811 1105 3895 lectiones.

175 3929 277 3987 ²²llioit
287 3929 471 3989 Rhemseml.
486 3929 511 3970 ²²
525 3930 558 3987 ill
571 3931 635 3988 odd.
647 3930 736 3989 libero.
746 3931 832 3990 Semi.
844 3931 870 3972 ²⁵
881 3931 1081 4008 intelligeretur
1091 3933 1273 3994 illico-Semi.
1290 3936 1315 3976 ²⁶
1329 3937 1442 4010 Quoque
1456 3937 1544 3997 iton.
1561 3940 1645 3997 Semi.
1661 3938 1685 3979 ²²
1700 3938 1793 3998 Nostri

70 4025 75 4032 ·
141 4001 230 4060 iiten
244 4003 329 4060 Semi.
345 4002 371 4039 ²⁸
389 4002 468 4072 Quod
478 4002 544 4061 odd.
563 4003 652 4061 libero.
666 4002 691 4042 ²⁹
706 4001 878 4060 Diiiinitionis
897 4005 986 4063 liltore.
1000 4003 1085 4064 Ssml.
1100 4005 1125 4044 ³⁰
1138 4007 1289 4078 Reputatur
1299 4008 1386 4066 llhcrt.
1404 4011 1519 4068 Seml.³¹
1537 4011 1594 4069 Neo
1611 4012 1672 4086 ltro.
1696 4011 1793 4069 Vsn.²²

140 4075 201 4133 Nou
211 4075 299 4134 thc.
320 4074 406 4132 Semi.
425 4075 506 4131 Porro.
526 4073 551 4114 ³³
564 4074 595 4130 ln
609 4075 661 4132 boo
675 4075 702 4132 in
768 4075 877 4132 holmus
903 4078 983 4136 Pom.
998 4079 1084 4134 dhon.
1101 4077 1126 4117 ³⁴
1139 4076 1218 4133 Eruli
1233 4079 1318 4137 Senti.
1334 4078 1360 4116 ³⁵
1373 4083 1469 4156 Angeli
1482 4082 1571 4141 stro.
1592 4083 1679 4141 Semi.
1701 4081 1727 4123 ²⁸
1750 4082 1792 4140 Si·

138 4147 198 4275 ffiull
213 4147 290 4230 obest
304 4162 323 4202 o
325 4145 527 4276 1{lhlzcrtsg‘errlth
542 4144 566 4186 ³²
581 4146 687 4205 Christo
724 4149 790 4207 bort.
805 4148 891 4207 Semi.
906 4147 932 4188 ²⁸
949 4146 1031 4207 Dedit
1045 4151 1127 4208 Pom.
1147 4151 1234 4208 Fron.
1251 4150 1278 4192 ²²
1297 4153 1390 4223 lumi,
1405 4160 1433 4210 et
1447 4169 1506 4213 sorr
1519 4154 1582 4214 hob.
1598 4153 1687 4214 libor.
1703 4155 1790 4215 Semi.

200 4230 316 4276 osrtrone
383 4235 413 4275 rr.
458 4234 510 4275 m.
1471 4230 1475 4238 '

838 4337 1088 4405 Commentarius.

165 4463 230 4543 ,(88)
257 4461 462 4537 compotimur,
489 4463 536 4521 cti
562 4465 592 4523 ct
618 4461 874 4545 conglorificemur.
888 4463 978 4556 Ηίοῃ
1030 4462 1088 4536 (et)
1107 4462 1323 4539 Quompucmci
1340 4464 1373 4523 dc
1386 4464 1530 4526 domicilio
1543 4467 1719 4539 mordi,eto.
1730 4468 1787 4527 llu-

137 4541 217 4590 ehsm
231 4536 358 4591 transfert
373 4538 479 4607 proprie
488 4551 570 4593 voces
579 4535 687 4591 Graecus
700 4531 778 4602 sisso,
787 4535 937 4608 siquidem,
992 4549 1103 4591 manum
1114 4550 1212 4607 corpus
1226 4539 1331 4592 duobus
1345 4539 1511 4611 metaphoris
1539 4540 1685 4616 significet,
1701 4541 1788 4599 domi-

136 4619 169 4661 sc
190 4600 404 4680 συνδοξασθῶμεν,
419 4607 675 4680 conglorificemur.
705 4605 773 4661 ltem
799 4605 938 4680 teinpus,
993 4605 1047 4661 ciiii
1066 4617 1093 4662 et
1107 4605 1267 4674 indumenti,
1284 4607 1414 4665 domicilii
1432 4611 1461 4666 in
1484 4614 1534 4668 hac
1560 4612 1626 4681 rito,
1650 4620 1677 4668 et
1706 4612 1787 4668 indu·

135 4680 245 4750 reputo.
257 4676 387 4751 Compati
399 4689 491 4735 autem
504 4677 644 4750 accipitur,
660 4692 710 4748 pro
728 4677 808 4732 simul
822 4690 895 4750 patr,
910 4682 938 4735 et
991 4679 1074 4734 menti
1084 4677 1219 4751 gloriosis
1232 4682 1326 4736 ultera.
1341 4682 1444 4738 Seneca
1457 4683 1517 4754 ipse
1529 4684 1659 4763 profanus
1686 4691 1786 4740 utrum·

135 4749 250 4819 proinde
279 4750 362 4807 etium
376 4750 417 4807 sic
444 4749 629 4824 intelligendu,
658 4764 740 4822 quam
768 4763 831 4807 mon
855 4749 938 4806 babet
989 4765 1045 4822 qus
1071 4763 1221 4820 agnoscere
1234 4750 1351 4819 ridetur,
1366 4753 1483 4826 primam
1498 4766 1577 4826 epist.
1593 4755 1657 4823 lto,
1677 4754 1787 4812 alterum

133 4821 236 4878 ductor
251 4835 314 4890 vor,
329 4825 495 4894 compassio.
509 4822 579 4879 Peru.
989 4819 1070 4893 epist.
1091 4822 1136 4877 st.
1149 4821 1187 4876 bs
1205 4823 1251 4876 Pu.

168 4892 227 4964 (82)
244 4894 314 4951 otor
335 4909 425 5020 segra
440 4893 518 4949 dicct
527 4894 636 4975 (nempe
650 4891 760 4975 Paulus)
781 4890 871 4975 :Gom
884 4909 935 4975 ¹oe·
1026 4893 1083 4964 (te)
1092 4892 1343 4976 Deprehendcrotcr
1356 4896 1388 4952 irs
1402 4895 1555 4956 corre-llic
1566 4895 1686 4969 loquitur
1701 4896 1787 4954 dead-

131 4964 281 5031 nutemus,
296 4973 349 5021 eto.
389 4974 465 5022 uctor
478 4980 529 5037 per
551 4963 619 5022 rllud
642 4980 730 5039 supro
748 4964 934 5038 intelligitus·
988 4974 1070 5020 rentu
1081 4964 1327 5035 secundollomrni,
1336 4969 1424 5040 inquo
1431 4972 1513 5039 judex
1523 4968 1786 5044 omniumespeudet

131 5048 193 5089 rum
220 5035 307 5105 Epist.
330 5035 356 5091 ll
379 5035 412 5091 ud
435 5036 558 5094 Corinth.
591 5036 626 5092 de
650 5042 730 5107 euius
761 5036 934 5108 potissimum
988 5042 1016 5091 et
1028 5034 1145 5093 excutiet
1159 5033 1258 5093 dilicta.
1274 5037 1327 5108 Qui
1345 5039 1581 5112 deprehendentur
1589 5040 1616 5095 iu
1626 5055 1722 5107 cerne,
1737 5040 1787 5097 boo

129 5103 199 5164 locis
212 5105 265 5162 boc
278 5120 311 5162 cu
331 5146 339 5162 .
359 5113 473 5178 tractst;
493 5123 557 5164 nsrn
580 5107 714 5180 reperitur
728 5108 786 5165 haec
799 5109 853 5165 scri
874 5115 934 5165 turo
986 5113 1029 5163 est
1043 5106 1166 5164 visentes
1177 5109 1272 5165 eedem
1281 5126 1344 5167 cum
1355 5126 1437 5168 cerne
1450 5127 1544 5169 coram
1558 5111 1677 5170 Domino
1690 5111 1787 5171 sistem

128 5174 153 5231 ll
166 5176 297 5262 Corinth..
310 5122 369 5260 filei
384 5179 468 5261 ,lorte
482 5180 557 5237 metit
565 5179 627 5252 quis
642 5196 702 5235 eum
718 5179 798 5253 sequi
809 5126 932 5261 ominem
987 5191 1036 5249 ως
1052 5179 1099 5250 qui
1116 5178 1145 5261 iu
1160 5194 1242 5264 carne
1254 5196 1311 5238 non
1321 5181 1566 5262 deprehendentur,
1581 5198 1694 5240 caruem
1707 5199 1786 5242 essu·

128 5249 276 5307 Marcionis
290 5266 318 5306 ru
329 5251 406 5309 lrbrrs
420 5252 481 5311 eds.
496 5254 624 5309 eumdem
636 5251 820 5318 obseruatum,
831 5264 933 5322 qutppe
985 5253 1310 5322 ment:er1ten1m1udea
1323 5269 1445 5311 rusorum
1460 5259 1488 5312 et
1498 5266 1679 5313 mortuorum.
1696 5255 1727 5312 ld
1741 5270 1787 5312 ex·

129 5322 177 5394 qui
191 5321 342 5394 Epistulam
370 5322 405 5379 ad
424 5324 573 5390 llontsnos,
589 5339 623 5378 ex
635 5321 855 5394 quaimmediste
867 5328 931 5378 ente
985 5322 1060 5391 pouit
1074 5330 1171 5396 quest.
1194 5326 1256 5391 lot,
1285 5325 1317 5381 li.
1338 5325 1463 5383 lustinus
1477 5345 1484 5382 ι
1499 5328 1534 5382 Οὐ
1554 5327 1640 5388 πάντες
1658 5327 1788 5398 κοψθησὸ·

130 5392 312 5452 testimouium
337 5399 510 5468 proditioni,
549 5400 694 5468 postponat
728 5391 860 5464 Epistolis
895 5393 930 5450 ad
982 5394 1053 5462 ptis.
1069 5389 1204 5465 [prrsioirs
1218 5397 1310 5459 ζῶντας
1329 5394 1374 5470 μὲν
1388 5399 1441 5461 τοὺς
1455 5400 1509 5452 ro'rs
1525 5401 1636 5469 ζῶντας,
1651 5399 1749 5471 stapris
1762 5397 1789 5453 ht

128 5461 293 5525 Corinthios,
307 5467 378 5529 Pu,
982 5465 1040 5526 roho
1049 5463 1219 5542 ἀνιστσμίνους
1229 5465 1312 5523 irriso
1322 5472 1485 5544 resposNort
1494 5469 1787 5541 omnimembrorum,

165 5539 210 5609 83)
231 5540 416 5609 incessitur,
430 5538 535 5665 textili,
550 5535 712 5610 compressi.
726 5534 815 5594 Etiam
829 5536 881 5596 boc
893 5537 927 5599 ed
976 5534 1119 5610 iudicabit
1140 5541 1237 5616 itaque
1253 5541 1379 5601 chortes
1398 5543 1447 5618 poi
1460 5545 1530 5600 tunc
1544 5543 1642 5610 crunt,
1658 5546 1788 5605 mortuos

131 5612 243 5670 terbum
259 5629 292 5669 ex
316 5611 414 5670 Graeco
537 5607 562 5665 lt
590 5609 663 5666 norst
689 5608 835 5684 tttiipssot.
853 5609 926 5672 Plrr.
980 5622 1046 5673 vero
1059 5613 1125 5687 ocio
1139 5611 1261 5674 mortuis
1270 5617 1505 5674 resurrexerunt.
1519 5613 1558 5672 hs
1572 5612 1621 5672 Pu.
