3840 6134
74 260 128 325 tet
749 257 849 324 bittit
867 256 910 323 llll
928 256 1043 323 ttttte.
1669 262 1734 325 758*

73 386 111 460 di,
128 382 249 460 tingendi
263 392 415 460 paraturam
430 385 520 462 aliqua
534 387 628 462 utiqim
641 395 760 462 potestm
772 387 871 448 diuinae
888 403 913 484 Α
927 385 1068 462 Legitima
1080 383 1206 445 nativitas
1234 385 1319 446 ternae
1342 389 1440 448 decimi
1458 392 1559 451 mensis
1581 390 1724 466 ingressus

74 476 225 535 voluntatis
239 475 362 533 ministra
376 476 528 535 modulatur
551 478 621 550 (ιι),
646 493 816 552 quacumque
828 476 874 535 illa
929 474 1123 549 antistitii
1141 491 1272 535 numeros
1295 477 1494 550 ratiocinantur,
1520 488 1548 538 et
1561 481 1725 540 decurialem

76 565 211 625 rationem
238 566 340 638 agitare
371 566 476 623 sortita.
505 567 567 627 llaec
595 567 764 636 aestimendc,
794 567 876 625 etiam
929 582 1070 623 numerum
1095 568 1150 637 (50)
1172 574 1204 625 ut
1232 567 1330 625 exinde
1356 567 1523 640 reliquorum
1546 579 1684 643 parentem
1712 571 1725 611 ³

77 656 237 730 superstitio
263 655 385 712 Romana
412 655 491 714 deam
517 656 593 714 finnt
621 657 780 714 Alemonam
807 656 876 728 (Ab),
930 657 1041 728 colunt,
1069 656 1185 730 deniqne
1211 657 1389 728 perfectorem
1416 657 1562 717 nativitatis
1589 662 1723 718 humana.

77 746 170 803 alendi
196 746 225 802 in
251 751 330 803 utero
353 745 441 815 letus3
471 755 497 804 et
514 747 619 804 Nonam
642 756 669 806 et
691 747 842 817 Decimam,
861 763 878 804 a
929 747 990 820 Ego
1004 747 1036 802 ad
1055 749 1141 806 Deum
1156 747 1248 820 potius
1269 747 1477 820 argumentabor
1496 746 1553 819 (51)
1574 748 1647 806 huuc
1665 764 1725 808 mc·

78 833 284 892 sollicitioribus
297 833 453 904 mensibus;
471 843 499 891 et
521 835 667 907 Partulam,
689 853 750 909 quor
772 844 878 908 parturn
931 835 995 891 dum
1022 836 1159 907 temporis,
1184 843 1214 893 iit
1228 837 1321 894 decem
1343 852 1451 893 menses
1477 835 1613 911 Dccnlcgo
1642 838 1728 911 magis

78 923 233 999 gubernet;
264 929 292 980 et
314 922 453 991 Lucinam,
481 939 542 998 quae
570 926 703 997 producat
727 925 756 985 in
779 926 876 983 lucem.
931 923 1095 998 inaugurent
1121 926 1272 994 hominem,
1299 935 1327 980 ut
1354 931 1429 981 tanto
1454 925 1582 996 temporis
1613 939 1727 983 numero

78 1014 134 1072 llos
156 1010 247 1071 cilicia
268 1010 358 1070 divina
382 1011 493 1086 angelos
513 1012 659 1072 eredimus.
684 1014 722 1073 Ex
746 1030 780 1073 eo
794 1015 879 1090 igitur
931 1029 1091 1082 nascamur,
1114 1024 1214 1088 quanto
1238 1014 1386 1087 disciplinae
1412 1027 1526 1071 numero
1553 1014 1727 1071 renascimur.

81 1099 154 1159 letias
171 1099 199 1157 in
220 1109 297 1159 utero
317 1101 410 1173 homo,
432 1099 516 1160 m
531 1118 547 1159 a
560 1117 616 1176 qno
639 1103 726 1160 torma
747 1104 881 1178 completo
932 1102 985 1159 Sed
1008 1112 1114 1160 etcum
1143 1105 1256 1176 septimo
1280 1119 1374 1161 mense
1397 1103 1455 1175 (32)
1478 1103 1606 1161 nativitas
1620 1104 1633 1144 ⁴
1648 1105 1729 1176 plena

80 1197 131 1248 ast.
145 1188 216 1246 Nam
230 1195 258 1246 et
275 1189 377 1261 hloysis
391 1188 435 1248 les
447 1190 548 1261 (exod.
568 1206 631 1258 iiiii,
659 1194 705 1263 at)
718 1201 781 1251 tuuc.
796 1193 880 1251 abor·
934 1199 984 1260 eat,
1003 1190 1085 1250 ⁷15
1104 1191 1210 1250 lucilius
1233 1208 1315 1267 quam
1337 1201 1443 1258 octavo,
1465 1192 1596 1250 honorem
1618 1193 1730 1251 Sabbati

80 1294 128 1337 aiis
143 1278 153 1320 ¹
170 1293 247 1336 reum
262 1277 408 1336 talionibus
425 1279 531 1350 iudicat
544 1280 613 1354 (id),
637 1297 698 1338 cum
716 1284 772 1353 jam
787 1281 880 1341 homi·
934 1295 1092 1355 agnoscam,
1108 1289 1139 1338 ιιι
1154 1298 1209 1354 quo
1223 1283 1235 1322 ⁵
1249 1282 1292 1340 die
1313 1282 1437 1340 dedicata
1449 1290 1491 1339 est
1503 1282 1517 1324 ⁶
1530 1282 1579 1339 Dei
1598 1283 1728 1350 conditio,

80 1368 123 1425 nis
135 1375 178 1428 ast
191 1383 273 1426 causa
290 1368 357 1441 tii),
372 1384 433 1425 cum
455 1369 511 1440 iam
533 1369 571 1427 illi
586 1372 648 1429 vitae
663 1379 690 1429 et
712 1372 808 1430 mortis
822 1379 881 1429 sta·
935 1370 1101 1428 colinense
1123 1369 1259 1427 interdurn
1283 1370 1445 1444 producatur
1466 1369 1517 1429 Dei
1540 1371 1640 1442 imago.
1655 1372 1731 1431 Cori·

82 1465 127 1514 tos
148 1456 304 1529 deputatur,
333 1472 397 1514 cnm
419 1466 448 1516 et
474 1458 530 1516 lato
554 1459 610 1530 iam
638 1459 804 1528 inscribitur,
829 1459 881 1517 etsi
934 1474 1041 1517 cessum
1063 1467 1104 1516 est
1122 1473 1267 1530 properare
1289 1457 1431 1526 nahaitati,
1446 1468 1474 1517 et
1492 1466 1547 1516 tam
1566 1458 1661 1516 idonee
1684 1476 1732 1518 oc·

82 1542 171 1600 adhuc
185 1543 198 1583 ²
214 1542 244 1600 in
261 1549 348 1600 matrs
375 1541 511 1612 macodo,
537 1559 598 1602 cum
620 1553 708 1603 matre
732 1546 881 1620 plurimum
934 1561 1043 1604 currere
1067 1545 1095 1602 iii
1120 1545 1332 1616 hebdomadem,
1353 1546 1382 1603 in
1404 1545 1524 1619 auspicia
1550 1547 1730 1605 resurrectio·

83 1631 376 1691 communicationem
390 1632 461 1704 (lt).
483 1632 576 1691 Dicam
595 1635 697 1708 aliquid
718 1643 745 1693 et
759 1637 792 1693 de
809 1643 881 1692 tem·
935 1635 988 1702 nis,
1011 1640 1040 1691 et
1061 1633 1189 1706 requietis
1214 1640 1242 1690 et
1267 1634 1355 1708 regni.
1384 1634 1449 1691 ldco
1476 1637 1579 1708 ogdoas
1596 1649 1648 1692 nos
1674 1650 1731 1693 ucri

84 1720 198 1793 poribus
223 1720 319 1777 animae
347 1722 494 1792 nascentis,
510 1730 539 1779 ut
565 1725 689 1782 ordinem
716 1727 878 1785 decurram.
896 1710 919 1788 Β
934 1729 1008 1784 creat
1027 1723 1104 1797 (35):
1126 1729 1189 1780 tunc
1211 1723 1284 1780 enini
1305 1723 1406 1797 nuptiae
1429 1737 1485 1781 non
1504 1731 1591 1782 erunt.
1614 1724 1732 1782 Societa-

766 1824 863 1887 Varias
885 1828 1040 1888 lectiones.

125 1894 270 1953 ¹0bnrsus
292 1899 406 1956 From²
427 1898 462 1954 Et
484 1899 524 1955 sic
547 1900 634 1958 adbuc
660 1919 732 1959 cum.
758 1905 824 1962 lum.
850 1904 1020 1961 lParentum
1041 1903 1123 1960 Pam.
1153 1901 1243 1961 libert.
1268 1901 1354 1961 Scml.
1377 1898 1551 1958 ⁴Natiritatis
1574 1903 1634 1973 sip.
1666 1904 1731 1960 Vera.

88 1964 204 2036 ⁸Quoto
217 1970 299 2026 Fron.
323 1967 394 2026 ⁶Est
408 1972 504 2029 omitt.
521 1972 606 2030 Scml.
623 1973 711 2030 ἸΤοιο
726 1977 814 2034 From.

782 2046 1030 2112 Commentarius.

118 2143 400 2222 (simoniacaque
420 2153 525 2208 otestos
541 2150 645 2208 divinoe
658 2153 817 2210 volontatis
827 2153 880 2209 mi·
933 2155 1040 2211 rimcm
1054 2152 1247 2211 communicat
1256 2153 1372 2212 sortem.
1383 2150 1440 2209 Hoc
1453 2152 1535 2208 babet
1544 2166 1577 2207 er
1592 2149 1735 2222 disciplina

84 2216 369 2300 omtromodialotair.
390 2165 456 2290 (guae
475 2222 580 2277 sitheec
595 2231 712 2294 potestas
727 2224 807 2294 panto
822 2231 886 2294 post
932 2226 1015 2290 luris,
1030 2239 1092 2299 quie
1106 2229 1368 2308 partum,antequam
1382 2223 1487 2289 edatur,
1498 2222 1616 2280 mulieris
1630 2224 1734 2293 portio·
1825 2255 1833 2260 -

84 2286 210 2358 explicat,
226 2303 286 2344 cum
302 2290 379 2347 dicit:
392 2292 445 2349 Nos
454 2293 549 2362 officio
562 2292 659 2351 dicimo
671 2294 709 2363 (id
723 2303 777 2366 est,
789 2295 881 2367 phrasi
934 2311 993 2352 nem
1014 2309 1075 2352 esse
1089 2295 1176 2352 aitael
1189 2294 1334 2351 viscerum.
1349 2292 1368 2350 l.
1384 2309 1413 2348 i:
1434 2296 1470 2352 lte
1480 2295 1583 2367 inspic.
1599 2293 1732 2351 corallis.

83 2358 352 2432 jureconsultorum,
381 2362 519 2419 ministros
549 2364 617 2435 Dei)
645 2367 756 2438 angelos
785 2366 880 2423 credi·
942 2379 944 2383 ·
968 2364 1027 2437 (lb)
1041 2367 1178 2439 Legitima
1190 2367 1327 2423 nativitas
1341 2366 1432 2436 sermo
1445 2366 1547 2423 decimi
1564 2367 1670 2423 mensis
1688 2367 1734 2421 ira·

84 2446 167 2490 mus.
195 2431 269 2487 Facit
295 2431 384 2503 itaque
413 2436 489 2490 locus
517 2435 567 2493 iste
595 2436 627 2491 ad
652 2437 881 2494 confirmationem
953 2453 1043 2496 rossam
1062 2441 1116 2496 est.
1132 2436 1189 2492 Etsi
1203 2452 1292 2492 nonus
1313 2437 1415 2492 mensis
1438 2437 1519 2494 hodie
1536 2437 1668 2509 partubus
1685 2435 1736 2491 tri·

84 2501 220 2583 dogmatis
243 2503 367 2584 catholici
389 2504 423 2561 de
448 2506 552 2579 angelis
576 2506 756 2577 peculiaribus
779 2507 882 2565 homini
934 2456 1041 2575 gastun,
1063 2508 1131 2563 illud
1143 2511 1233 2564 tamen
1251 2507 1391 2564 consentit
1405 2522 1466 2563 cum
1488 2517 1613 2563 ueterum
1633 2506 1736 2577 regulis

84 2587 182 2654 cuique
195 2574 341 2655 deputatis,
356 2575 391 2630 de
414 2575 514 2701 auibus
535 2584 577 2633 est
596 2576 705 2653 elegans
727 2580 757 2635 B.
783 2579 881 2636 lliero·
934 2581 980 2651 qui
1004 2579 1139 2635 decimum
1160 2593 1278 2635 mensem
1292 2579 1454 2633 statuebant.
1477 2577 1622 2635 Turnebus
1640 2583 1736 2634 noster

84 2659 158 2714 nymi
173 2653 308 2700 sententia
322 2645 349 2700 in
363 2645 412 2702 illu
454 2647 552 2705 llattli.
568 2664 657 2707 iiiiii:
672 2651 770 2722 Ampcli
784 2666 882 2707 eorum
938 2648 1004 2706 illud
1027 2650 1088 2707 ideo
1117 2648 1176 2704 ficri
1203 2650 1250 2715 ait,
1277 2649 1340 2719 (iiiia
1361 2649 1498 2706 breviores
1517 2658 1594 2706 erant
1612 2656 1734 2705 veterum

85 2713 307 2787 sempcrcidcrat
320 2720 422 2788 facicm
443 2719 536 2776 Patris
550 2721 626 2777 mci:
640 2742 652 2773 a
668 2723 772 2792 blegne,
787 2721 882 2792 inquit,
936 2735 1055 2789 menses,
1075 2726 1169 2791 utpote
1192 2720 1312 2788 lunares,
1336 2719 1420 2776 ιιοιιιί
1441 2733 1514 2794 ιοιο4
1532 2721 1566 2774 ad
1589 2720 1655 2775 solis
1675 2734 1763 2795 mog

84 2786 203 2859 dignitas
225 2787 386 2859 animarum,
411 2798 441 2845 ut
463 2806 630 2862 unaquaeque
649 2793 748 2848 babeat
765 2793 799 2847 ab
821 2801 882 2849 ortu
937 2800 995 2847 tuni
1022 2789 1213 2847 accommddati
1242 2798 1325 2860 sunt,
1347 2798 1461 2860 suntque
1488 2791 1557 2845 adeo
1587 2789 1733 2861 longiores.

86 2857 233 2912 nenvitatis
251 2857 279 2912 in
303 2859 454 2916 custodiam
475 2861 518 2915 sui
537 2862 661 2934 angelum
686 2863 880 2933 deputatum·
938 2861 1020 2932 Apud
1034 2861 1236 2932 jureconsultcs
1258 2859 1355 2916 decimi
1370 2860 1468 2914 mensis
1490 2868 1585 2929 partus
1599 2860 1736 2932 legitimus

87 2928 127 2981 De
141 2927 235 2984 iisdem
250 2939 337 2985 exstat
350 2940 447 3001 quaest.
464 2935 497 2987 30
508 2935 580 3005 apud
595 2933 692 2989 lustin.
708 2945 819 3004 martyr.
836 2934 882 2987 lib.
900 2914 1058 2993 Gliabetnr.
1083 2933 1173 2987 Potest
1196 2930 1277 2986 etiam
1302 2933 1389 2986 haeres
1411 2929 1514 2986 institui
1530 2945 1615 3001 nepos
1633 2945 1667 2985 eri
1680 2930 1736 2984 tilio

91 2999 197 3068 Qnoen.
213 3003 239 3056 ct
251 3016 325 3072 resp.
338 3021 348 3068 ,·
363 3012 389 3056 et
404 3002 518 3084 idipsum
534 3003 677 3060 adfirmant
699 3004 882 3059 hisillarius
941 3012 1060 3067 mortuo,
1076 3003 1121 3083 tal
1136 3001 1235 3070 neptia,
1250 3002 1331 3057 modo
1346 3000 1452 3057 decimo
1467 3017 1558 3057 mense
1577 3008 1703 3057 nascatur
1721 3017 1737 3054 a

87 3072 118 3125 ira
144 3069 219 3127 Psoi.
249 3086 365 3139 cxxxiii,
390 3073 506 3129 basilius
532 3075 564 3131 ira
579 3075 655 3131 Psoi.
684 3090 773 3132 xcviii
790 3073 884 3130 etali-
937 3083 1025 3129 morte
1039 3079 1123 3144 patris
1137 3087 1170 3129 sii
1184 3071 1205 3126 l.
1229 3072 1380 3129 Gcllnsdi.
1397 3074 1427 3128 b.
1444 3070 1477 3130 dc
1493 3072 1598 3140 liberis,
1613 3075 1657 3130 ccl
1671 3073 1736 3128 Poe·

86 3139 125 3206 bi,
150 3140 319 3212 Augustinus
342 3142 370 3198 in
386 3145 499 3217 Soliloq.
523 3162 548 3202 c.
572 3149 618 3202 tt.
642 3146 745 3202 Eodem
766 3146 886 3215 pertinet
939 3145 1047 3201 thomis
1060 3143 1163 3201 lioered.
1181 3145 1252 3199 icat.
1266 3143 1286 3200 i.
1302 3142 1358 3200 itit.
1378 3143 1407 3201 G.
1423 3144 1579 3215 depastum.
1603 3144 1668 3199 Post
1690 3142 1737 3198 de·

106 3210 171 3279 nod,
186 3211 256 3267 inter
282 3227 365 3282 opera
385 3216 416 3269 lt.
440 3215 575 3287 Cypriani,
602 3216 719 3289 Prolcgo
738 3216 829 3286 operis
852 3217 886 3273 dc
938 3231 997 3272 cern
1020 3229 1128 3270 menses
1144 3213 1170 3268 id
1186 3212 1314 3269 horinon
1332 3220 1432 3284 potest,
1447 3213 1511 3268 eil.
1527 3229 1566 3279 vi,
1582 3215 1620 3269 Dc
1640 3214 1676 3269 iis
1687 3214 1737 3285 qni

88 3229 206 3340 {arctim
217 3282 321 3340 Christi
332 3285 474 3356 Operibus,
484 3294 656 3343 vocenturan
677 3288 887 3343 elisalutisncs·
939 3288 1010 3345 comt
1025 3288 1081 3342 eiii.
1096 3283 1170 3341 Licet
1188 3282 1324 3356 scripserit
1337 3282 1632 3364 AngeliusAdrianum
1652 3284 1738 3365 impe-

87 3359 137 3411 ttae
159 3353 363 3420 ministeriales,
380 3364 406 3411 et
427 3358 499 3427 qnod
520 3358 633 3414 Rufinus
657 3376 689 3416 ira
710 3359 887 3432 expositione
939 3366 1057 3413 retorem
1070 3356 1224 3412 decrevisse
1248 3353 1381 3411 undecimi
1394 3370 1495 3412 mensis
1514 3363 1619 3426 parturn
1642 3354 1737 3425 legiti-

91 3423 214 3497 symbola·
227 3423 330 3493 scribit,
345 3426 380 3481 ab
394 3426 470 3482 initio
491 3428 631 3499 praelectas
651 3430 780 3501 quasdam
799 3428 886 3484 virtu-
940 3443 1016 3484 mum
1029 3443 1099 3484 esse.
1115 3427 1155 3483 Lit
1169 3427 1219 3483 Pis.

90 3503 147 3552 tum
161 3495 314 3553 coelestium
333 3505 487 3566 potestates,
509 3499 608 3571 quibus
631 3507 775 3583 regeretur
787 3510 814 3557 et
827 3498 886 3555 dis-
975 3499 1031 3569 (50)
1054 3498 1231 3557 ltmuriolem
1254 3510 1415 3554 odoacrum.
1438 3494 1597 3577 Decumolis
1618 3509 1689 3551 noae
1703 3494 1738 3551 ab

124 3574 251 3623 nsaretiir
272 3567 426 3624 mortalium
438 3584 538 3641 genus.
554 3569 621 3627 Vide
634 3581 715 3627 etiam
729 3569 886 3642 Origenem,
940 3569 1058 3627 Auctore
1076 3583 1127 3641 pro
1142 3567 1253 3625 denario
1275 3581 1390 3624 numero
1409 3568 1550 3637 accipitur.
1567 3565 1625 3621 lluc
1645 3573 1737 3620 autem

111 3651 168 3693 cm.
180 3639 213 3692 ts
225 3644 253 3693 et
266 3640 300 3694 ab
314 3640 346 3694 im
360 3641 426 3696 Lite.
444 3641 552 3697 ethcm.
570 3644 600 3696 ll
613 3644 645 3699 im
655 3644 800 3700 Numeros.
816 3643 887 3698 Pati.
940 3641 1059 3711 pertinet
1072 3640 1146 3713 quod
1168 3639 1356 3711 Athenagoras
1384 3638 1475 3706 (Orat.
1522 3653 1552 3693 ro
1568 3635 1738 3705 Christian.)

126 3709 293 3778 (Abtdtrhm
308 3711 435 3768 ammon
448 3713 612 3785 superstitio
625 3712 707 3772 mom
720 3715 810 3784 fimcit
824 3714 888 3770 Alc·
942 3710 1114 3768 decenarium
1139 3724 1283 3767 numerum
1309 3707 1472 3789 maximum.
1487 3654 1560 3788 dicat
1587 3707 1738 3763 secundum

90 3793 218 3837 mortam
237 3780 278 3835 De
292 3778 424 3838 Alemone
437 3781 497 3839 vide
515 3783 675 3856 Gyialdum,
698 3786 732 3843 dc
753 3786 887 3857 diisgcrr·
941 3783 1158 3856 Pythagoricos,
1184 3780 1230 3852 qni
1259 3786 1286 3838 et
1318 3789 1506 3850 quaternarius
1538 3786 1598 3846 sit,
1625 3784 1652 3832 et
1680 3787 1739 3858 tuni

94 3851 180 3907 tium.
194 3850 234 3907 lle
247 3849 307 3906 aliis
322 3851 406 3908 tribus
424 3852 515 3924 (sicuti
539 3855 620 3910 etiam
639 3865 699 3911 ante
714 3872 757 3912 me
771 3856 888 3912 adnota-
941 3853 1136 3911 arithmeticum
1164 3865 1334 3918 nnmerum,
1359 3859 1415 3907 tum
1438 3851 1548 3906 musicis
1574 3849 1738 3930 harmonicae

91 3919 130 3976 ait
144 3919 297 3989 Turnebus,
318 3923 387 3980 Adii.
406 3922 454 3979 lib.
470 3939 554 3990 xviii,
571 3940 596 3982 c.
613 3928 669 3997 ab),
687 3926 716 3983 in
734 3928 793 3983 baec
805 3927 889 3984 verba
941 3931 972 3981 ut
993 3933 1140 3984 concentus
1156 3921 1266 3980 rationis
1293 3921 1494 3991 complectatur.
1520 3919 1646 3977 Continet
1666 3934 1740 3975 enim

91 3990 217 4048 Gellius:
235 4010 248 4043 a
264 3993 330 4048 Diiae
344 3995 434 4050 Parcae
449 4010 465 4050 a
480 3995 591 4064 Latinis,
616 4013 669 4052 una
692 4012 707 4052 a
731 4006 810 4070 partu
824 3995 889 4053 noni
942 3995 1101 4053 numerandi
1128 4009 1228 4068 genera
1251 3993 1391 4058 uniuersa,
1413 4005 1587 4048 numerorum
1608 3996 1650 4046 est
1676 3987 1739 4046 lons

91 4064 193 4119 mensis
211 4063 298 4129 Nona,
320 4065 405 4121 altera
427 4065 461 4121 ab
483 4067 565 4123 enixu
587 4065 684 4123 decimi
707 4068 807 4124 mensis
830 4068 889 4124 De·
942 4074 969 4123 et
987 4067 1159 4138 principium,
1175 4080 1209 4120 ex
1222 4078 1287 4131 uno,
1302 4062 1420 4133 duobus,
1441 4063 1537 4133 tribus,
1551 4068 1578 4119 et
1593 4068 1739 4134 quaterna·

92 4133 161 4190 mma
183 4133 331 4191 dicebatur.
354 4137 506 4193 Accedebat
526 4139 612 4204 tertia,
640 4152 699 4208 qiiae
720 4139 803 4195 Parca
816 4138 889 4196 ilice·
942 4135 1220 4193 inimiciciarum.

93 4204 181 4273 batur,
195 4205 272 4276 quasi
285 4209 384 4278 Parta,
407 4213 507 4264 mutato
522 4214 534 4265 t
547 4208 575 4264 in
590 4225 640 4266 c.»
657 4210 721 4264 liam
734 4209 779 4266 hic
797 4218 891 4266 auctor
977 4206 1034 4277 (bl)
1053 4209 1109 4279 ligo
1131 4207 1168 4263 cd
1190 4207 1277 4262 Deum
1291 4203 1388 4276 potins
1408 4203 1636 4282 argumentabor.
1656 4203 1685 4281 lii
1707 4216 1740 4257 e-

93 4273 229 4331 Partnlam
249 4285 336 4344 vocat,
352 4278 426 4348 qnod
448 4289 554 4349 partum
576 4281 719 4351 gubernet.
745 4281 831 4337 Porro
854 4280 888 4336 ds
905 4288 928 4366 ῃ
944 4277 1020 4333 niose
1048 4275 1169 4347 quidem,
1183 4276 1232 4333 sed
1254 4273 1476 4345 superstitionem
1503 4278 1676 4342 superstition
1707 4288 1741 4328 iis

94 4344 195 4402 Lucina
211 4344 282 4403 inira
300 4348 417 4407 latiusc.
433 4353 477 4406 33.
494 4350 562 4408 Piri.
945 4346 1068 4404 revincit.
1084 4347 1148 4403 liin.
1547 4410 1553 4422 ‚
1639 4413 1645 4424 ,

129 4417 176 4486 (ιι
207 4417 269 4475 Nora
282 4423 311 4478 et
326 4419 365 4477 llo
385 4422 422 4477 sis
447 4422 494 4478 lec
518 4426 588 4478 tcnc
602 4422 717 4478 choram
731 4436 820 4488 rcum,
834 4419 888 4478 etc.
980 4418 1037 4490 (bt)
1052 4419 1104 4477 Sed
1113 4422 1140 4475 et
1153 4432 1219 4475 cum
1227 4417 1345 4488 septimo
1358 4413 1663 4495 meriscgseptimestris
1675 4428 1741 4494 par·

96 4485 171 4542 lex·
201 4489 341 4569 'habetur
363 4438 448 4547 iacnt
471 4507 530 4557 xxi,
553 4494 629 4562 juxta
642 4491 728 4548 LXX.
748 4492 891 4549 Decretum
945 4495 989 4545 tiis
1020 4489 1087 4546 adeo
1113 4487 1250 4573 legitimus
1276 4492 1317 4569 est
1342 4491 1373 4541 ιιι
1399 4490 1478 4541 matri
1503 4491 1598 4554 prosit,
1622 4500 1683 4541 cum
1706 4491 1743 4541 sit

95 4567 184 4614 autem
193 4558 237 4638 ,ιιι
250 4567 302 4629 est,
317 4567 348 4618 ut
360 4561 383 4617 si
397 4561 458 4634 quis
473 4562 610 4619 mulierem
632 4570 815 4639 pregnantem
829 4579 892 4645 per·
945 4558 1019 4632 pleni
1035 4569 1164 4632 temporis
1177 4560 1208 4641 l..
1224 4560 1352 4638 septimo.
1368 4555 1402 4611 b.
1423 4554 1457 4637 dc
1471 4557 1541 4612 stat.
1555 4556 1617 4612 hora.
1633 4554 1693 4626 ΟΜ
1707 4555 1743 4610 (¹⁰

95 4636 222 4699 cesserit,
238 4630 262 4685 si
282 4630 371 4689 intans
384 4633 525 4706 figuratus
546 4649 601 4689 non
614 4633 704 4705 luerit,
719 4649 783 4691 reus
801 4642 853 4691 erit
865 4642 893 4691 et
945 4647 1025 4688 causa
1038 4634 1200 4688 octiniestris
1222 4643 1276 4711 nori
1299 4627 1371 4683 idern
1394 4625 1473 4683 lamet
1495 4631 1599 4707 partus.
1617 4632 1744 4697 septena·

95 4700 238 4755 damnatus
257 4701 406 4758 secundum
421 4703 471 4759 viri
484 4704 557 4761 illins
575 4705 695 4762 mulieris
718 4706 892 4773 voluntatem,
946 4702 979 4759 rii
993 4702 1097 4759 numeri
1113 4701 1205 4758 uirtuti
1228 4700 1401 4756 tribuendum
1419 4703 1529 4753 censent
1550 4694 1677 4776 quidami
1693 4695 1743 4751 ³⁰⁶

94 4785 155 4827 cuin
169 4784 225 4843 qun
244 4770 317 4828 litem
341 4783 503 4846 componet;
519 4775 543 4830 si
565 4791 630 4833 aero
651 4778 790 4851 figuratus
814 4775 894 4833 luerit
945 4773 1070 4829 adeunda
1082 4773 1133 4829 erit
1150 4773 1182 4828 B.
1193 4768 1329 4829 Ambrosii
1343 4769 1422 4840 epist.
1438 4769 1473 4823 33
1488 4767 1522 4822 ad
1536 4767 1741 4848 lloronuanum.

94 4839 195 4906 inlatis,
217 4841 270 4900 hoc
287 4853 329 4901 est
349 4845 503 4916 animatus,
526 4846 601 4902 dabit
623 4848 740 4905 animam
759 4863 809 4921 pro
832 4847 893 4903 ani-
946 4845 1134 4917 Hlppocrates,
1145 4844 1194 4900 lib.
1213 4858 1234 4899 ii
1245 4841 1330 4913 Epid.
1345 4848 1412 4897 sect.
1428 4842 1456 4909 3,
1470 4839 1504 4894 ad
1518 4836 1627 4896 vitalem
1638 4845 1744 4909 partum

96 4927 157 4968 ma:
178 4927 242 4969 rens
255 4913 326 4971 enim
340 4915 392 4971 erit
413 4916 561 4973 homicidii.
581 4916 705 4976 Aborsus
719 4928 808 4976 nutem
826 4919 894 4975 dici·
945 4915 1005 4972 dies
1024 4922 1146 4971 numerat
1160 4916 1223 4968 280.
1238 4913 1277 4968 lm
1292 4913 1338 4970 Pii.
1540 4979 1545 4989 .

96 4991 139 5039 tur
165 4982 244 5052 juxta
254 4986 386 5058 quosdam
401 4989 497 5057 primis
525 4990 720 5062 praegnationis
741 4992 892 5059 mensibus,
982 4986 1040 5058 (33)
1060 4987 1166 5058 Ogdoas
1186 5000 1236 5040 rios
1261 4999 1320 5039 coir
1342 4987 1429 5040 crant.
1455 4979 1559 5062 Alludit
1576 4978 1610 5034 ad
1625 4993 1745 5035 incusem

96 5055 209 5111 abortus
223 5072 285 5114 aero
300 5073 361 5115 cum
377 5058 499 5115 imminet
514 5060 694 5129 puerperium.
708 5062 748 5116 Lis
761 5063 812 5118 Pia.
879 5077 880 5080 ¹
946 5066 1079 5124 octavum,
1103 5071 1158 5128 quc
1179 5055 1237 5112 ieie
1260 5070 1352 5111 mense
1373 5061 1466 5124 pertus
1486 5051 1581 5134 vitales
1598 5066 1653 5107 non
1670 5057 1744 5108 sunt.

130 5125 191 5198 (b'l)
207 5128 278 5185 Cum
285 5130 350 5201 jam
366 5130 489 5187 homimis
503 5135 546 5188 cst
560 5148 656 5187 cccco.
671 5133 728 5190 Ηοο
742 5140 793 5197 est,
804 5131 894 5189 homi·
947 5129 1081 5186 Praeterea
1093 5143 1158 5184 vero
1180 5126 1276 5183 alludit
1294 5125 1328 5207 ad
1351 5131 1474 5207 οιιιιιιιιιιι
1488 5123 1573 5207 diem,
1587 5137 1641 5196 quo
1656 5128 1748 5203 trans-

97 5195 137 5253 iiis
149 5199 296 5271 appellatio
315 5208 342 5257 et
357 5201 460 5259 titulus.
489 5200 547 5256 lam
560 5201 675 5260 formato
709 5204 774 5269 fetu,
795 5199 896 5258 acidino
949 5208 1006 5257 acta
1028 5198 1198 5257 hebdomade
1221 5202 1334 5254 recurrit
1359 5196 1416 5253 dies
1440 5196 1521 5278 bolis,
1549 5211 1631 5278 quem
1654 5194 1749 5275 pomi·

100 5264 298 5343 lismaimptico,
320 5283 349 5330 ut
364 5271 421 5344 jam
449 5274 532 5331 homo
546 5275 651 5330 censeri
667 5275 774 5332 debeat.
788 5276 854 5331 Nam
867 5280 897 5330 nt
949 5271 1040 5330 nicam
1048 5272 1110 5343 iure
1123 5269 1249 5340 dicimus,
1263 5268 1298 5325 ob
1313 5274 1535 5325 resurrectionem
1555 5267 1745 5347 Domini-noa·

99 5337 135 5395 ait
156 5341 338 5414 Hieronymus
359 5343 394 5399 ad
413 5344 560 5416 Algasiam,
583 5352 678 5415 quaest.
704 5349 770 5405 ιιι
794 5344 897 5404 Tandiu
951 5345 995 5412 tri,
1023 5358 1079 5471 Ἁιο
1105 5342 1187 5399 etism
1209 5339 1405 5423 dictaturam
1430 5336 1550 5423 supremi
1580 5336 1686 5406 iudicii,
1715 5349 1748 5390 ac

100 5424 154 5490 non
168 5421 309 5485 reputatur
330 5416 423 5482 homo,
448 5417 536 5472 donec
562 5416 694 5472 elementa
708 5417 820 5474 contusa
833 5431 897 5475 suns
949 5415 1025 5487 proin
1045 5430 1061 5471 e
1084 5419 1293 5472 resurrections
1323 5418 1423 5469 nostrae
1448 5412 1529 5467 diem.
1567 5407 1645 5490 'lunc
1666 5419 1745 5489 aero,

99 5482 232 5611 magnes
245 5487 584 5559 membraquesuscipiant.
599 5487 685 5542 »ltin
950 5488 1024 5558 cuod
1032 5483 1307 5550 blatthieusallirinat,
1316 5478 1748 5552 mclloemohisomptmsmcpttoe.
1848 5550 1851 5554 λ

135 5555 145 5625 (
183 5554 265 5628 )Βιιι”
274 5558 368 5620 adhuc
377 5560 511 5619 incontra
522 5559 648 5630 virendo,
658 5575 724 5618 cnm
733 5561 899 5634 mctrcpltt-
950 5560 1015 5618 itia.
