3840 6134
154 305 204 368 711

396 427 489 488 87⁰
505 429 619 488 catur
636 430 698 492 XV.

187 522 218 578 ln
246 520 342 593 primis
368 535 402 576 an
431 519 466 575 sit
489 519 584 592 aliquis
613 520 638 560 ⁶³
662 536 784 576 summus
810 520 838 575 in
859 518 947 575 anima

155 609 255 685 gradus
296 608 393 676 uitalis,
424 617 451 665 et
477 608 658 678 sapientialis,
700 610 772 679 quod
803 609 948 682 ἡγεμονικὸν

155 698 301 772 appellant,
315 696 343 754 id
363 708 402 754 est
421 697 578 768 principale,
599 698 622 753 ai
645 706 770 770 negatur,
791 705 862 754 totus
884 699 947 753 ani·

153 802 208 845 mm
231 794 315 845 status
336 785 510 857 periclitatur.
532 785 666 858 Denique,
681 786 726 858 qui
749 796 849 859 negant
871 787 949 857 prin-

152 879 248 952 cipale,
276 877 362 948 ipsam
403 875 479 948 prius
519 875 637 932 animam
674 875 740 931 nihil
777 884 949 933 censuerunt.

151 965 303 1023 Messenius
326 964 424 1037 aliquis
447 965 471 1003 ⁰⁴
493 964 664 1020 Dieaearehus
689 965 757 1035 (89),
773 979 810 1020 ex
838 964 949 1021 medicis

152 1063 243 1114 autem
280 1053 403 1110 Andreas
439 1060 467 1108 et
508 1052 690 1124 Asclepiades,
714 1052 751 1108 ita
782 1052 951 1109 abstulerunt

153 1143 313 1215 principale,
333 1142 397 1197 dum
413 1140 441 1195 in
462 1139 553 1196 animo
572 1140 632 1211 ipso
650 1139 745 1197 volunt
766 1155 827 1196 esse
840 1156 948 1213 sensus,

154 1246 269 1306 qnorum
296 1228 446 1287 vindicatur
481 1227 640 1300 principale.
664 1227 838 1299 Asclepiades
870 1229 949 1284 etiam

155 1321 199 1376 illa
223 1317 453 1392 argumentatione
487 1323 616 1385 rectatur,
637 1316 709 1388 quod
735 1317 863 1391 pleraque
889 1316 949 1373 ani-

518 301 738 366 ranruttltttl
751 301 882 365 ortluutt
900 301 983 365 PARS
1001 302 1086 362 11.-
1101 299 1214 362 seems
1231 301 1252 371 l,
1270 301 1441 365 totamm.

1746 307 1803 369 'tlt

963 437 1052 526 ntes,
1085 435 1113 484 et
1151 428 1211 502 ipse
1242 427 1376 495 Soranum
1398 430 1509 503 J'amque
1547 429 1672 486 omnihus
1708 430 1803 505 plures

1003 515 1154 587 christiani,
1169 515 1216 589 qui
1234 516 1306 588 apud
1325 517 1413 574 Deum
1432 519 1466 574 de
1487 523 1602 591 utroque
1618 515 1702 576 071
1720 519 1803 578 duci-

1004 623 1065 663 mur
1086 606 1121 672 ⁶⁶,
1137 605 1195 677 (95)
1219 614 1247 662 et
1270 621 1331 663 esse
1356 605 1505 679 principale
1526 608 1553 662 in
1576 608 1665 664 anima
1691 608 1761 681 (96),
1776 620 1803 667 et

1004 703 1077 752 certo
1091 695 1119 751 in
1133 695 1255 767 corporis
1269 710 1378 751 recessu
1392 702 1591 751 consecratum.
1602 694 1630 751 Si
1644 693 1716 749 enim
1726 710 1804 752 seru·

1005 789 1125 843 tutorem
1139 789 1167 841 et
1185 783 1369 856 dispectorem
1383 785 1473 842 cordis
1487 785 1565 856 (Sap.
1580 800 1602 855 ¹3
1619 783 1701 841 Proo.
1717 785 1802 855 xxiv)

1005 873 1092 928 Deum
1114 869 1246 945 legimus;
1269 872 1292 928 si
1316 873 1397 929 etiarn
1427 873 1575 944 prophetes
1609 874 1671 941 ejus
1697 872 1804 929 occulta

1004 961 1094 1017 cordis
1123 960 1287 1016 traducendo
1321 962 1451 1033 probatur
1480 961 1566 1031 (Psoi.
1591 961 1750 1033 cnxxrttr);
1782 960 1804 1016 si

1004 1051 1077 1106 Deus
1099 1051 1157 1120 ipse
1186 1050 1355 1122 recogitatus
1378 1050 1469 1106 cordis
1493 1048 1520 1104 in
1550 1051 1650 1122 populo
1674 1051 1806 1121 prevenit

1005 1137 1115 1208 (lioitb.
1131 1139 1194 1208 tal:
1214 1138 1286 1207 Quid
1301 1141 1432 1211 cogitatis
1450 1140 1481 1193 io
1495 1137 1625 1195 cordibus
1639 1140 1742 1195 vestris
1755 1154 1805 1195 ae·

1006 1226 1141 1298 aoamlsi
1155 1225 1214 1281 6let
1229 1225 1313 1281 Dauid
1328 1227 1416 1296 (Psoi.
1426 1227 1453 1296 a)
1469 1243 1475 1280 :
1496 1227 1547 1283 Cor
1561 1226 1702 1283 maedam
1715 1225 1804 1284 conda

1005 1318 1038 1372 ia
1048 1330 1103 1386 ma,
1120 1318 1207 1382 Deus:
1222 1322 1249 1370 et
1263 1315 1360 1371 Paulus
1379 1316 1468 1385 (Rom.
1485 1315 1517 1386 x)
1530 1315 1612 1373 eorde
1626 1315 1664 1371 ait
1682 1315 1762 1372 credi
1772 1317 1805 1371 t'a

155 1407 246 1477 melia,
270 1405 402 1476 ademptis
426 1404 465 1460 eis
489 1404 614 1476 partibus
636 1403 769 1475 corporis,
794 1404 821 1460 in
850 1405 950 1476 quihus
1001 1403 1499 1475 (991999999(1999999(11999.9()
1509 1403 1807 1462 cordaaitsaoaaam-

155 1495 303 1568 plurimum
326 1492 475 1549 aestimatur
506 1492 656 1564 principale
680 1493 839 1559 consistere,
855 1500 881 1548 et
909 1494 951 1548 in·
1005 1504 1139 1564 quamque
1162 1490 1344 1563 reprebendi3
1360 1490 1383 1546 si
1409 1497 1546 1560 postremo
1567 1491 1677 1559 (actea.
1700 1493 1731 1564 v)
1755 1493 1806 1565 qui

155 1599 238 1656 snper
259 1583 350 1640 ritant
378 1582 557 1653 aliquatenus,
582 1587 609 1636 et
632 1580 739 1652 sapiant
763 1578 948 1644 nihilominus,
1004 1579 1109 1635 viderit
1128 1581 1267 1650 seminam
1284 1579 1321 1636 ad
1339 1580 1601 1653 concupiscendam,
1612 1582 1677 1653 jam
1694 1580 1806 1640 999119-

153 1681 183 1730 ut
200 1687 313 1741 mnsaoe,
329 1680 356 1727 et
379 1685 479 1741 vespae,
496 1678 522 1725 et
546 1670 669 1741 locustae,
686 1669 709 1722 si
732 1669 821 1739 capita
843 1668 950 1725 decide·
1004 1669 1081 1724 ravit
1103 1668 1135 1725 io
1158 1668 1255 1736 corde,·
1279 1667 1357 1724 simul
1386 1675 1528 1740 utrumque
1556 1667 1667 1740 dilucet,
1689 1674 1716 1724 et
1740 1685 1802 1727 esse

154 1762 206 1830 ris;
222 1770 251 1817 ut
274 1775 363 1830 caprea
386 1768 413 1814 et
436 1756 596 1821 testudines,
611 1765 637 1811 et
660 1756 798 1829 anguillae,
818 1757 841 1813 si
866 1757 949 1814 corde
966 1750 987 1827 fl
1002 1754 1150 1826 principale
1173 1755 1200 1810 in
1224 1757 1320 1822 anima,
1335 1771 1389 1828 quo
1412 1756 1438 1794 ⁶⁸
1452 1756 1564 1814 intentio
1586 1756 1677 1813 divino
1702 1771 1802 1815 conre-

152 1849 305 1906 detraxeris
330 1865 337 1900 :
361 1846 450 1917 itaque
472 1845 620 1916 principale
641 1860 696 1901 non
717 1860 777 1901 esse
803 1863 809 1901 ε
835 1846 905 1917 quod
927 1846 949 1901 si
1004 1843 1069 1914 niet,
1084 1843 1112 1899 id
1134 1852 1185 1915 est,
1200 1845 1255 1902 vim
1278 1845 1462 1916 sapientialem
1480 1856 1564 1918 atque
1584 1844 1694 1904 vitalem
1714 1845 1803 1918 (quod

155 1937 264 2005 luisset,
279 1935 380 1991 amisso
402 1950 463 1991 cum
483 1933 590 2001 991968,
605 1933 664 2006 (99)
686 1934 765 2006 vigor
788 1934 884 1990 animae
898 1951 953 1990 non

155 2032 349 2097 perseremret.
367 2023 419 2078 Sed
452 2023 545 2094 plures
577 2028 603 2078 et
636 2022 791 2094 philosophi
823 2024 952 2080 adversus

153 2112 347 2178 Dicaearchum,
371 2110 455 2177 Plato,
477 2111 574 2179 Strato,
597 2109 741 2183 Epicurus,
769 2112 952 2178 Democritus,

152 2199 338 2273 Empedocles,
364 2198 495 2268 Socrates,
520 2197 694 2265 Aristotelem
719 2207 746 2254 et
777 2199 871 2255 medici
906 2201 954 2256 ad-

152 2304 246 2350 versus
271 2290 408 2346 Andream
425 2288 481 2358 (91)
509 2294 536 2342 et
568 2287 756 2359 Asclepiadem
781 2288 846 2358 (99),
865 2289 952 2346 Hero-

153 2379 253 2451 philus,
278 2377 458 2433 Erasistratus
484 2376 552 2446 (99),
576 2375 684 2432 Diocles
711 2375 781 2447 (91),
807 2376 859 2448 Hip
880 2392 955 2433 ocra·

1006 1933 1078 1988 enim
1102 1933 1183 2005 sapit,
1198 1933 1316 1990 viridum
1339 1934 1403 2005 est),
1418 1935 1487 1989 etin
1508 1949 1542 1991 eo
1566 1935 1691 1990 thesauro
1706 1947 1804 2006 corpo·

1005 2021 1042 2076 ris
1073 2022 1176 2089 haberi,
1193 2023 1226 2078 ad
1258 2037 1338 2095 quem
1370 2023 1443 2078 Deus
1474 2021 1585 2095 respicit
1618 2041 1626 2079 ε
1658 2030 1686 2079 ut
1719 2039 1805 2095 neque

1006 2109 1172 2166 extrinsecus
1187 2109 1282 2182 agitari
1298 2109 1545 2181 putesprineipale
1559 2109 1631 2167 istud
1651 2111 1803 2168 secundum

1007 2198 1179 2264 lleraelitum,
1195 2213 1281 2270 neque
1305 2213 1353 2268 per
1380 2190 1465 2253 totum
1489 2213 1588 2268 eorpus
1611 2199 1803 2256 (999199199-

1006 2288 1124 2347 eundum
1158 2287 1352 2358 Moschionem,
1381 2304 1470 2361 neque
1501 2288 1529 2344 iu
1560 2289 1649 2362 eapite
1678 2290 1805 2347 concludi

1007 2378 1155 2433 seeundum
1176 2375 1325 2445 Platonem,
1341 2386 1428 2448 neque
1451 2377 1480 2432 in
1500 2377 1600 2435 verlice
1622 2378 1714 2451 potius
1734 2394 1804 2451 prae·

189 2529 215 2570 ⁶³
228 2528 339 2599 Aliquid
360 2530 453 2588 l'ertat.
466 2524 592 2608 mgquuj
620 2526 685 2584 dua.
701 2527 725 2565 ⁶⁵
741 2468 938 2585 Amissusacrffi
958 2453 1141 2585 algicstlgelrlligus
1155 2529 1215 2601 Rip.
1231 2527 1256 2568 ⁶⁶
1274 2526 1437 2586 Deducimnr
1457 2530 1546 2588 libam
1575 2530 1663 2589 Semi.
1692 2529 1804 2590 Obortb.

154 2602 235 2658 Pam.
247 2599 408 2659 deducimus
419 2599 485 2656 bae.
501 2597 525 2638 ⁶³
536 2597 580 2655 Sto
591 2599 656 2655 Por.
672 2597 783 2667 6lQuod
799 2601 879 2655 Pom.
891 2600 979 2656 Rbca.

856 2670 1105 2735 Commentarius.

193 2760 251 2833 (99)
273 2762 422 2819 ileasertt'us
443 2758 547 2832 aliquis
571 2756 760 2815 Dicaearchus.
780 2757 952 2816 Dicaearchus

158 2831 256 2907 [inquit
277 2832 383 2896 Cicero,
403 2827 517 2886 Tascal.
546 2830 647 2898 Qaoest.
672 2828 810 2900 lih.1]iu
837 2845 871 2886 99
895 2845 953 2886 ser-

157 2919 249 2969 mone,
264 2919 345 2975 quem
359 2900 480 2956 Corinthi
498 2899 619 2955 habitum
634 2900 721 2955 tribus
740 2900 816 2956 libris
831 2902 953 2972 exponit,

158 2975 301 3030 doctorum
352 2972 492 3026 hominum
540 2970 745 3042 disputantium,
779 2973 866 3042 primo
903 2974 951 3028 lib.

159 3042 258 3100 multos
275 3042 418 3113 loquentes
437 3039 510 3110 iacit,
525 3042 633 3097 duobus
653 3043 839 3099 Pherecratem
861 3060 956 3115 quem·

157 3115 219 3171 dam
251 3111 403 3170 Phthiotam
436 3128 537 3179 serrem,
562 3129 641 3182 quem
675 3113 711 3168 ait
743 3129 759 3167 a
789 3115 956 3171 Deucalione

158 3193 256 3254 ortum,
284 3184 460 3240 disserentem
498 3183 610 3250 inducit,
639 3184 713 3240 atibil
750 3187 865 3241 omniuo
898 3203 955 3242 esse

158 3259 302 3328 animata,
319 3263 346 3311 et
360 3256 411 3312 hoe
431 3270 490 3311 esse
510 3265 595 3311 totum
614 3270 714 3310 nomeu
733 3254 953 3320 1999999999-

158 3344 212 3402 que
234 3336 261 3384 et
295 3327 439 3382 animantia
467 3335 494 3381 et
528 3326 677 3382 animantes
703 3325 844 3397 appellari,
869 3341 956 3398 neque

158 3400 187 3456 in
214 3399 324 3457 homine
353 3399 444 3453 inesse
467 3398 584 3451 oninium
615 3399 656 3452 rel
678 3396 805 3466 animam,
820 3411 906 3468 neque
927 3396 954 3450 in

158 3470 255 3527 hestia.
273 3471 307 3524 Et
338 3484 404 3526 vero
435 3467 495 3535 ejus
527 3467 648 3522 eamdem
680 3464 763 3520 irrisae
796 3468 954 3522 sententiam

158 3541 237 3612 paulo
253 3550 313 3611 post
328 3540 427 3594 indicat
446 3539 544 3594 ibidem
561 3539 653 3593 Cicero
670 3554 676 3590 :
698 3537 766 3605 Quid
781 3538 814 3591 de
834 3536 954 3593 Dicaear-

157 3613 210 3669 cho
224 3611 320 3676 dicam,
334 3610 381 3682 qui
404 3609 469 3664 nihil
492 3608 603 3664 omnino
620 3609 741 3662 animum
761 3606 832 3662 dicat
845 3608 923 3664 esse?
940 3629 952 3659 t

158 3683 323 3737 Messenium
338 3687 426 3734 autem
442 3681 513 3735 hune
527 3678 611 3734 luisse
623 3679 703 3732 etiam
717 3677 816 3732 Suidas
830 3685 954 3748 testatur,

158 3751 313 3808 Arismtetts
327 3747 499 3818 discipulum,
515 3750 592 3818 cujus
615 3746 785 3814 Plutarchus,
805 3747 954 3816 Quintilia-

158 3820 338 3886 9991199199
363 3819 456 3889 citant,
470 3817 574 3874 Gellius
596 3817 792 3890 Pythagoram,
807 3821 954 3876 Athenaeus

158 3893 244 3948 libros
272 3904 333 3946 eom
355 3888 433 3957 lures,
474 3890 502 3944 B.
531 3889 725 3958 Hieronymus,
755 3889 801 3944 lih.
832 3906 863 3959 rt,
890 3892 952 3948 ado.

158 3963 262 4030 lavim,
276 3975 312 4015 ex
331 3906 394 4013 inu
415 3960 528 4014 uitatum
549 3959 623 4014 libris
644 3960 859 4032 descriptionem
876 3963 954 4019 Gre-

158 3975 413 4101 9999999199θὲ

158 4103 287 4161 sonneiis.
302 4103 372 4158 Pasa.

196 4173 254 4246 (99)
269 4174 378 4232 Amisso
391 4188 456 4229 aum
470 4175 540 4231 sais.
556 4171 666 4230 Amisso
681 4171 727 4229 illo
743 4172 881 4245 principali
894 4191 956 4232 cum

158 4243 225 4310 sais,
239 4244 325 4315 eapite
347 4243 476 4300 nimirum
499 4252 526 4301 et
549 4244 640 4300 corde.
669 4245 737 4300 Cam
760 4247 820 4302 suis
844 4265 853 4301 :

159 4332 220 4373 cnm
234 4315 308 4373 omni
323 4313 425 4370 familia
439 4325 466 4371 et
479 4314 619 4383 comitatu,
633 4314 810 4387 apparitione.
821 4319 882 4375 ch.

195 4387 254 4459 (91)
264 4386 401 4445 Adversas
412 4386 564 4444 Andream.
576 4385 697 4442 Andreas
707 4387 825 4443 medicus
836 4387 961 4462 trequen-

160 4464 202 4513 ter
219 4457 319 4514 oltatur
341 4456 464 4529 aPlinio‚
480 4473 535 4512 non
560 4456 642 4515 modo
665 4457 736 4512 inter
753 4463 893 4514 auratorum
908 4474 958 4514 no·

158 4528 241 4594 mina,
254 4528 386 4600 coquihus
398 4531 483 4585 multa
498 4529 657 4600 desumpsit,
668 4528 716 4584 sed
731 4528 811 4584 etiam
826 4529 873 4585 lih.
885 4545 959 4598 xxti,

157 4612 183 4654 e.
199 4602 244 4667 99,
263 4608 290 4655 et
307 4600 355 4655 lih.
374 4615 467 4669 nnxrr,
485 4599 614 4662 9.5.91)1
637 4599 665 4653 in
693 4598 852 4669 quibusdam
870 4609 960 4656 tamen

157 4670 363 4742 exemplaribus
392 4669 960 4745 erperamlegituratadriasproAndreas·

159 4756 223 4797 nant
239 4743 320 4798 etiam
335 4758 352 4796 a
387 4743 522 4798 ioseoride
533 4750 561 4797 et
574 4739 678 4796 Galeuo
693 4739 793 4798 citatur
808 4740 879 4798 liber
889 4747 958 4814 ejus.

135 4857 137 4862 ,
158 4812 323 4872 meante.
340 4812 411 4869 Patr.

193 4883 252 4955 (99)
268 4886 303 4940 ut
318 4882 521 4954 Asclepiadem.
535 4882 576 4938 Ile
596 4883 676 4939 Ascle
698 4883 756 4939 iade
769 4883 876 4940 medico
889 4883 959 4937 Pru·

157 4951 250 5021 aiensi,
264 4963 441 5025 preterquam
456 4951 530 5023 quod
540 4969 572 5008 ex
584 4969 618 5010 eo
633 4901 718 5009 muita
733 4970 762 5010 se
776 4955 960 5026 desumpsisse

413 4029 485 4087 icero
509 4029 573 4087 alibi
599 4030 707 4102 lihmm,
730 4031 763 4088 da
785 4032 905 4090 divinat.
927 4038 955 4090 et

1007 2758 1129 2816 uoluerit.
1144 2757 1263 2813 hieminit
1282 2758 1378 2816 iterum
1400 2763 1502 2818 Auctor
1525 2759 1704 2833 Asclepiadis,
1719 2775 1745 2818 a.
1770 2763 1805 2816 95

1007 2829 1088 2888 inira.
1110 2829 1150 2885 De
1181 2829 1276 2885 eodem
1310 2831 1469 2901 Asclepiade
1500 2833 1585 2889 multa
1613 2831 1697 2890 reiert
1724 2832 1804 2890 etiam

1008 2901 1093 2972 Apul.
1109 2902 1126 2957 l.
1140 2917 1168 2956 (ν
1183 2900 1217 2957 de
1227 2903 1306 2957 Asia.
1322 2918 1386 2959 aar.
1398 2903 1467 2958 Pata.

1044 2973 1102 3044 (99)
1117 2973 1320 3030 Erasistratus.
1341 2974 1530 3031 Erasistratum
1550 2975 1643 3049 quinto
1662 2974 1723 3032 loco
1736 2974 1807 3031 inter

1009 3045 1128 3099 medicos
1150 3043 1226 3115 pouit
1259 3043 1369 3109 Plinius,
1394 3044 1440 3100 uhi
1463 3061 1556 3116 supra,
1580 3056 1642 3102 ante
1672 3045 1806 3118 Herophi-

1009 3115 1067 3171 lum
1080 3123 1107 3170 et
1125 3114 1325 3184 Asclepiadem
1341 3114 1404 3170 item
1421 3116 1438 3169 l.
1455 3132 1516 3184 xtv,
1532 3134 1556 3172 c.
1572 3120 1599 3175 ’1.
1616 3115 1718 3173 titisse
1736 3117 1805 3172 scri·

1011 3186 1048 3239 hit
1071 3200 1116 3239 an.
1132 3187 1165 3240 U.
1183 3186 1274 3239 Romae
1294 3187 1357 3252 too,
1372 3198 1399 3240 ot
1421 3187 1520 3242 scholae
1538 3189 1659 3257 eiusdem
1683 3188 1806 3242 meminit

1009 3255 1056 3310 lib.
1077 3271 1128 3312 xx.
1149 3270 1175 3312 o.
1195 3257 1230 3321 9;
1245 3256 1361 3322 denique
1384 3255 1431 3311 lib.
1451 3273 1531 3331 nata,
1553 3276 1577 3315 e.
1598 3261 1625 3325 9,
1648 3258 1804 3330 Chrysippi,

1009 3327 1088 3396 cujus
1103 3341 1165 3383 mox
1184 3328 1293 3398 mentio,
1309 3326 1473 3397 discipulum
1494 3329 1567 3395 iacit,
1583 3327 1737 3385 Aristotelis
1751 3329 1805 3384 tilia

1008 3397 1139 3522 genitum,
1162 3398 1218 3467 qui,
1241 3413 1306 3479 rege
1338 3396 1472 3455 Antiocho
1505 3407 1616 3484 curato,
1633 3408 1743 3484 eentum
1765 3408 1804 3481 ¹⁸:

1019 3475 1088 3525 entra
1111 3469 1225 3523 donatus
1248 3482 1282 3525 art
1304 3469 1478 3526 aPtolemaeo
1501 3486 1560 3539 eJus
1578 3470 1645 3527 filro.
1662 3470 1748 3541 Cujus
1767 3487 1804 3527 rer

1010 3539 1131 3595 meminit
1152 3540 1233 3593 etiam
1264 3540 1371 3608 suidas,
1396 3550 1423 3596 et
1440 3542 1532 3613 plures
1555 3544 1615 3611 ejus
1636 3541 1720 3597 libros
1744 3544 1806 3598 citat

1008 3609 1134 3736 12.591Ρ(9(ο
1159 3609 1289 3667 Galenus.
1314 3610 1416 3667 Citatur
1449 3614 1546 3669 iterum
1573 3614 1608 3669 ah
1637 3613 1756 3671 Auctore
1779 3629 1803 3670 a.

1048 3721 1055 3735 .
1091 3695 1141 3737 att.

1044 3750 1101 3822 (st)
1125 3754 1242 3809 Diocles.
1268 3751 1376 3809 Diocles
1406 3754 1535 3810 Curiatius
1559 3755 1688 3823 medicus,
1712 3767 1805 3809 seeun-

1009 3822 1061 3877 dus
1079 3821 1113 3876 ab
1136 3823 1296 3895 Hippocrate
1322 3832 1398 3880 aetate
1421 3824 1556 3896 famaque,
1575 3825 1664 3880 Plinio
1685 3825 1804 3881 celebra·

1010 3893 1230 3959 turturinae.
1253 3899 1279 3950 9.
1303 3894 1356 3966 Qui
1381 3904 1509 3966 praeterea
1531 3898 1566 3951 ah
1590 3894 1684 3952 eodem
1709 3894 1806 3952 citatur

1009 3964 1028 4018 l.
1043 3978 1094 4029 xx,
1111 3979 1135 4020 9.
1152 3968 1168 4019 3
1193 3974 1221 4021 et
1236 3969 1263 4032 5,
1278 3972 1305 4022 et
1324 3968 1342 4020 l.
1361 3981 1422 4035 xxa,
1438 3974 1466 4021 et
1486 3966 1514 4021 in
1540 3967 1665 4040 catalogo
1687 3966 1806 4023 medico-

1010 4050 1070 4090 rum
1093 4051 1206 4108 quorum
1228 4052 1310 4108 opera
1332 4052 1397 4092 usus
1419 4045 1473 4104 est;
1487 4036 1552 4094 item
1574 4055 1590 4094 a
1611 4037 1726 4104 Galeno,
1742 4038 1804 4093 Plu·

1011 4107 1117 4231 tereho¹3
1136 4107 1286 4164 Scholiaste
1309 4108 1446 4175 Nicandri,
1466 4107 1609 4176 Athenaeo,
1623 4107 1707 4165 Paulo
1731 4106 1805 4182 AEgi·

1010 4184 1083 4231 neta.
1118 4191 1167 4234 911.

877 4247 993 4342 quasin
1043 4249 1100 4319 (95)
1123 4250 1175 4317 Qui
1193 4250 1267 4322 apati
1294 4253 1384 4307 Deum
1402 4249 1436 4307 de
1461 4254 1579 4324 atroam
1598 4250 1741 4307 dammae.
1762 4247 1806 4304 Sie

1013 4319 1095 4375 hahet
1108 4334 1185 4374 exem
1206 4322 1244 4375 lar
1263 4320 1411 4395 Agohardi.
1425 4320 1538 4394 Jamque
1559 4320 1694 4390 omnibus,
1709 4320 1806 4393 inquit,

1015 4396 1042 4445 et
1065 4336 1232 4463 philosopssis
1256 4400 1283 4448 et
1313 4391 1426 4449 medicis
1461 4392 1553 4465 plures
1580 4391 1738 4458 Christiani,
1781 4389 1807 4446 ui

1016 4462 1050 4515 de
1071 4468 1198 4535 utroque,
1213 4463 1265 4518 hoc
1290 4470 1340 4532 est,
1356 4463 1389 4519 de
1410 4462 1455 4519 illo
1479 4464 1574 4519 animae
1592 4461 1744 4546 principali,
1761 4406 1807 4516 aa

1014 4547 1067 4604 que
1089 4533 1150 4588 loco
1173 4542 1199 4588 et
1220 4532 1351 4604 positione
1367 4533 1438 4589 illius
1460 4533 1624 4606 principalis,
1639 4531 1808 4590 statuendum

1013 4601 1078 4675 quid
1101 4605 1137 4658 sit
1158 4603 1358 4675 investigantes,
1374 4605 1445 4674 apud
1468 4606 1556 4662 Deum
1579 4605 1715 4674 ducimur,
1731 4610 1808 4675 atque

1013 4690 1045 4729 ex
1069 4675 1152 4728 saeris
1183 4674 1291 4746 paginis
1323 4674 1496 4731 addiscimus.
1521 4676 1566 4732 Sic
1596 4675 1680 4748 igitur
1704 4683 1809 4734 ueteres

1014 4742 1158 4800 Christiani
1180 4744 1259 4800 etiam
1284 4761 1343 4800 cum
1377 4747 1492 4802 ethnicis
1513 4747 1694 4818 disputantes,
1719 4759 1808 4800 sacra·

1014 4829 1074 4870 rum
1089 4814 1248 4872 Litterarum
1263 4818 1447 4874 auctoritatem
1469 4816 1650 4888 proterebant.
1663 4815 1706 4871 llli
1719 4814 1808 4872 divina

1016 4884 1122 4953 dietata,
1152 4887 1202 4942 nisi
1235 4887 1381 4944 rationibus
1418 4889 1551 4958 humanis,
1579 4888 1632 4944 hoa
1659 4894 1712 4955 est,
1736 4899 1809 4942 mere

1014 4954 1222 5028 philosophicis,
1244 4959 1431 5031 probarentur,
1452 4958 1623 5032 respuebant.
1646 4957 1714 5015 liaee
1735 4955 1810 5015 eieci·

157 5030 273 5080 testatur
295 5023 365 5077 inter
396 5033 534 5079 auctorum
564 5025 684 5090 nomina,
709 5024 881 5094 peculiariter
906 5026 962 5100 agit
1015 5034 1068 5082 tate
1090 5025 1208 5084 Galenus
1238 5029 1368 5087 aduersus
1400 5030 1580 5103 Archigenem
1602 5033 1735 5095 rectatur,
1758 5028 1810 5083 hoe

158 5093 261 5149 Plinius
282 5091 300 5147 l.
317 5108 397 5162 xxvi,
414 5110 438 5150 c.
461 5098 492 5160 3;
509 5095 626 5151 citantur
650 5098 732 5152 etiam
756 5097 880 5168 quaedam
902 5101 961 5168 ejus
1014 5097 1180 5154 interdicto:
1200 5120 1212 5153 a
1232 5102 1292 5156 Non
1319 5102 1473 5158 auditurum
1496 5117 1525 5158 se
1550 5101 1649 5173 Νόμους
1677 5098 1809 5153 999999991-

158 5164 259 5234 scripte
282 5163 317 5217 ab
342 5165 419 5222 Aetio
444 5174 470 5220 et
494 5165 609 5230 Galeno,
623 5168 668 5240 qui
688 5168 797 5222 interim
816 5169 884 5224 duos
902 5172 961 5240 ejus
1014 5187 1104 5237 κτους,
1131 5171 1229 5242 quihus
1252 5172 1306 5228 iore
1329 5173 1368 5228 uti
1402 5173 1489 5229 solent
1510 5173 1619 5227 11199995
1642 5170 1684 5224 set
1707 5171 1810 5242 tipasam

157 5234 277 5292 nominis
300 5246 503 5291 commemorat.
520 5237 598 5293 llidet
621 5246 787 5294 autemeam
810 5239 853 5294 his
871 5239 962 5294 uerbis
1016 5235 1142 5312 brerprbhu
1159 5243 1299 5316 ἀφιγμένοι.
1325 5263 1338 5295 9
1364 5243 1458 5301 Galent
1481 5244 1561 5301 verba
1593 5253 1655 5299 sunt
1677 5242 1748 5300 libro
1776 5241 1810 5300 de

158 5306 319 5380 paulopost
341 5307 466 5363 Auctor:
490 5329 501 5356 r
523 5308 556 5363 Ut
580 5310 634 5378 rel,
654 5309 751 5381 inquit,
767 5311 800 5364 ab
816 5309 875 5365 istis
890 5316 961 5364 retu·
1015 5312 1085 5384 [tiss.
1119 5313 1174 5368 ttls.
1189 5316 1316 5370 secundo.
1332 5315 1393 5370 Rau.

157 5393 205 5436 aas
226 5376 398 5451 Asclepiade,
423 5394 517 5450 capras
547 5395 611 5435 suas
652 5388 755 5453 quaerat
789 5380 847 5435 sine
880 5381 961 5435 eorde
1051 5330 1283 5460 (tosPriacipale
1297 5387 1328 5442 t'a
1343 5390 1451 5443 anima.
1467 5387 1647 5457 Hieronymus
1661 5382 1695 5440 ad
1712 5383 1810 5441 119199-

158 5449 289 5515 halantes,
305 5458 333 5505 et
346 5464 454 5505 muscas
475 5467 537 5505 suas
559 5452 649 5524 abigat
664 5453 723 5506 sine
740 5451 829 5522 capito
844 5449 961 5505 volitau·
1015 5452 1079 5510 lam.
1095 5470 1138 5525 ep.
1156 5459 1207 5512 199
1224 5476 1232 5514 :
1251 5477 1262 5507 a
1279 5456 1414 5526 Quaeritur
1428 5457 1474 5513 ubi
1490 5458 1525 5514 sit
1537 5459 1634 5513 animae
1648 5455 1809 5539 principale.

159 5529 212 5591 tes3
240 5542 251 5570 a
277 5519 357 5577 tacite
380 5519 536 5594 significans
557 5522 760 5586 absurditatem,
780 5521 827 5594 qui
848 5520 956 5578 illarum
1017 5523 1094 5581 Plato
1125 5527 1153 5582 in
1180 5529 1301 5595 cerebro,
1327 5528 1450 5583 Christus
1485 5535 1616 5585 monstrat
1652 5543 1681 5582 m
1711 5527 1812 5592 cordes

158 5593 282 5666 exemplo
310 5591 391 5649 etiam
416 5593 450 5648 eh
478 5592 589 5651 homine
616 5593 825 5668 hegemonicum
850 5592 956 5651 auterre
1010 5594 1198 5656 beatimundo
1210 5600 1302 5657 corde.
1318 5617 1331 5651 a
1347 5606 1398 5657 etc.
1414 5600 1474 5655 lite.
