3840 6134
128 329 192 393 lost
446 384 459 400 ,
484 323 705 387 ruurdtlltril
719 322 854 385 drauum
873 322 1056 385 vulsit-
1076 323 1190 386 saulus
1206 325 1239 400 ll,
1259 324 1419 387 mouisti.
1707 322 1776 385 lusa

127 455 272 520 cataclistis
285 454 311 496 ³⁹
328 454 406 528 (aa),
427 453 483 511 imo
496 453 570 509 omni
592 452 732 525 conchylio
758 452 879 523 pressior
900 450 926 490 ⁴⁰
941 468 965 549 ss
980 449 1119 508 andaciam
1134 460 1162 507 et
1177 451 1309 509 Graeclam
1323 453 1348 491 ¹¹²·
1361 449 1479 508 nominis
1502 449 1575 523 (6³),
1595 447 1699 523 quippe
1730 464 1780 506 nec

128 551 257 621 (obtqua
266 543 557 619 collailorentib'llmt
571 541 766 616 omnipatagio
781 539 926 612 (adlima-
980 556 1078 598 sacras
1104 547 1146 598 est
1167 541 1285 614 corpori,
1310 555 1364 613 qao
1391 538 1583 596 minutioribus
1619 537 1707 594 multo
1743 539 1778 593 li-

127 639 221 710 ratior,
236 650 288 710 qua
318 642 393 710 terga
418 633 523 706 fulgent
539 650 547 704 3
566 641 594 690 et
611 633 686 690 omni
713 638 834 705 syrmate
853 629 927 687 sola·
980 636 1046 700 qaet
1060 630 1085 668 ¹⁵⁸
1109 632 1178 702 (66).
1194 630 1365 687 Chamaeleon
1388 629 1423 697 ιθ,
1439 627 1573 700 pellicula,
1602 626 1671 687 vivit
1696 628 1778 698 (65):

128 727 180 786 tior
194 725 262 798 (56),
277 740 330 799 qua
343 722 435 781 oaudae
447 723 552 793 jacent3
571 720 735 789 multicolor,
750 726 778 775 ct
799 719 926 784 discolor,
980 718 1129 789 capitulam
1157 719 1248 774 statim
1276 735 1292 774 a
1319 719 1410 783 dorso,
1440 732 1503 772 nam
1536 715 1628 772 deficit
1661 715 1778 784 cervix;

127 825 155 873 et
176 813 340 881 versicolor3
356 826 493 883 nunquam
522 809 591 882 ipsa,
621 824 730 880 semper
752 807 826 878 alia3
855 815 882 864 et
903 806 927 863 si
980 805 1072 880 itaque
1100 806 1195 863 darum
1217 806 1326 874 rellecli,
1354 806 1404 863 sed
1431 805 1629 878 circumspectu
1654 802 1780 861 emissilii

128 919 237 974 semper
249 905 309 975 ipsa
331 901 440 974 qnando
459 899 520 965 alia,
545 900 624 954 toties
646 897 763 972 denique
786 897 925 963 mutanda,
981 896 1069 965 ocelli,
1106 897 1161 953 imo
1189 896 1299 953 laminis
1330 904 1429 968 puncta
1469 893 1656 967 vertigiaant:
1686 894 1780 962 hebes,

129 992 234 1066 quoties
250 990 392 1048 movenda.
408 986 597 1045 Nominandus
619 994 661 1042 est
674 994 703 1043 et
725 1001 847 1058 serpens,
863 986 928 1042 licet
979 986 1067 1045 iessus
1079 986 1122 1042 vii
1136 1001 1153 1040 a
1169 993 1237 1044 terra
1256 985 1406 1059 suspendit,
1422 984 1535 1041 molitur
1557 983 1699 1040 iucensam
1722 994 1781 1040 stn-

129 1096 202 1155 pone
222 1094 341 1154 pavum:
357 1094 419 1134 nam
437 1086 465 1133 et
489 1076 539 1132 ista
561 1076 633 1148 qaod
656 1075 768 1131 sortitas
794 1072 838 1132 esi
858 1090 927 1131 oon·
980 1091 1048 1148 pens
1062 1082 1089 1132 et
1107 1081 1259 1147 promovet,
1275 1075 1391 1150 predam
1407 1073 1497 1146 magis
1517 1073 1688 1130 demonstrat
1702 1087 1782 1146 quain

129 1169 221 1237 vertit,
237 1168 341 1227 coriam
369 1174 397 1222 et
414 1181 513 1221 aevum.
527 1162 668 1237 Siquidem
683 1171 712 1219 at
732 1163 837 1220 aeaiam
863 1177 927 1234 per-
981 1164 1105 1237 explicat,
1125 1167 1235 1236 jejunus
1257 1164 1361 1221 scilicet
1382 1179 1490 1236 semper
1517 1172 1544 1220 et
1567 1160 1724 1219 indefectas
1744 1162 1778 1230 ιι,

133 1259 228 1330 sensit,
239 1259 267 1315 in
282 1254 421 1330 iapudes
443 1253 466 1294 ⁴¹
491 1253 572 1325 stipat
589 1251 657 1326 (66),
678 1252 833 1326 pariterque
860 1268 927 1323 spe·
980 1253 1098 1311 oscitans
1111 1254 1239 1324 vescitur,
1255 1252 1381 1310 follicans
1394 1252 1452 1325 (66)
1468 1252 1594 1318 ruminat,
1612 1248 1729 1308 1⁰88
1749 1249 1782 1309 de

130 1364 192 1408 cam
207 1347 375 1420 ingrediens,
395 1346 429 1402 ab
449 1340 560 1399 1031
575 1342 636 1415 ipso
649 1342 740 1399 statim
757 1341 850 1398 limine
868 1356 927 1399 era·
979 1350 1062 1400 vento
1076 1342 1162 1400 cibas.
1178 1343 1279 1400 Tamen
1303 1351 1329 1401 et
1354 1341 1520 1401 chamaeleon
1548 1348 1656 1399 mutare
1670 1347 1745 1399 totus
1758 1342 1782 1382 ιι

131 1453 189 1506 ιιι,
204 1435 310 1494 exuviis
324 1433 426 1490 ibidem
440 1432 540 1490 relictis
558 1446 646 1489 novas
669 1430 843 1503 explicatu:
866 1444 927 1487 cam
981 1431 1125 1498 nacoliae,
1145 1431 1226 1489 valet.
1255 1431 1323 1487 Neai
1352 1446 1415 1488 cam
1442 1431 1480 1486 illi
1504 1428 1604 1488 coloris
1630 1431 1783 1504 proprietas

130 1523 249 1598 squamis
269 1532 297 1580 et
311 1521 374 1578 anai
395 1520 589 1579 recusantur‘⁴³
610 1519 677 1591 (61).
697 1519 809 1590 lipsana,
832 1517 856 1574 si
873 1519 927 1576 ob·
980 1537 1033 1579 ana
1051 1521 1095 1590 sit,
1110 1530 1139 1577 at
1153 1521 1217 1594 qaid
1241 1519 1366 1586 accessit,
1380 1519 1443 1577 inde
1458 1516 1637 1576 sallanditar.
1652 1519 1712 1575 lloc
1733 1518 1783 1576 soli

131 1629 234 1680 serves,
249 1628 332 1669 sexus
345 1611 451 1668 annalis
465 1617 523 1680 est3
540 1625 641 1665 marem
657 1616 684 1664 et
703 1606 831 1662 seminam
846 1606 927 1663 alter·
980 1609 1168 1668 ehamaeleoati
1179 1610 1282 1676 datam,
1298 1608 1375 1683 qaod
1390 1609 1476 1682 vulqo
1489 1606 1591 1663 dictam
1607 1615 1649 1663 est
1662 1606 1699 1662 de
1712 1606 1783 1663 corio

130 1712 185 1761 nat.
202 1704 290 1761 Taceo
303 1718 421 1767 cervum,
436 1701 509 1773 qaod
524 1708 553 1756 et
566 1699 626 1771 ipse
640 1697 727 1755 estatis
740 1712 798 1753 suae
816 1696 925 1765 arbiter,
982 1715 1031 1757 sao
1045 1699 1140 1756 ludere
1157 1699 1226 1771 (67).
1239 1698 1322 1756 blalta
1337 1697 1482 1756 dicendum
1506 1696 1568 1771 lait,
1591 1704 1624 1753 ιι
1638 1696 1673 1753 ad
1694 1695 1782 1753 bomi-

130 1800 255 1863 serpente
279 1798 383 1863 pastas,
400 1803 506 1844 veneno
529 1789 676 1859 languescit
697 1787 726 1844 ia
747 1787 926 1859 juventatem·
943 1751 1044 1847 cnam
1065 1789 1248 1861 prestructim
1270 1790 1456 1863 perveniretur
1476 1789 1545 1860 (68).
1566 1785 1645 1842 llune
1672 1801 1783 1859 quoquo

131 1882 179 1938 list
206 1888 233 1936 et
260 1878 428 1951 quadrupes,
454 1874 618 1950 tardigrada,
646 1876 773 1952 agrestis,
806 1875 936 1944 humilis·
981 1877 1130 1950 primordio
1158 1876 1292 1950 accipitis,
1314 1877 1405 1934 andus
1423 1886 1496 1934 certe
1518 1884 1547 1932 at
1569 1875 1685 1933 investis
1700 1874 1781 1948 agdo

67 1980 70 1984 ·
131 1984 246 2040 aspera;
263 1963 428 2022 testudinem
454 1964 630 2035 pacuvianam
653 1964 757 2035 putas?
783 1979 840 2022 uon
870 1971 928 2023 est:
981 1983 1032 2025 sao
1054 1966 1195 2037 constitit,
1215 1974 1278 2037 post
1305 1966 1416 2024 demum
1438 1964 1608 2039 sapientiam,
1623 1965 1699 2022 baad
1721 1964 1781 2021 dara

131 2055 201 2128 capit
215 2061 243 2110 et
265 2053 325 2110 aliis
345 2053 404 2127 (62)
433 2052 547 2110 bestiola
570 2052 742 2120 versiculum,
764 2053 798 2110 de
816 2054 927 2113 medio·
982 2056 1083 2115 licitam
1097 2057 1153 2130 (66)
1182 2062 1355 2130 praereptam,
1379 2056 1494 2130 potitur.
1523 2053 1627 2112 lbidem
1654 2054 1731 2127 qaod
1756 2053 1782 2109 iii

131 2145 222 2204 cribas
237 2143 349 2217 oppido,
364 2144 412 2198 sed
439 2158 540 2202 nomen
567 2142 671 2218 qrande
686 2143 928 2210 ;oliamaeleontem
982 2160 1053 2203 novo
1072 2160 1186 2218 corpore
1200 2143 1350 2200 indebitum
1363 2144 1451 2201 adbuc
1472 2140 1570 2215 pudori
1598 2148 1669 2216 erat,
1692 2149 1781 2213 prota-

131 2237 178 2309 qai
206 2231 336 2300 audieris,
353 2232 425 2289 baad
455 2248 518 2290 ante
540 2248 652 2305 gnaras,
669 2232 726 2303 jain
754 2231 862 2290 timebis
883 2233 931 2289 ali·
982 2247 1049 2305 pere
1062 2232 1202 2299 festinans,
1220 2232 1249 2287 in
1263 2230 1388 2289 ficulneis
1403 2230 1475 2288 loliis
1494 2229 1602 2288 interim
1616 2229 1780 2288 circumdat:

132 2319 197 2394 quid
217 2319 333 2394 amplias
346 2336 409 2378 cam
431 2321 523 2387 leone,
539 2326 567 2377 at
589 2335 649 2378 caui
678 2319 829 2376 offenderis
855 2322 928 2394 apud
980 2321 1080 2380 dehinc
1093 2338 1156 2379 curn
1169 2322 1206 2381 da
1217 2320 1335 2397 originis
1359 2322 1422 2379 loco
1441 2317 1688 2393 exterminat('lb),
1705 2318 1781 2392 pelli·

131 2409 240 2468 vineam
269 2408 354 2466 lerme
372 2408 421 2464 sab
448 2410 575 2482 pampino
600 2414 695 2477 totum,
724 2407 826 2466 ridebis
854 2409 929 2469 illico
982 2421 1026 2469 tus
1039 2411 1260 2471 orbiatmetallo
1276 2413 1335 2486 (ll)
1351 2411 1440 2469 datar.
1460 2409 1514 2468 Sed
1538 2425 1637 2468 arcana
1661 2411 1715 2469 ista
1736 2424 1782 2466 nec

815 2508 911 2575 Variae
939 2515 1094 2578 lectiones.

168 2613 349 2697 39,(ἕιιιιιίιίι
362 2615 539 2696 6ιιιι..1.ιιρ.
558 2613 584 2696 ξι
602 2612 765 2704 Depresslor
797 2618 884 2673 Fran.
908 2618 932 2657 ⁴¹
950 2619 1079 2702 'Augusta
1110 2634 1140 2676 se
1168 2621 1256 2678 Fran.
1272 2620 1455 2696 angustiasse
1486 2618 1566 2691 seop.
1594 2616 1620 2656 ⁴²
1643 2616 1741 2674 Novas
1756 2632 1783 2674 se

133 2686 249 2758 explicat
274 2688 310 2743 Le
347 2727 355 2740 .
386 2701 475 2742 neniis
497 2685 612 2758 explicat
639 2686 723 2744 bcml.
752 2702 852 2745 novam
875 2704 905 2746 sa
927 2691 1140 2761 explicatPam.
1154 2691 1181 2730 ⁴³
1197 2691 1378 2749 llecarsaatar
1396 2691 1434 2749 al.
1464 2695 1625 2749 iecaiantar
1644 2690 1686 2746 nl.
1712 2689 1737 2727 ⁴⁴
1752 2688 1783 2745 lit

133 2756 247 2828 Graecij
335 2758 399 2815 bea.
418 2757 557 2841 egregiam
580 2757 669 2814 Salm.
684 2758 710 2798 *ὅ
729 2756 783 2829 Qui
798 2759 988 2818 minutioribus
1001 2762 1087 2819 multo
1100 2762 1162 2822 licet
1174 2765 1261 2822 Fran.
1276 2763 1302 2804 ⁴⁶
1315 2761 1344 2820 Si
1358 2763 1461 2822 inserit
1474 2761 1565 2821 Salui.
1584 2761 1610 2801 ιι
1629 2760 1783 2818 ladeiessas

133 2832 226 2890 Perii.
241 2830 267 2869 ⁴⁰
288 2829 383 2898 Totus,
401 2843 451 2886 nec
465 2828 537 2884 iliad
547 2831 635 2886 Fran.

825 2901 1074 2972 Commentarius.

170 3010 228 3083 (55)
247 3010 329 3067 Vestis
344 3009 376 3066 de
398 3009 566 3067 ιιιιιιιιιιι.
582 3013 623 3067 lla
635 3008 761 3082 pretiosis
774 3024 806 3067 ac
820 3009 936 3083 diligen·
951 3027 974 3109 p
987 3013 1025 3071 Et
1037 3012 1192 3070 luvenalis:

135 3083 190 3164 tias
203 3080 362 3161 asservatis..
374 3080 420 3136 Sic
433 3081 549 3163 Apuleio
572 3082 620 3138 lib.
635 3098 685 3138 xi:
704 3081 839 3139 «Chorus
849 3093 934 3165 ‚veste
1065 3101 1097 3153 pq
1113 3100 1240 3166 quidquid
1257 3100 1352 3153 fimi,
1368 3098 1477 3152 md„

134 3168 215 3209 niuea
230 3161 258 3206 et
270 3152 408 3207 camelista
427 3160 594 3221 praenitens3
614 3173 627 3206 a
643 3153 763 3210 etsexta
778 3153 935 3225 Empiricos
1065 3164 1148 3215 Anasi
1158 3167 1186 3215 tn
1200 3165 1315 3214 maioma.
1334 3162 1393 3215 iiie,

133 3224 216 3297 Tlpiov
238 3223 280 3275 aet
293 3222 475 3281 mamerti.
490 3225 608 3307 Hesych.
623 3226 809 3289 Κατάκλιιστιι,
836 3223 860 3279 ιν
888 3227 936 3280 lio·

134 3295 206 3368 ρινιῳ
235 3293 330 3366 ἑταῖραι
346 3312 418 3359 τινες,
435 3309 497 3365 qaae
516 3297 616 3355 scilicet
637 3296 720 3371 vulgo
748 3298 859 3354 mininie
885 3313 935 3371 pa·

135 3374 237 3437 rerent,
252 3366 341 3440 qualis
354 3365 400 3422 illa
413 3365 519 3436 Catulli,

212 3517 344 3569 Servanda
357 3516 436 3582 nigris
451 3516 597 3582 diligentius
613 3518 680 3570 avis.
691 3517 749 3570 liic.

170 3635 228 3705 (56)
251 3633 334 3690 Omni
361 3631 507 3704 conchylio
529 3633 664 3705 pressior.
693 3632 791 3688 Pressa
816 3648 936 3714 purpura

136 3705 245 3769 dieitur,
261 3718 322 3774 qnae
337 3702 432 3772 purius
445 3712 472 3756 et
490 3704 624 3759 meracius
646 3704 725 3760 lacet.
745 3704 853 3760 Etenim
876 3704 936 3760 laus

135 3776 161 3833 ei
175 3788 280 3830 samnia
293 3773 369 3828 color
384 3771 524 3844 sanguinis
545 3774 633 3846 pressi
656 3783 683 3830 et
697 3774 824 3838 concreti,
846 3777 934 3848 nigri-

134 3851 335 3975 gasnangpeetn,
352 3842 476 3915 idemque
490 3855 616 3916 suspecta
632 3845 777 3920 refulgens.
798 3845 869 3903 Plin.
890 3862 935 3915 rx,

172 3985 229 4060 (57)
249 3985 310 4054 Ωιι
329 3982 403 4043 colla
419 3984 533 4065 florent.
550 3984 670 4058 Florere,
685 3987 719 4045 de
735 4003 855 4062 purpura
867 3987 935 4045 diei-

136 4066 189 4115 tur.
205 4056 266 4128 lpse
281 4053 394 4113 Tertull.
416 4056 485 4113 libro
505 4056 538 4114 de
548 4056 618 4118 ldol.
634 4078 643 4115 .·
661 4080 673 4111 i
690 4058 782 4129 Qualis
796 4060 830 4120 de
843 4063 936 4118 buma-

137 4130 175 4187 ris
189 4128 250 4199 ejas
268 4143 388 4199 purpura
405 4126 525 4186 lloreret.
545 4129 640 4189 illia.

172 4200 229 4273 (56)
244 4202 278 4281 Ei
293 4199 383 4281 'omrai
406 4201 530 4273 pelopia.
552 4201 706 4275 Paiaqium,
730 4204 803 4262 aadc
822 4203 933 4280 patagio

135 4274 230 4342 vestis,
243 4272 310 4328 nibil
331 4269 403 4351 aliud
426 4278 467 4327 est
480 4288 560 4345 quani
582 4274 675 4333 clavas
688 4289 798 4351 sareas,
823 4273 871 4347 qai
898 4275 933 4332 ad

136 4357 269 4400 summam
289 4352 405 4401 tunicam
428 4344 610 4401 assuebatur:
635 4346 720 4421 vulgo
747 4345 775 4402 ia
802 4347 934 4405 matronis

136 4415 275 4488 patagiam
289 4413 437 4481 dicebatur,
452 4423 479 4470 et
494 4416 585 4472 clavas
598 4416 625 4472 ia
635 4416 710 4473 viris.
723 4417 762 4475 bu
775 4418 825 4475 Pii.

172 4487 229 4559 (56)
242 4486 325 4542 Omni
338 4490 463 4558 ammata
473 4489 605 4545 solutior.
625 4488 740 4561 Tragisa
752 4489 851 4547 vesds:
869 4486 932 4546 inde

137 4563 164 4614 at
179 4556 305 4612 mulieres
323 4560 365 4611 tra
386 4555 435 4613 ieie
448 4573 555 4630 qunque
575 4560 757 4617 induebantur
774 4559 882 4617 solatim
904 4570 932 4618 et

183 4629 228 4684 im.
243 4627 309 4685 Lae.
323 4657 360 4672 ·-
387 4632 412 4684 ta
426 4628 623 4687 iocabaaiare
639 4630 722 4689 verbo
741 4630 836 4688 Graeco
855 4630 931 4704 alpe.

136 4700 230 4828 quiens
244 4711 321 4774 tergo
335 4697 437 4758 iluebat
449 4707 477 4756 et
489 4715 561 4774 pone
575 4701 645 4759 talos
664 4701 738 4760 uani
752 4705 931 4778 protraheba-

136 4779 435 4916 ῑυ1661111αιι)ιιιιιίιι
454 4843 553 4917 stipat.
569 4844 640 4917 lpse,
656 4844 702 4904 lib.
718 4846 756 4905 ad
773 4846 930 4922 llarlpraa:

139 4914 206 4971 ille
229 4915 290 4969 alus
304 4914 331 4969 iii
351 4928 420 4969 arcae
442 4930 529 4985 genas
551 4915 674 4989 stipatas.
695 4941 706 4968 ι
724 4918 785 4974 ilie.

172 4931 274 5068 (61116
285 4986 357 5042 cuni
371 4990 551 5044 recusantur.
564 4988 791 5065 Derelinquantar
800 5007 854 5048 una
869 5009 931 5050 curu

136 5071 251 5114 exuviis.
265 5056 345 5114 blodo
358 5055 458 5113 lectum
473 5058 522 5115 lait
535 5061 672 5137 explieat,
688 5077 738 5136 pro
756 5063 929 5191 explicatur.

815 5149 862 5192 nn.

170 5200 226 5273 lbi)
247 5199 388 5259 Aliis.Pro
404 5201 465 5272 alia,
476 5212 635 5275 usurpatam
647 5205 728 5262 etiam
742 5195 857 5264 calado.
867 5207 931 5265 lira.

171 5273 230 5345 (63)
239 5273 397 5331 Audaciam
411 5280 439 5332 et
455 5276 593 5333 Graeciam
607 5278 744 5336 nominis.
764 5277 835 5346 Quid
850 5294 932 5350 supra

135 5347 286 5412 audaciam,
297 5345 349 5401 nisi
362 5344 578 5420 impudentiam?
588 5348 689 5419 ltaque,
700 5356 730 5404 ut
739 5349 817 5407 etiam
831 5348 932 5422 aliquid

136 5416 427 5548 {girifiddnffitiitff
441 5416 625 5486 dicoret,dicit
638 5416 931 5498 arecumvuqaiam

408 5533 416 5564 l

230 5586 278 5640 saa
289 5587 377 5650 draci,
390 5586 483 5654 quibas
493 5588 608 5645 estnihil
623 5597 751 5658 negatam.

1022 3284 1064 3339 ''.
1074 3255 1212 3312 Graeciam
1225 3253 1361 3314 nominis.
1379 3250 1425 3310 Sic
1439 3249 1535 3325 legitur
1547 3248 1577 3308 in
1590 3248 1685 3310 codice
1698 3250 1787 3313 Divio-

988 3342 1076 3385 nanu.

1025 3395 1081 3472 (64)
1098 3397 1155 3468 Quo
1169 3393 1370 3454 minutioribus
1383 3394 1474 3452 mallo
1494 3394 1594 3479 liquat.
1620 3392 1666 3453 Sic
1690 3394 1787 3453 babuit

988 3467 1051 3525 libri
1064 3476 1181 3536 veteres,
1196 3467 1249 3524 nisi
1297 3466 1333 3522 od
1356 3466 1486 3533 scribant,
1503 3468 1580 3533 lecet,
1626 3481 1657 3522 ro
1686 3467 1783 3542 liquet,

988 3555 1039 3597 nec
1052 3539 1133 3598 video
1146 3554 1195 3595 ear
1210 3538 1264 3595 alia
1297 3537 1396 3620 matari
1411 3538 1559 3619 quidquam
1571 3483 1712 3596 debuerit.
1727 3540 1784 3595 Non

989 3620 1041 3681 est,
1053 3612 1152 3683 inquit,
1168 3608 1371 3666 chamaeleontis
1384 3622 1493 3680 corpori
1509 3623 1680 3681 sacciis‚qao
1696 3609 1783 3666 mina·

991 3682 1105 3738 tioribus
1127 3681 1212 3737 multo
1226 3680 1334 3737 insectis
1360 3681 1498 3754 plerisque
1520 3680 1627 3752 liqaet:
1657 3681 1715 3738 hoc
1737 3689 1785 3751 est,

990 3755 1069 3824 cajus
1093 3751 1198 3823 liquore
1221 3752 1368 3808 minutiora
1390 3752 1474 3809 multo
1502 3757 1673 3808 aancaient.
1694 3751 1785 3825 Liquet

989 3839 1082 3895 succo,
1099 3822 1315 3894 impersonaliter
1337 3823 1446 3892 dicitur,
1461 3826 1492 3877 at
1503 3820 1532 3878 in
1548 3821 1692 3901 prodigiis,
1718 3822 1785 3897 plait

988 3897 1065 3962 lacte,
1079 3894 1220 3969 sanguine,
1235 3902 1288 3951 etc.
1303 3896 1367 3951 llis.

1024 3967 1084 4039 (66)
1101 3967 1287 4033 Chamaeleon,
1311 3966 1449 4039 pellicula
1471 3966 1552 4023 uiuit.
1572 3963 1631 4023 Etsi
1658 3965 1730 4024 nibil
1752 3964 1785 4023 sit

988 4038 1062 4095 eliud
1078 4053 1158 4112 qaam
1173 4036 1307 4111 pellicula,
1323 4047 1412 4094 tamen
1427 4036 1502 4094 vivit.
1522 4037 1584 4094 llio.

1023 4110 1070 4184 (66
1097 4109 1251 4168 Follicaar.
1262 4108 1292 4164 ln
1306 4109 1416 4165 modurn
1431 4107 1504 4166 follis
1516 4106 1635 4164 indatus.
1649 4107 1717 4169 lira.

1023 4183 1072 4255 (67
1097 4181 1136 4240 lle
1148 4183 1224 4241 como
1237 4197 1287 4239 iao
1310 4180 1414 4240 ledere.
1433 4178 1572 4250 bardalia,
1584 4179 1614 4235 iii
1632 4180 1784 4240 Cerdonem

948 4235 1129 4328 unemdam
1155 4260 1210 4309 tam
1233 4251 1376 4310 ambitiose
1406 4251 1524 4318 lateam,
1551 4257 1581 4307 at
1607 4250 1644 4308 de
1671 4252 1785 4325 pecunia

986 4325 1135 4455 pgtrciendis
1149 4322 1263 4399 pellibus
1288 4324 1403 4397 quaesite
1427 4322 1589 4398 gladiatores
1610 4325 1718 4397 populo
1734 4323 1783 4381 da·

1033 4492 1124 4545 Ebrius
1139 4507 1177 4555 es,
1190 4507 1237 4545 nec
1252 4491 1320 4544 enim
1336 4492 1432 4543 laceres
1454 4490 1482 4541 id
1502 4490 1601 4543 sobrius
1613 4505 1740 4558 anqinm,

1096 4555 1127 4608 Ut
1140 4558 1219 4609 velles
1238 4555 1305 4607 corio
1326 4555 1422 4616 ludera,
1434 4553 1522 4615 Cerdo,
1538 4562 1590 4606 tao.
1615 4554 1674 4607 llic.

1022 4648 1081 4720 (66)
1099 4649 1131 4706 tlt
1147 4646 1183 4704 ad
1202 4647 1345 4706 lamisem
1365 4645 1560 4719 praestructim
1574 4647 1781 4728 perveniretur.

986 4719 1174 4777 rrasiiaenai
1196 4717 1271 4775 iaere
1286 4717 1380 4785 malta,
1409 4724 1440 4773 ut
1465 4716 1499 4772 ad
1526 4718 1666 4774 hominem
1684 4734 1781 4789 parva·

984 4790 1098 4847 niretar.
1115 4789 1177 4846 ilia.
1192 4819 1228 4831 -
1242 4791 1332 4848 Multa
1349 4787 1498 4863 decadam
1511 4789 1581 4861 suit.
1596 4789 1646 4846 Eat
1666 4789 1783 4848 Graecis·

985 4879 1057 4944 iaus,
1069 4861 1129 4944 aive
1144 4861 1256 4919 imitatio
1271 4863 1363 4918 loraiae
1388 4860 1416 4915 in
1444 4861 1597 4943 verbalibus
1623 4879 1689 4929 τως,
1704 4881 1732 4930 e,
1748 4880 1781 4916 av.

983 4929 1530 5078 eraclii-ariarate:

984 5079 1093 5220 031611)
1095 5094 1184 5207 Ι11ιιιι
1208 5147 1275 5206 dam
1304 5147 1426 5206 licitam.
1445 5147 1534 5205 Adara
1555 5148 1640 5220 euim,
1664 5147 1784 5207 iructam

985 5222 1218 5303 vetitumqastara
1230 5220 1356 5302 voleado,
1378 5219 1551 5302 sapientiam,
1566 5234 1621 5291 qua
1632 5218 1692 5301 ‚ipat
1714 5236 1784 5279 nos·

984 5292 1339 5450 ιιιιιιιιιι
1350 5291 1785 5447 austeritatum-2,

985 5437 1059 5500 deor
1101 5437 1144 5495 air
1161 5437 1230 5502 loco,
1245 5449 1343 5508 nempe
1357 5435 1392 5490 de
1404 5433 1544 5506 paradiso.
1561 5435 1633 5492 lina.

1021 5511 1064 5583 (ιι
1096 5508 1162 5570 Orbi
1174 5508 1343 5567 ιιιιιιιιιι.
1358 5507 1393 5565 Ut
1406 5522 1501 5565 servia
1515 5507 1550 5569 ad
1573 5506 1680 5564 meulla
1704 5507 1743 5565 its
1753 5507 1788 5569 sd

984 5583 1078 5658 spinis
1089 5589 1117 5642 et
1130 5579 1400 5643 aibiiloedamnatas
1416 5588 1458 5639 ost
1471 5585 1663 5653 protoparens.
1677 5549 1751 5639 bna.
