3840 6134
167 222 234 286 1099
522 219 743 284 tuuuhthttlll
761 219 897 288 OPERUM
915 219 999 283 utus
1016 219 1050 284 ll.
1068 251 1105 265 -
1121 217 1236 283 sullus
1254 218 1276 288 1.
1296 219 1453 286 u0hthtn.
1742 225 1813 297 stou

164 351 322 425 inpublico.
342 349 463 426 Denique
477 350 582 407 Lentuli
600 349 711 423 auguris
738 350 869 406 consultis
892 347 961 422 (tt),
977 363 1000 441 fl
1018 347 1103 422 galeri
1123 346 1181 422 (lh)
1204 347 1299 405 Cereri
1324 349 1463 408 initiantur
1491 369 1498 408 :
1523 368 1584 408 cum
1611 352 1647 408 ob
1674 351 1814 411 diuersam

162 455 225 514 qne
262 439 300 496 ita
336 455 398 496 sese
442 446 654 505 exauctorasset
698 453 748 510 pro
777 446 874 508 stupro
904 444 963 492 erat
1018 436 1186 494 affectionem
1202 436 1345 495 tenebricae
1360 440 1443 497 vestis
1466 441 1536 513 (25),
1564 447 1592 496 et
1610 440 1698 497 tetrici
1730 457 1813 515 supra

162 545 241 600 poeua
261 529 341 604 (l8):
366 526 622 602 quoniamquidem
650 525 752 583 indices
783 526 962 596 custodesque
1016 537 1096 598 caput
1111 515 1220 585 velleris
1235 527 1301 601 (26),
1332 527 1359 583 in
1386 529 1514 599 Bellona,
1536 539 1641 586 mentes
1667 529 1693 568 ⁷⁸
1716 529 1813 605 ingau-

162 617 300 691 dignitatis
323 615 443 688 habitus,
472 623 502 672 ut
529 614 656 672 lenocinii
680 613 820 670 factitandi
843 610 961 682 impedi·
1017 624 1063 673 tur
1076 618 1134 688 (at)
1151 635 1157 672 :
1173 633 1233 672 cum
1248 616 1350 675 latioris
1365 636 1492 693 purpure
1506 619 1617 676 ambitio
1632 619 1702 691 (28),
1719 628 1748 676 et
1761 636 1812 692 gs-

160 717 261 777 menta,
275 705 369 761 sedulo
392 703 515 777 quaedam
539 702 753 761 desueleeerant.
779 701 815 758 nt
837 716 911 757 nunc
933 700 961 756 in
1014 701 1087 758 latici
1097 704 1202 758 ruboris
1213 701 1271 773 (23)
1286 705 1451 776 superjectio
1465 703 1611 760 Saturnum
1620 705 1812 763 commendat:

161 795 321 869 semetipsas
347 793 538 859 lenocinando,
561 807 615 865 quo
634 791 740 863 planius
763 791 903 859 adeantur,
933 796 960 847 et
1013 805 1075 847 cum
1101 790 1189 860 ipsum
1217 791 1269 847 hoc
1290 792 1399 863 pallium
1424 794 1561 850 morosius
1589 792 1761 864 ordinatum,
1788 802 1815 853 el

160 883 266 950 stolam,
281 893 309 939 et
322 897 470 955 supparum
483 881 552 954 (ts),
574 888 602 937 et
621 880 796 953 crepidulum,
814 887 841 936 et
854 878 960 936 calien-
1013 877 1130 949 crepidae
1151 886 1299 950 graecetum
1320 878 1345 918 ⁷⁹
1373 881 1430 952 (30)
1457 879 1610 954 AEsculapio
1649 881 1811 940 adulantur.

160 973 254 1040 drum,
278 972 337 1045 ipse
361 986 469 1045 quoque
493 968 549 1042 jam
563 968 691 1036 lecticas,
714 976 740 1026 et
762 969 857 1035 sellas,
881 966 960 1039 queis
1012 965 1118 1035 Quanto
1133 973 1195 1022 tuuc
1209 967 1297 1040 magis
1324 983 1424 1042 arguas
1444 969 1522 1035 illud,
1544 975 1572 1025 et
1595 985 1698 1043 urgeas
1713 971 1812 1045 octrlis,

159 1062 188 1118 in
203 1061 311 1132 puhlico
325 1076 432 1136 quoqne
446 1059 593 1117 domestice
612 1075 643 1117 ac
657 1065 761 1117 secrete
777 1057 957 1126 habebantur,
1014 1063 1040 1112 ot
1054 1053 1077 1110 si
1098 1054 1155 1125 jam
1183 1055 1313 1128 simplicis
1341 1065 1368 1113 et
1390 1055 1560 1124 inaffectatae,
1591 1066 1682 1115 umen
1712 1075 1812 1132 super·

159 1150 307 1220 ejerntere.
336 1149 389 1207 Sed
412 1149 481 1206 alius
499 1147 648 1221 exstinguit
676 1163 724 1204 sua
748 1144 861 1211 lunrina,
890 1145 958 1202 alius
1011 1142 1228 1202 sitiouisreumi
1242 1145 1386 1204 Enimvero
1402 1161 1463 1202 curn
1478 1146 1546 1202 haue
1565 1145 1684 1218 primum
1700 1149 1811 1222 sapien·

159 1254 213 1295 non
231 1255 280 1296 sue
298 1239 429 1296 accendit.
460 1237 563 1312 Aspice
577 1239 655 1310 lupas
674 1235 846 1309 popularium
867 1234 958 1292 lihidi·
1012 1233 1076 1290 tiam
1090 1233 1181 1298 vestit.
1196 1250 1258 1307 quae
1281 1234 1431 1292 vanissimis
1451 1233 1692 1306 superstitionibus
1712 1238 1811 1308 renuit,

160 1345 223 1385 num
256 1328 401 1398 nundinas,
428 1329 501 1401 ipsas
523 1342 631 1402 quoque
649 1326 768 1386 lirtrices
796 1325 864 1399 (23),
893 1323 958 1381 etsi
1011 1331 1076 1380 tunc
1104 1323 1252 1381 certissime
1272 1322 1384 1394 pellium
1412 1339 1495 1396 super
1521 1340 1616 1382 omnes
1640 1327 1759 1385 exuuias
1785 1336 1816 1398 el¹

97 1418 100 1422 ’
159 1425 269 1490 praestet
295 1417 390 1475 oculos
415 1416 550 1476 abducere
575 1417 626 1472 aha
653 1414 787 1488 ejusmodi
815 1413 957 1487 propudiis
1010 1411 1105 1484 peplos
1119 1418 1234 1485 augusta
1251 1412 1334 1471 vestis
1358 1428 1495 1487 superque
1516 1428 1611 1473 omnes
1630 1415 1727 1489 apices
1745 1418 1811 1476 ωσι

143 1506 255 1564 ocche
281 1505 310 1562 in
339 1504 449 1578 publico
486 1505 628 1573 castitatis,
661 1503 752 1577 aspice
789 1512 878 1560 tamen
913 1501 956 1573 vel
1010 1498 1111 1558 tutulos
1138 1501 1265 1558 sacerdos
1296 1508 1440 1576 suggestus
1479 1504 1547 1574 (st).
1585 1502 1684 1573 Deduc
1716 1505 1810 1564 oeulos

157 1594 280 1654 sublimis
289 1595 359 1667 (st),
373 1595 430 1666 jum
455 1601 592 1651 matronas
613 1590 730 1649 uidebis.
745 1590 780 1648 Et
801 1605 862 1647 cum
876 1588 955 1647 latri·
1010 1589 1120 1660 suadeo,
1134 1605 1259 1649 reverere
1276 1591 1397 1649 habitum
1422 1591 1503 1650 unius
1517 1591 1629 1650 interim
1649 1595 1809 1655 erroristtti

56 1667 59 1671 ’
156 1701 253 1743 narum
275 1683 388 1740 antistes
409 1681 525 1739 sericum
541 1678 659 1751 ventilat,
689 1689 717 1736 et
744 1677 953 1737 immundiorem
971 1653 994 1732 Β
1010 1676 1233 1736 renuntiatorem.

156 1773 217 1832 loco
244 1770 375 1830 cervicem
398 1769 547 1826 mouilihus
572 1768 729 1826 consolatur
756 1766 825 1841 (22),
857 1775 885 1823 et
907 1784 953 1826 ar·

155 1861 237 1918 millis
252 1875 320 1932 ques
335 1873 369 1915 ex
385 1858 505 1916 uirorum
523 1856 632 1915 fortium
646 1856 725 1914 donis
753 1856 819 1928 ipsae
846 1870 954 1930 quoque
1325 1819 1437 1879 CAPUT
1457 1820 1489 1881 v·

154 1956 284 2006 matronae
298 1955 400 2005 temere
413 1956 601 2022 usurpassent,
618 1945 739 2004 omnium
766 1945 953 2018 pudendorum
1042 1944 1153 2011 Tamen,
1173 1942 1273 2016 inquis,
1288 1943 1326 2001 ita
1340 1958 1358 2001 a
1373 1953 1445 2021 toga,
1461 1945 1495 2003 ad
1505 1944 1641 2019 pallium?
1655 1947 1726 2021 quid
1737 1949 1804 2006 enim

154 2035 276 2095 conscias
288 2050 385 2094 manus
399 2035 504 2110 inserit,
519 2037 626 2110 impuro
635 2034 708 2093 cruri
723 2051 820 2107 purum
836 2035 894 2109 (23)
908 2041 954 2092 aut
1007 2032 1030 2090 si
1044 2051 1060 2090 a
1072 2033 1222 2090 diademate
1236 2039 1262 2089 et
1276 2049 1291 2089 a
1310 2042 1419 2107 sceptro
1430 2035 1489 2092 ian
1508 2034 1585 2093 aliter
1599 2037 1719 2094 mutarit
1733 2040 1803 2095 hus·

154 2125 311 2184 mulleolum
338 2126 443 2184 inducit
463 2127 584 2185 calceum
599 2145 606 2187 ε
621 2142 669 2183 cur
682 2124 751 2184 istos
765 2140 820 2184 uon
834 2133 953 2198 spectas,
1005 2123 1189 2192 charsis,cum
1203 2139 1286 2198 regno
1296 2124 1413 2196 Scythiae
1436 2124 1638 2197 philosophiam
1647 2126 1805 2199 praenertitl

155 2217 198 2273 vel
226 2214 287 2274 illos
314 2214 420 2275 1Μῦ
453 2214 515 2272 item
543 2214 654 2273 habitus
682 2214 728 2289 qui
755 2211 866 2271 nouitati
893 2229 952 2271 sue
1005 2212 1086 2268 Nulla
1099 2212 1128 2268 in
1145 2212 1240 2268 melius
1255 2212 1416 2287 transgressi
1430 2213 1454 2252 ³¹
1469 2213 1523 2269 sint
1536 2213 1625 2287 signa,
1641 2222 1688 2272 est
1701 2216 1804 2274 hahitus

153 2314 225 2362 stare
239 2305 408 2381 relligionem
425 2303 612 2362 mentiuntur?
633 2321 695 2362 cum
722 2304 758 2360 oh
772 2302 874 2361 cultum
888 2317 951 2361 om·
1004 2301 1057 2361 iste
1075 2302 1148 2374 quod
1160 2300 1252 2359 iaciat.
1276 2301 1354 2358 Prius
1372 2301 1502 2359 etiamad
1518 2302 1675 2376 simplicem
1692 2302 1803 2367 1040

152 2393 197 2451 uia
210 2393 391 2464 candidatum,
405 2399 432 2451 et
446 2392 482 2448 oh
504 2399 596 2450 notam
614 2393 700 2462 sittae,
727 2399 755 2448 et
777 2389 950 2466 priuilegium
1004 2390 1162 2464 captatelam
1176 2391 1202 2432 ⁸²
1224 2392 1281 2465 (32)
1295 2393 1366 2465 ejus,
1385 2390 1460 2450 nullo
1478 2391 1559 2450 taedio
1583 2402 1718 2454 constat:
1737 2396 1802 2455 adeo

832 2489 929 2555 Varie
950 2493 1108 2555 lectiones.

151 2673 160 2730 l
186 2597 329 2732 'alim
342 2602 427 2659 dhan.
445 2597 471 2639 ²⁹
484 2596 598 2657 &cutte
607 2597 744 2673 paratim
754 2601 842 2658 Fron.
856 2597 883 2639 ⁸⁰
896 2597 996 2673 spires
1010 2604 1037 2655 et
1051 2597 1144 2655 titulos
1165 2595 1252 2656 Semi.
1267 2596 1291 2637 ³¹
1307 2596 1504 2672 Transgressus
1518 2602 1605 2663 dian.
1621 2601 1649 2642 ⁸²
1664 2601 1799 2677 Speetsti·

162 2687 204 2730 am
255 2688 304 2730 an.

850 2739 1099 2806 Commentarius.

186 2826 244 2896 (lt)
258 2821 652 2896 Lentulioupuriscottsultir.
663 2820 712 2879 Cn.
721 2820 851 2879 Lentulus
861 2837 947 2896 augur
999 2837 1047 2877 seu
1060 2820 1181 2877 hlinerne
1195 2818 1311 2880 calceata
1326 2823 1410 2880 lurris
1424 2823 1528 2897 galeam
1541 2827 1649 2885 formis.
1661 2827 1727 2901 lpse
1736 2826 1799 2885 rer·

150 2911 210 2952 cum
221 2897 297 2952 l’uhl.
316 2895 429 2952 Lentulo
448 2894 575 2965 primum,
595 2895 693 2949 iterum
707 2909 768 2950 cum
792 2896 829 2951 ht.
845 2894 945 2953 Crasso
1000 2891 1058 2950 tull.
1073 2893 1108 2949 de
1125 2893 1238 2950 Testim.
1255 2909 1304 2950 uu.
1318 2911 1383 2969 pag.
1398 2898 1443 2950 32.
1458 2897 1520 2952 liro.

150 2968 244 3024 consul
261 2968 309 3023 luit
322 2965 440 3047 Augusti
452 2976 572 3036 tempore
587 2981 594 3019 :
610 2964 670 3035 ejus
684 2964 800 3021 consulti
816 2965 888 3036 quod
911 2967 945 3048 de
960 2942 983 3024 Β
1034 2965 1133 3047 (lilla
1142 2964 1266 3046 Bellone
1275 2968 1543 3039 mectcsfupuntur.
1555 2968 1796 3050 Mentemlugatnr

150 3048 334 3094 matronarum
349 3037 439 3092 habitu
453 3037 504 3092 suh
517 3050 550 3092 eo
563 3034 662 3091 iactum
675 3043 727 3103 est,
752 3036 829 3093 nnlla
842 3044 944 3093 mentio
997 3031 1140 3106 ianatteus,
1159 3050 1204 3108 qur
1218 3053 1245 3092 rn
1260 3038 1317 3094 ede
1328 3037 1446 3104 Bellonae
1461 3038 1551 3097 lurore
1564 3040 1726 3112 corripitur.
1741 3042 1794 3098 aet

149 3109 220 3181 apud
240 3108 374 3166 Senecam
390 3118 418 3165 et
432 3107 590 3164 Suetonium
605 3107 652 3179 qui
667 3107 701 3163 de
715 3123 748 3164 eo
763 3107 847 3164 locuti
869 3115 943 3165 sunt.
998 3106 1133 3233 iiipmus’
1160 3108 1359 3233 teotgopcfdpcror.
1382 3109 1446 3164 llic.
1462 3139 1498 3152 -
1526 3111 1617 3186 Vulgo
1633 3111 1738 3194 legitur
1767 3112 1793 3168 in

147 3181 241 3323 miii)
256 3251 310 3308 Pro
320 3255 418 3324 stupro
432 3252 496 3309 crat
507 3265 602 3322 pena.
613 3248 680 3304 Tam
692 3248 773 3308 foede
787 3257 944 3308 exauctore-
996 3188 1531 3335 trilliiiieplitiiiirestegiliilirrristerirfgisie
1540 3199 1721 3327 unaritnufflpriril
1727 3185 1792 3312 Ἦ

149 3321 215 3382 tioni
229 3323 323 3379 eedem
337 3336 429 3393 poenu,
443 3336 503 3394 quae
517 3331 621 3394 stupro.
635 3319 700 3378 liro.
1035 3328 1136 3378 sunum
1155 3338 1185 3376 nn
1198 3328 1265 3376 ectus
1278 3322 1448 3407 purgationis
1461 3324 1606 3395 Caeciliani,
1629 3327 1792 3385 mentium

183 3391 945 3467 (¹9)Etstclametsupparum,otc'lurnehuscrepidn·
1016 3393 1056 3446 eri
1071 3391 1170 3448 montis
1181 3391 1310 3464 Bellona,
1331 3402 1410 3464 Juxta
1423 3394 1620 3469 Carthaginem,
1637 3412 1699 3471 qne
1724 3412 1791 3455 uon-

146 3464 200 3523 lam
214 3465 292 3539 legit,
312 3465 360 3522 sed
379 3464 468 3548 magis
482 3461 690 3536 placettulgsta
704 3463 943 3521 lectioNsmore·
997 3463 1140 3520 nullisese
1164 3469 1227 3521 tunc
1249 3466 1276 3520 in
1340 3466 1492 3523 rsceutione
1522 3468 1714 3526 contulerant.
1742 3469 1791 3527 Sd

145 3537 259 3619 pitulum
274 3534 353 3594 Festo
367 3534 502 3609 signifieat
522 3543 710 3591 ornamentum
735 3534 840 3607 cepitis,
858 3533 943 3616 'quod
996 3530 1119 3616 curtlaut
1132 3541 1237 3590 montes
1256 3537 1301 3592 Bet
1315 3551 1375 3592 ouae
1394 3540 1558 3609 complures,
1591 3549 1641 3597 aut
1669 3539 1792 3598 nouom-

144 3624 172 3662 1n
189 3607 284 3679 capitis
299 3618 372 3663 motu
387 3607 521 3679 crepitum
544 3605 616 3662 lacit.
640 3606 824 3674 caliendrum,
857 3610 944 3676 rnqurt
997 3607 1052 3661 rios
1067 3622 1093 3660 m
1122 3606 1240 3661 Bellone
1255 3614 1357 3665 montes
1375 3607 1481 3681 lugatos
1499 3609 1581 3666 luisse
1603 3613 1791 3669 uernohaee·

144 3678 297 3746 Tumehus,
320 3677 521 3748 operimentum
540 3677 637 3748 eapitis
659 3677 683 3731 si
723 3673 794 3731 iiicst
816 3674 943 3732 aGraeco
997 3677 1261 3744 nusmonstraueri13
1286 3678 1341 3734 imo
1364 3676 1494 3736 fanaticos
1516 3681 1673 3739 vehementi
1703 3683 1791 3741 lurore

143 3751 278 3873 eugegium
288 3751 446 3819 usurpatum
458 3748 537 3803 etiam
548 3745 667 3803 Arnohio
692 3747 847 3804 rh.v1udv.
865 3747 942 3805 Gert-
996 3746 1023 3802 in
1038 3747 1099 3804 lano
1117 3747 1241 3873 Regum·
1255 3759 1404 3875 corgepgog,
1423 3749 1484 3832 ideo
1493 3750 1734 3878 lfiellgnariosdiei
1746 3768 1790 3811 su·

144 3823 330 3961 usitiliipsos
355 3902 475 3970 petopeto·
489 3887 624 3972 ‘detricos⁸
648 3886 789 3970 Fictdcem
812 3888 943 3970 ,adjungit
995 3828 1790 4015 §recresgls'senringluggggmgulgaatgmerlrgctfiogocgehpgsslrogffi

143 3961 228 4033 lupe,
251 3960 339 4017 lenem
366 3968 513 4017 marsuam.
541 3957 651 4024 Frons,
688 3959 847 4032 simulatrix,
880 3976 942 4032 quae
1006 3961 1069 4017 endi
1087 3960 1253 4019 nullomodo
1270 3978 1362 4034 posse,
1378 3964 1497 4035 adeoque
1515 3965 1667 4039 legendum
1688 3966 1788 4029 nnus·

144 4030 316 4090 conciliando
333 4031 419 4089 amori
445 4029 562 4090 esitiore
583 4045 661 4089 ceres
688 4030 829 4089 simulacra
851 4029 939 4106 lingit,
994 4030 1066 4088 lone
1084 4040 1190 4089 mentes
1209 4033 1346 4107 lugentur.
1379 4034 1409 4091 ln
1436 4034 1562 4106 Bellone,
1583 4037 1694 4098 miliost
1718 4037 1787 4109 lass,

144 4103 271 4170 venefica,
286 4104 355 4160 lens.
370 4103 435 4159 llio.
994 4113 1099 4160 mantes
1111 4103 1249 4176 lugentur,
1265 4105 1304 4163 illi
1317 4121 1415 4179 nempe
1429 4106 1506 4181 queis
1526 4122 1604 4165 mens
1617 4117 1649 4166 et
1661 4108 1733 4168 ratio
1743 4124 1787 4182 ps·

180 4175 238 4259 (21)
266 4176 310 4233 l'el
333 4172 471 4231 sublimis.
512 4171 603 4232 Oculis
631 4171 734 4233 seilicet
756 4180 938 4233 transversum
991 4172 1110 4231 furorem
1123 4176 1246 4248 eripitur,
1272 4179 1421 4262 eodemque
1442 4179 1535 4247 modo,
1567 4187 1680 4240 meum
1701 4178 1787 4257 lupi

145 4249 293 4306 tuentibus.
308 4245 373 4303 llus.
993 4244 1126 4314 dicuntur,
1141 4247 1279 4319 quomodo
1296 4257 1324 4306 et
1338 4249 1785 4328 rauolugeremtnenoemgn·

179 4319 237 4389 (22)
256 4315 477 4375 immundiorem
487 4315 547 4400 loce
555 4317 692 4401 servimen
698 4317 852 4376 monilibus
869 4333 938 4401 cort·
953 4300 976 4378 ss
991 4317 1023 4401 ri,
1039 4318 1161 4386 alienari,
1179 4318 1291 4401 moneri,
1314 4319 1485 4402 praecipitari,
1499 4319 1610 4396 agitari,
1635 4332 1666 4382 et
1679 4334 1783 4384 esunt

143 4390 248 4448 solutu.
265 4389 392 4448 Cervices
410 4404 474 4445 suas
486 4389 587 4446 unlelion
602 4390 705 4446 latrina
723 4388 844 4446 hrundae
857 4404 938 4445 mrnr·
990 4390 1232 4448 rrosensurednre.
1248 4390 1378 4448 Salmasto
1392 4393 1490 4518 placet,
1504 4399 1614 4452 memus
1633 4396 1780 4470 [upum

142 4460 227 4520 sterio
251 4460 391 4518 damnatas
427 4460 615 4519 absurdissimi
653 4460 734 4517 lutus
768 4459 938 4531 impudentia
1011 4476 1045 4515 ua
1066 4460 1152 4518 iorme
1175 4461 1264 4519 Graeci
1281 4463 1376 4520 dicunt
1405 4462 1487 4526 iteres
1502 4463 1575 4538 hlp
1648 4507 1657 4524 .
1686 4468 1781 4527 Montes

143 4531 309 4591 consolatur.
323 4531 386 4589 lite.
990 4475 1119 4606 iugantur
1137 4531 1203 4588 dixit
1220 4533 1255 4589 Se
1278 4531 1377 4606 timius,
1406 4543 1435 4591 ut
1463 4534 1516 4594 col.
1536 4468 1780 4613 illimatum

178 4603 236 4675 (23)
250 4604 363 4678 lmpuro
378 4603 592 4685 ascriptarum,
613 4612 665 4661 eto.
690 4600 825 4671 Quoniam
854 4603 938 4686 calcei
990 4613 1083 4673 erepta
1096 4604 1234 4688 Pompeio.
1250 4549 1290 4662 in
1304 4605 1354 4660 Pe.
1455 4677 1461 4689 ἱ

61 4726 70 4737 ,
141 4674 215 4747 apud
242 4675 380 4759 Romanos
403 4689 491 4731 cruris
510 4683 616 4779 partem
638 4673 777 4743 selthum,
801 4677 936 4743 cothurni,
1026 4674 1220 4803 (²⁸)·Ligiffi³
1231 4676 1512 4806 ggrggcarenggolttio.
1535 4676 1779 4740 Saturnummhlt

140 4745 479 4901 undiffiffaliibinliiss
487 4746 785 4900 {itiiterceletursluta
839 4888 854 4902 ..
988 4751 1353 4902 θιᾶθθῗιέἶαὶαὶίσίρνιιξοήὲ.
1369 4789 1503 4878 coccinei.
1532 4821 1647 4896 Plinius,
1666 4825 1775 4887 &casn

172 4889 265 4946 llullet
278 4898 370 4945 eutem
388 4888 481 4954 calcet,
504 4887 550 4945 ultr
564 4904 682 4960 perones
695 4897 782 4962 erant,
811 4889 856 4946 alu
879 4904 933 4946 un·
988 4887 1220 4948 Galuttoertthcns
1238 4906 1371 4963 prunum.
1385 4891 1448 4950 lite.

138 4959 230 5032 cirrati,
245 4960 291 5033 qui
310 4957 510 5031 magistratibus
535 4959 621 5017 iuncd
644 4961 760 5027 fuerant,
789 4959 932 5036 gestabant
1021 4962 1078 5086 (352
1101 4961 1227 5045 crepidae
1246 4967 1411 5036 precntum.
1427 4963 1551 5037 Cropidse
1576 4970 1775 5041 gronam

108 5103 113 5107 .
136 5032 264 5096 mulleos,
279 5029 380 5088 milites
396 5029 577 5097 fulmentatos
607 5033 697 5092 ceteri
718 5048 832 5105 perones
850 5048 929 5107 gere·
981 5045 1056 5102 crept
1075 5031 1272 5090 aGraecennca.
1290 5036 1354 5093 lire.

135 5101 201 5158 hunt
214 5113 242 5160 et
255 5103 359 5160 calceos
373 5099 561 5176 ὢμοίυρσίνους.
573 5102 613 5160 La
628 5105 675 5161 Pa.
1016 5104 1074 5176 (st)
1095 5104 1229 5163 Sacerdos
1253 5111 1411 5181 suggestus.
1434 5103 1619 5166 Sacerdotsiis
1655 5116 1771 5175 matrs

170 5174 227 5247 (23)
244 5174 280 5231 ot
294 5177 395 5233 uotam
409 5177 490 5232 cittoe
503 5180 532 5232 ct
545 5176 647 5249 privile
670 5179 724 5233 'um
733 5176 832 5248 palent.
848 5175 927 5231 Notae
979 5173 1018 5231 sic
1034 5177 1139 5232 Persius
1157 5177 1214 5233 Sat.
1236 5182 1250 5233 l
1267 5195 1275 5234 r

131 5247 363 5316 matronales,seu
372 5245 514 5319 privilegis
523 5255 641 5302 matrona
655 5248 688 5314 a,
697 5249 763 5305 uitta
770 5256 798 5304 et
824 5247 922 5314 aleres,
1023 5262 1087 5313 pm
1100 5264 1174 5316 modo
1189 5265 1278 5317 hm„
1294 5281 1386 5320 „nm
1402 5267 1501 5320 ,pm
1517 5269 1641 5323 dmm,

129 5327 157 5373 et
171 5325 355 5375 matronarum
369 5317 479 5390 quidem
493 5316 584 5373 Cereri
603 5317 777 5378 initiatarum.
817 5315 922 5374 elerum
1021 5324 1117 5391 liugari
1134 5329 1222 5380 solitos
1235 5328 1330 5389 Gracc,

127 5399 220 5447 sutem
234 5389 356 5465 intellige
370 5388 525 5445 candidum.
542 5388 604 5444 llio.
974 5389 1026 5447 hoc
1039 5404 1089 5456 est,
1110 5393 1220 5458 heroos,
1236 5410 1286 5448 seu
1303 5394 1426 5451 heroicos
1447 5410 1553 5453 sensus.
1574 5397 1639 5457 liro.

161 5461 220 5532 (25)
240 5461 394 5518 tenebricae
407 5460 501 5515 vertis.
516 5457 617 5529 Nigrae.
634 5456 697 5515 liro.
772 5529 778 5541 ι
1008 5463 1065 5536 (32)
1077 5464 1281 5542 Adsimplt’ccm
1289 5468 1472 5540 captatelam.
1481 5467 1527 5524 Sic
1535 5469 1658 5526 restituit
1672 5469 1768 5528 Selm-

157 5532 215 5605 (23)
233 5531 335 5591 Tetrici
356 5546 444 5606 supro
458 5533 545 5604 caput
558 5529 681 5589 orthru.
705 5529 791 5605 Tetri,
810 5529 918 5590 Bellona
971 5533 1028 5594 sius
1050 5551 1083 5594 ex
1109 5536 1208 5596 veteris
1224 5536 1364 5612 scnpturoe
1392 5537 1524 5615 vaugiis,
1553 5539 1684 5617 horest,
1708 5541 1768 5600 fn·
