3840 6134
128 324 181 390 829
717 335 815 402 tinnit
844 340 888 401 llll
924 344 1034 408 onnus
1051 342 1191 407 chtisti.
1729 340 1784 404 830

127 468 210 555 sopor
222 453 324 554 Filium
339 454 388 512 Dei
407 471 441 555 ex
460 455 568 533 virgine
590 459 790 534 proferendum,
806 481 855 522 cur
869 484 925 527 oon
939 486 963 566 Α
978 473 1093 529 eredunt
1110 470 1139 527 iii
1162 469 1270 527 nomine
1293 469 1411 540 Domini,
1428 470 1566 527 oomninni
1583 470 1646 543 lege
1669 469 1778 543 generis

132 558 285 644 1111118111.
306 552 438 643 1111111111
456 559 566 617 10111111,
590 549 712 621 qnedjna
735 555 842 627 virgine
858 573 925 630 pro·
980 558 1102 631 hnmani,
1116 575 1149 615 ex
1170 557 1313 630 sangnine,
1329 565 1355 614 et
1379 574 1412 614 ex
1436 556 1537 624 caruis,
1560 563 1588 614 et
1610 570 1643 613 eii
1661 557 1713 615 viri
1732 573 1783 614 uo·

131 632 217 737 tulit?
232 630 385 702 Quiaahud
399 637 529 706 estquod
545 649 561 691 a
575 638 767 711 Deosnmpsit.
784 642 928 717 Quoniam,
984 649 1084 704 lentate
1111 654 1264 718 nascantur,
1302 646 1383 703 ctiam
1411 644 1570 704 Valentinus
1596 643 1677 715 ipset
1706 643 1784 701 hdeo

133 730 266 825 inquiunt,
293 719 412 780 Verbum
427 722 526 824 (loon,
540 724 560 797 ι)
584 742 649 784 cero
672 727 855 799 factumest.
871 736 930 793 Vox
984 738 1168 812 singulariter,
1187 743 1217 793 ut
1240 737 1274 793 de
1300 735 1418 793 Domino
1447 734 1578 805 scriptum
1601 741 1642 788 cst
1661 751 1668 791 ;
1685 735 1721 789 lit
1749 747 1785 791 cn

133 822 191 914 ista·
206 811 271 912 qnid
294 826 357 867 caro
377 810 478 911 lactum
491 821 539 913 ‘sit
566 824 750 913 contestetur,
775 837 826 879 nee
841 831 932 882 tamen
985 830 1040 885 Deo
1061 831 1216 885 natusest.
1237 825 1342 892 hlerito,
1364 825 1427 899 quia
1450 824 1568 882 Verbum
1593 822 1652 891 Dei,
1679 825 1787 878 etcum

134 901 314 975 periclitatur,
344 917 419 999 quasi
437 908 527 957 statim
547 903 618 959 aliud
634 905 669 962 sit
692 907 792 965 laetum
812 927 885 979 caro,
906 921 933 971 et
985 914 1074 973 Verbo
1097 915 1146 972 Dei
1158 914 1267 987 spiritus
1282 921 1309 970 et
1323 913 1350 969 in
1364 913 1461 986 spiritu
1475 910 1526 968 Dei
1540 910 1634 981 virtus,
1661 918 1689 966 et
1708 909 1789 983 quid-

135 1003 189 1045 non
207 987 382 1088 'Verbumrsi
395 1004 440 1089 ιοιι
455 1005 536 1047 carne
551 990 650 1048 lactum
670 1004 711 1052 est
725 998 843 1056 Verbum
858 1018 932 1070 caro,
986 1003 1053 1078 quid
1073 1003 1124 1061 Dei
1146 1010 1186 1060 cst
1214 1003 1350 1060 Christus.
1379 1002 1439 1072 Qua
1458 1016 1521 1058 caro
1545 1006 1646 1071 autem,
1670 1013 1726 1054 oon
1755 1013 1790 1053 cx

136 1085 183 1135 snt
197 1093 455 1177 siexsomtncipso
471 1078 495 1117 ¹⁵
509 1079 672 1150 factumest,
694 1083 833 1159 Scriptura
848 1089 932 1147 dicat.
988 1095 1135 1167 sanguine,
1156 1107 1208 1150 neo
1236 1109 1269 1150 ex
1296 1091 1387 1147 carnis
1413 1100 1440 1149 et
1466 1090 1517 1146 uiri
1543 1090 1683 1148 uoluntate
1699 1107 1706 1144 :
1724 1087 1789 1161 qnia

138 1168 205 1225 Cum
221 1167 363 1266 Scriptura
377 1181 432 1222 non
446 1167 528 1237 dicat,
546 1170 597 1226 nisi
610 1172 680 1245 quod
698 1172 733 1230 sit
754 1175 862 1247 lactum,
879 1196 935 1237 oon
989 1197 1023 1239 cx
1036 1181 1086 1239 Dei
1099 1180 1235 1238 voluntate
1250 1177 1369 1236 Verbum
1391 1192 1454 1234 caro
1474 1176 1640 1234 factumest.
1657 1173 1701 1230 lld
1726 1189 1788 1230 car-

138 1264 165 1315 ct
173 1256 250 1356 unde
260 1265 295 1313 sit
304 1256 497 1330 lactnm;ergo
506 1274 539 1315 er
548 1259 611 1331 alio,
623 1277 677 1318 non
686 1279 719 1320 eu
730 1267 832 1324 semiue
842 1270 901 1341 ipso
911 1270 936 1310 11
989 1287 1053 1329 nem
1075 1270 1158 1342 enim,
1178 1283 1232 1325 nen
1254 1268 1288 1324 ad
1314 1268 1435 1325 Verbum
1458 1268 1573 1339 pertinet
1596 1262 1745 1336 negotiatio
1759 1262 1784 1302 11

139 1353 263 1448 suggerit
272 1344 384 1401 lactum.
394 1346 421 1403 si
431 1361 485 1403 non
501 1363 534 1405 cx
547 1350 650 1406 semine
658 1352 720 1425 ipso
728 1354 761 1422 ¹¹,
774 1357 820 1413 scd
830 1373 862 1416 cx
870 1359 936 1427 alio,
991 1358 1112 1418 formalis
1136 1361 1238 1415 nostra
1260 1356 1425 1425 nativitatis,
1445 1353 1509 1428 quia
1527 1371 1591 1412 caro
1614 1353 1653 1411 sic
1675 1353 1794 1411 habebat

139 1451 195 1506 pani
210 1436 362 1503 brachata,
378 1451 415 1492 eii
429 1451 483 1508 quo
498 1438 588 1513 magis
602 1441 712 1524 credere
725 1453 867 1518 congruat,
881 1463 939 1504 car·
992 1448 1076 1518 nasci,
1092 1464 1145 1505 nen
1159 1447 1291 1506 Verbum.
1306 1447 1417 1522 Negans
1439 1452 1528 1501 autem
1551 1459 1584 1500 eii
1608 1443 1699 1500 carnis
1719 1457 1792 1515 quo·

140 1524 318 1581 nsmlsctnm
331 1523 460 1593 Verbum,
476 1526 822 1605 nisiexourne,inqnaet
837 1533 939 1590 laetum
993 1554 1047 1612 que
1070 1536 1210 1595 vuluntate
1233 1542 1341 1604 natum,
1366 1550 1414 1591 cur
1435 1549 1490 1591 nori
1512 1532 1621 1609 negarit
1643 1531 1723 1588 etiam
1755 1546 1790 1587 cir

142 1619 195 1681 cst,
210 1611 254 1672 rel
267 1615 331 1685 quia
344 1613 403 1686 ipsc
412 1615 543 1672 Dominus
557 1617 748 1676 sententialiter
760 1630 787 1676 et
801 1621 939 1679 definitive
994 1624 1142 1684 substantia
1160 1623 1273 1681 carnis?
1291 1625 1385 1695 Neque
1405 1623 1485 1690 enim,
1510 1622 1575 1695 qnia
1595 1636 1632 1679 ex
1654 1618 1788 1692 sanquine

143 1702 327 1775 pronuntiavit
342 1704 433 1776 (loca.
449 1705 489 1774 iv)
506 1722 513 1762 :
532 1705 607 1775 Qitcd
621 1708 654 1762 iia
668 1722 754 1767 curnc
768 1715 870 1768 nutum
884 1715 936 1779 est,
993 1714 1112 1789 negavit,
1137 1711 1312 1770 substantiam
1331 1712 1420 1767 carnis
1443 1709 1556 1779 renuit,
1580 1709 1627 1766 sed
1650 1707 1791 1764 materiam

146 1807 212 1850 curo
222 1795 274 1857 est,
285 1793 346 1890 quia
359 1807 393 1848 ex
405 1808 486 1849 carne
501 1803 591 1850 natum
606 1805 657 1852 est.
674 1798 727 1853 Sed
742 1796 765 1853 si
779 1798 815 1857 de
829 1801 939 1858 homine
958 1780 1115 1872 flseminis,
1130 1819 1211 1877 qnam
1231 1807 1337 1858 constat
1355 1797 1494 1872 sanguinis
1517 1813 1577 1853 esse
1604 1794 1687 1854 ⁷85
1713 1795 1787 1852 calo·

146 1879 332 1977 1111111111θᾶ0
345 1880 420 1948 (filil,
441 1896 496 1939 110ss
512 1885 585 1939 etde
602 1886 760 1958 semetipso,
774 1887 856 1961 plane
870 1907 941 1964 nega
994 1909 1061 1962 rein,
1076 1900 1105 1949 ut
1132 1889 1337 1962 despumatione
1363 1896 1493 1945 mutatum
1513 1885 1540 1941 in
1561 1884 1705 1958 coagulum
1725 1900 1792 1939 saii-

146 1968 285 2069 homieem
300 1969 445 2043 Christum,
459 1979 486 2027 et
505 1973 542 2028 ita
558 1973 671 2031 defende
693 1991 748 2032 oen
763 1986 790 2033 et
803 1978 832 2034 in
851 1980 940 2054 ipsum
994 1981 1085 2056 guinis
1107 1978 1224 2036 feminae.
1251 1979 1319 2034 Nam
1343 1994 1376 2034 ex
1396 1976 1508 2050 coagulo
1531 1974 1559 2030 in
1583 1986 1662 2029 casco
1685 1971 1728 2028 sis
1750 1978 1794 2027 est

145 2066 319 2160 competisse.
343 2061 444 2132 Atquin
472 2061 581 2132 subjicit
609 2065 700 2138 (ibid.)
721 2082 728 2120 z
750 2070 785 2124 lit
806 2068 878 2142 qued
907 2070 941 2128 de
994 2071 1171 2138 subsnnliae,
1200 2085 1281 2142 qnam
1314 2066 1474 2124 medicando
1501 2060 1672 2136 constringit,
1691 2060 1719 2116 id
1750 2066 1792 2117 est

145 2151 252 2223 sperata
269 2153 374 2207 nutum
394 2154 446 2217 eat,
462 2153 584 2224 spiritus
596 2158 648 2210 cst.
663 2155 733 2223 Quia
744 2155 816 2214 oeus
830 2158 942 2231 spiritus
994 2161 1079 2216 lactis.
1096 2158 1273 2232 lotelligimus
1294 2173 1371 2228 crgo,
1396 2171 1429 2211 ex
1454 2153 1599 2210 concubitu
1623 2151 1791 2207 nativitatem

142 2244 197 2339 est,
222 2243 250 2294 et
263 2238 297 2294 de
311 2239 368 2295 Deo
384 2247 525 2297 natusest.
550 2244 607 2298 Hoc
628 2242 722 2316 ntique
742 2247 782 2302 vol
796 2262 830 2303 eo
856 2250 943 2324 magis
995 2248 1103 2306 Domini
1122 2257 1256 2324 negatam,
1271 2245 1343 2318 qnod
1358 2244 1429 2316 sapit
1442 2245 1566 2302 uoluntas
1579 2240 1631 2299 uiri
1647 2247 1673 2295 et
1687 2239 1790 2305 carnis,

140 2341 172 2383 in
186 2327 280 2400 ipsum
298 2329 394 2395 tendit,
421 2328 504 2387 184
520 2333 543 2387 si
567 2339 595 2387 et
616 2332 643 2388 in
667 2336 805 2392 credentes
820 2338 891 2407 ejus.
915 2339 944 2396 Si
997 2354 1051 2397 non
1067 2353 1101 2395 ex
1123 2338 1211 2396 vulve
1239 2333 1454 2407 participatione.
1478 2333 1512 2387 Et
1536 2332 1600 2402 quid
1619 2328 1715 2401 utique
1738 2336 1793 2384 tarn

146 2430 212 2490 ergo
227 2424 255 2473 et
269 2418 322 2475 hoc
335 2418 370 2473 ad
385 2418 482 2491 ipsum,
503 2435 553 2477 cnr
567 2437 622 2478 nori
636 2433 663 2480 et
676 2423 743 2479 illud
764 2429 871 2499 supra?
886 2428 943 2484 Ne·
997 2434 1191 2503 exaggeranter
1210 2424 1363 2491 inculcavit,
1393 2438 1447 2478 non
1471 2437 1504 2477 ex
1519 2419 1661 2492 sanguine,
1686 2431 1736 2473 nee
1761 2431 1795 2472 ei

147 2520 198 2578 que
213 2506 288 2563 enim
303 2506 425 2565 dividere
444 2515 520 2582 potes
535 2510 588 2567 hoc
606 2511 640 2566 ad
667 2512 767 2585 ipsum,
782 2514 848 2571 illud
861 2533 945 2591 supra
998 2518 1086 2576 carnis
1104 2517 1248 2582 voluntate,
1264 2521 1310 2569 aut
1324 2512 1383 2579 viri,
1400 2522 1500 2578 natum,
1517 2508 1569 2565 nisi
1591 2507 1655 2579 quis
1679 2522 1711 2562 ca
1737 2511 1812 2563 erat

147 2594 179 2650 od
208 2602 321 2653 cataros
348 2597 482 2664 homines,
515 2600 563 2671 qni
598 2608 738 2675 utramque
767 2605 945 2664 substantiam
999 2623 1073 2675 caro,
1088 2623 1167 2681 quain
1186 2622 1219 2662 ex
1247 2603 1391 2660 concubitu
1415 2607 1507 2657 notam
1530 2612 1610 2652 nemo
1633 2594 1795 2652 dubitaret?

150 2684 258 2752 Christi,
282 2693 310 2741 et
328 2686 417 2742 carnis
431 2697 457 2744 ct
480 2688 600 2759 spiritus,
617 2705 671 2747 non
687 2706 782 2766 negas.
798 2693 943 2765 Caeterum,
998 2697 1106 2771 Negans
1122 2711 1202 2766 porro
1217 2709 1250 2750 ex
1266 2690 1423 2758 concubitu,
1442 2705 1497 2744 non
1516 2685 1627 2760 negavit
1642 2700 1675 2740 ex
1689 2697 1770 2739 carne
1788 2701 1796 2751 ;

150 2775 172 2830 si
199 2782 253 2830 tani
281 2789 392 2832 cannen
419 2777 521 2845 hahuit,
549 2794 632 2850 qnam
660 2779 795 2852 spiritum,
824 2799 884 2839 cum
912 2784 947 2841 de
1000 2783 1389 2847 imoconfirmaritexcarne,
1404 2779 1534 2852 quianon
1550 2769 1798 2865 proindoepegauit

151 2862 264 2920 duarum
287 2864 496 2921 substantiarum
520 2867 675 2925 conditione
694 2872 862 2944 pronuntiat,
879 2889 947 2945 quas
1001 2891 1034 2931 ex
1052 2889 1143 2940 carue,
1167 2871 1237 2928 sicut
1251 2887 1284 2926 cit
1306 2867 1453 2926 concubitu
1473 2864 1591 2938 negauit.
1615 2860 1671 2918 Oro
1696 2857 1800 2930 vos‚si

153 2960 179 3007 et
191 2952 251 3024 ipse
265 2960 363 3026 gestat,
380 2969 434 3009 riou
449 2964 539 3027 potest
561 2957 648 3013 videri
661 2959 697 3014 de
722 2958 817 3030 spiritu
840 2962 950 3034 quidem
965 2959 987 3039 c
1002 2962 1052 3018 Dei
1072 2960 1182 3032 spiritns
1196 2959 1221 2998 11
1236 2973 1289 3014 non
1303 2959 1336 3013 de
1350 2957 1432 3014 vulva
1454 2969 1562 3009 carnem
1584 2949 1801 3026 participaturus

152 3055 211 3111 suo,
229 3039 264 3096 de
281 3057 361 3099 carue
381 3057 447 3099 rere
463 3057 518 3100 non
537 3060 586 3100 sua
599 3046 807 3104 determinasse.
823 3049 872 3116 lta,
889 3066 951 3107 cuni
1003 3051 1142 3108 deseendit
1162 3049 1191 3104 io
1205 3049 1323 3114 uuluam,
1337 3043 1543 3103 condescendit
1559 3039 1729 3099 involvam?
1747 3051 1801 3110 po-

132 3128 209 3199 ‘ipse
223 3128 260 3185 sit
273 3129 306 3186 de
317 3129 412 3198 spiritu
423 3131 517 3201 Debet
527 3133 639 3205 spiritus
650 3136 723 3191 Dens
734 3143 785 3206 est,
801 3138 912 3194 etDeus
926 3138 951 3177 11
1004 3141 1056 3197 tuit
1074 3140 1146 3195 enim
1158 3146 1234 3194 extra
1256 3152 1317 3192 eain
1330 3134 1389 3192 sieri
1412 3148 1475 3191 caro
1495 3130 1623 3204 spiritalis
1648 3128 1800 3202 simplicius

153 3232 184 3274 eii
197 3219 256 3275 Deo
279 3230 360 3276 natus
374 3220 495 3293 ipseest,
521 3230 548 3279 et
563 3239 597 3279 ex
618 3240 699 3281 carne
714 3225 840 3293 hominis,
868 3214 950 3288 homo
1004 3231 1099 3295 multo,
1116 3243 1198 3301 quam
1226 3225 1297 3281 intra
1321 3224 1426 3282 vulvam
1449 3220 1525 3278 lieret
1547 3227 1623 3275 extra
1645 3217 1753 3273 vulvam
1777 3215 1802 3254 ²¹

163 3323 275 3368 11111111
289 3321 443 3382 tenentos.
1004 3319 1068 3376 Sine
1080 3334 1162 3374 causa
1175 3331 1208 3372 eo
1219 3331 1249 3371 se
1263 3312 1375 3382 intollit,
1387 3311 1458 3367 unde
1472 3309 1538 3365 nihil
1552 3307 1666 3364 extollit.
1680 3306 1735 3362 Sed
1745 3322 1816 3361 non.

442 3401 557 3460 CAPUT
576 3404 654 3461 XIX.
1004 3410 1063 3467 siue
1077 3424 1158 3465 causa
1172 3404 1314 3462 descendit
1325 3402 1354 3458 io
1367 3403 1494 3460 vulvam:
1514 3413 1581 3472 erqo
1602 3413 1634 3453 eii
1656 3395 1701 3452 illa
1716 3409 1799 3451 occe-

184 3486 259 3561 Quid
273 3495 314 3547 est
328 3505 403 3564 crgo,
420 3508 478 3550 non
492 3507 528 3550 ac
543 3496 796 3569 suspirantique
811 3497 951 3556 euvclun·
1005 3499 1053 3571 pit.
1070 3498 1140 3568 Quia
1162 3498 1185 3552 si
1201 3510 1256 3550 non
1273 3509 1306 3548 ex
1321 3492 1369 3547 illa
1383 3489 1496 3563 accepit,
1517 3487 1578 3542 sine
1593 3500 1673 3542 causa
1688 3483 1714 3538 in
1729 3483 1802 3538 illam

153 3581 333 3647 toloneariis,
357 3598 445 3655 nequa
458 3597 495 3639 ee
516 3584 662 3642 voluntate
688 3588 753 3652 uiri,
778 3587 826 3643 aad
845 3603 880 3644 cu
894 3590 948 3646 Dec
1001 3587 1148 3653 descendit,
1164 3584 1279 3640 maxime
1293 3585 1353 3654 ejus
1367 3579 1504 3652 qualitatis
1527 3592 1590 3633 caro
1611 3576 1728 3642 futuras,
1743 3587 1805 3645 qnae

154 3669 218 3726 noti
231 3672 303 3726 aunt
317 3666 361 3724 ¹⁹?
374 3671 430 3726 Ηοο
444 3672 552 3743 quidem
573 3673 691 3745 capitulo
705 3689 758 3748 ego
774 3676 864 3747 potius
878 3682 948 3746 utar,
1003 3693 1058 3735 non
1072 3682 1132 3732 erat
1145 3675 1245 3740 uuluae,
1262 3673 1287 3728 id
1303 3677 1346 3727 est
1359 3667 1500 3740 spiritalis.

155 3773 214 3814 cnm
242 3758 438 3817 adulteratores
465 3761 525 3830 eius
545 3762 682 3820 obduxero
707 3764 776 3838 (79).
802 3765 847 3823 Sic
878 3756 970 3822 enim¹
1305 3756 1503 3816 CAPUT'XX·

157 3847 287 3921 scriptum
309 3864 368 3904 osse
391 3851 582 3910 conoendunt:
607 3854 668 3909 Non
688 3869 724 3911 cu
739 3859 950 3928 suppalparier
1039 3854 1130 3926 Qualis
1155 3857 1304 3910 astantem
1328 3848 1487 3906 tortuositas
1509 3852 1608 3913 vestra,
1624 3850 1654 3901 ut
1668 3842 1755 3915 ipsam
1771 3855 1808 3897 ex

155 3940 304 3995 cacarnts
319 3940 475 4008 uoluntate,
490 3959 542 3999 ricc
560 3946 670 4010 raeiri,
686 3944 733 4002 scd
748 3962 784 4001 ec
795 3948 848 4003 Dec
863 3951 951 4004 notus
1005 3945 1144 4018 syllabam,
1174 3937 1374 4015 praepositionis
1398 3937 1487 3994 officio
1512 3934 1670 4006 ascriptam,
1699 3928 1806 3987 sulerre

156 4031 207 4094 est,
232 4027 313 4099 quasi
340 4044 422 4101 snpra
442 4031 530 4088 dictos
552 4033 695 4090 credentes
710 4032 737 4090 iii
765 4035 874 4091 nominc
889 4036 951 4105 ejus
1006 4034 1143 4107 quaeratis,
1159 4039 1186 4087 et
1199 4031 1254 4087 alia
1271 4029 1359 4101 magis
1372 4026 1421 4095 uti,
1441 4041 1503 4098 quae
1524 4026 1552 4080 in
1570 4025 1621 4080 hac
1635 4021 1728 4093 specie
1752 4035 1807 4077 nen

158 4115 289 4187 designet,
312 4119 343 4173 ut
370 4119 493 4176 ostendat
517 4137 576 4178 esse
603 4137 695 4179 semen
718 4121 787 4178 illud
815 4123 842 4163 11
868 4139 950 4182 arca·
968 4123 1142 4218 „invenitur
1163 4136 1247 4190 penes
1267 4118 1420 4191 Scripturas
1441 4114 1570 4171 sanctas?
1592 4115 1648 4169 Per
1669 4110 1803 4181 virginem

159 4218 226 4259 nom
253 4205 313 4278 (80)
334 4208 479 4265 electorum
507 4217 534 4267 et
554 4211 716 4284 spiritalium
744 4211 778 4282 ¹¹,
800 4214 872 4285 quod
900 4212 952 4269 sibi
1008 4211 1096 4267 dicitis
1111 4216 1212 4275 natum,
1230 4222 1285 4263 non
1308 4222 1344 4265 ccc
1362 4203 1485 4279 uirgine,
1500 4210 1527 4257 et
1542 4203 1572 4258 in
1587 4202 1678 4263 uulua,
1700 4211 1755 4252 non
1770 4213 1807 4255 ea

157 4289 291 4354 imbuunt.
314 4295 456 4368 Quomodo
469 4308 557 4358 autern
572 4301 610 4358 ita
632 4301 692 4372 erit,
717 4316 887 4358 comumnes
906 4301 954 4374 qni
1007 4300 1095 4360 vulva.
1111 4296 1182 4367 Quia
1195 4305 1223 4354 ct
1236 4294 1347 4369 ragdos
1362 4294 1389 4350 in
1404 4290 1507 4350 somnis
1530 4288 1566 4345 ad
1583 4287 1709 4355 loseph:
1731 4285 1804 4345 Nom

847 4447 942 4511 Variae
966 4448 1122 4510 lectiones.

195 4577 219 4618 ¹⁵
248 4577 400 4651 Semetipso
426 4583 506 4638 Pom.
539 4581 597 4653 lllp.
625 4579 649 4620 11
678 4580 828 4652 semetipso
855 4583 921 4638 Pur.
947 4581 1007 4654 Rip.
1037 4580 1101 4637 Van.
1126 4575 1149 4615 11
1174 4571 1328 4643 Semetipso
1355 4573 1414 4627 Pur
1437 4569 1497 4641 Rip.
1532 4567 1593 4646 l'on.
1622 4562 1657 4644 ¹¹·
1674 4563 1709 4619 Et
1732 4563 1808 4618 Deus

162 4649 270 4708 ubcstu
294 4652 382 4709 liban.
405 4654 472 4709 Pur.
488 4654 574 4710 Fran.
589 4655 668 4709 Pam.
695 4651 719 4690 ¹⁹
738 4651 823 4709 Natus
847 4665 888 4707 est
902 4655 984 4709 Pam.
1003 4652 1092 4708 ltben.
1116 4648 1141 4687 ²⁰
1163 4646 1238 4702 illins
1261 4644 1350 4702 Rhea.
1373 4640 1457 4699 Scml.
1478 4637 1501 4677 ²¹
1521 4635 1708 4708 spiritualium
1733 4637 1801 4689 Pur.

164 4724 247 4854 2:22
262 4724 387 4855 βίον
409 4725 524 4798 Negatio
542 4727 623 4781 Puni.
646 4726 736 4784 liban.
758 4725 843 4784 δοιοὶ.
868 4724 893 4764 11
916 4722 999 4780 Vilius
1022 4725 1109 4779 Fron.
1133 4723 1200 4777 Pur.
1224 4720 1306 4776 Pom.
1331 4714 1420 4774 libert.
1445 4712 1471 4751 ²¹
1493 4711 1572 4767 Extra
1595 4707 1706 4764 viiivam
1733 4703 1809 4762 abeat

861 4896 1115 4961 Commentarius.

164 5044 247 5100 naua,
260 5027 309 5086 lib.
322 5043 363 5100 ιιι,
379 5030 479 5086 contre
498 5025 604 5084 Volent.
617 5042 627 5091 ,·
642 5021 815 5094 Euthymios,
832 5023 849 5076 t
862 5037 890 5092 p.
907 5024 957 5079 Pu·
1009 5027 1087 5078 vocat
1100 5014 1318 5078 adulteratores,
1331 5009 1386 5093 ‘qui
1400 5009 1489 5066 locum
1507 5002 1620 5088 loannis
1643 5001 1814 5086 usurpabant

165 5104 250 5176 sept,
266 5106 294 5157 et
309 5101 355 5156 alii
378 5100 450 5173 apud
481 5097 628 5166 Canisium,
642 5095 691 5150 lib.
706 5109 737 5149 ιιι
762 5092 796 5152 dc
824 5095 956 5166 deipara,
1013 5089 1140 5163 pessime,
1160 5096 1190 5144 ut
1205 5085 1421 5143 Valentinianum
1444 5093 1578 5135 somnium
1603 5076 1745 5148 fulcirent,
1762 5090 1817 5132 uon

167 5187 221 5246 cap.
241 5176 289 5240 lb,
304 5173 368 5229 Lac.
1015 5162 1080 5236 quia
1093 5162 1220 5219 vitiarunt
1230 5157 1374 5214 lectionem
1388 5155 1486 5224 ipsam.
1506 5151 1571 5206 Lito.

200 5247 256 5318 (ιθ)
267 5245 340 5303 Cum
351 5243 558 5302 adulteratores
569 5241 631 5311 ejus
645 5237 796 5305 obduxero,
813 5243 864 5294 etc.
875 5234 961 5293 hdnl·
1051 5233 1109 5317 (80)
1125 5233 1224 5290 Samen
1238 5229 1312 5287 illud
1325 5241 1477 5309 arcanum.
1502 5221 1645 5305 Somnium
1668 5220 1733 5278 illud
1746 5235 1814 5300 per-

168 5322 292 5371 teratores
329 5323 393 5371 sunt
421 5314 522 5370 alanta
548 5328 594 5367 seii
622 5310 797 5377 καπηλεύοντες
817 5310 892 5380 λόγον
918 5311 964 5362 τοῦ
1018 5304 1126 5380 stringit
1139 5306 1174 5361 de
1198 5302 1299 5358 semine
1313 5299 1419 5355 animali
1445 5304 1472 5353 et
1494 5294 1629 5366 spirituali
1649 5292 1815 5349 Valentinis·

167 5387 229 5441 Θεοῦ
241 5425 249 5440 .
263 5387 315 5443 Seu
329 5395 409 5443 vocat
425 5387 568 5442 haereticos
593 5383 737 5449 Scriptura
756 5380 962 5447 adulteratores,
1018 5394 1125 5445 nurum,
1142 5390 1201 5448 quae
1216 5373 1307 5431 electis
1323 5372 1484 5427 inducuntur
1499 5384 1515 5422 a
1530 5366 1675 5434 Demiurgo
1691 5369 1717 5416 et
1729 5360 1816 5416 Acha-

168 5459 228 5529 quia
243 5473 303 5514 eam
317 5458 443 5532 pessimis
458 5453 724 5528 interpretationibus
745 5452 963 5523 corrumpebant.
1019 5451 1103 5515 incili,
1120 5456 1149 5502 ut
1167 5463 1227 5516 cap.
1244 5449 1278 5501 25
1302 5444 1446 5500 aduersum
1470 5438 1603 5497 Valentio.
1630 5440 1720 5488 narrat
1743 5431 1814 5500 ipse,

169 5529 204 5588 lab
219 5531 268 5588 Pl·
1018 5523 1145 5578 nolebant
1158 5517 1223 5573 illiid
1239 5534 1274 5574 eu
1289 5520 1342 5573 Deo
1364 5515 1415 5568 lioc
1438 5526 1531 5568 semen
1545 5515 1647 5565 nomae.
1668 5503 1815 5568 Caeterum,

203 5601 359 5669 obduxere,
376 5609 427 5658 etc.
445 5599 635 5672 Profligaveru
652 5597 789 5660 delevero,
805 5601 834 5650 ut
847 5609 912 5649 usus
926 5602 967 5650 est
1019 5592 1064 5648 alii
1078 5593 1172 5664 legunt
1182 5603 1275 5647 semen
1286 5587 1377 5643 itlius.
1392 5584 1458 5638 Lac.

171 5687 227 5748 cap.
241 5674 289 5743 bd,
300 5675 424 5748 Apotop.,
438 5682 465 5730 et
476 5672 524 5732 lib.
539 5669 573 5731 dc
588 5671 743 5729 nascerer.
757 5667 853 5725 curnis
868 5685 877 5721 ,·
892 5679 965 5738 saepe
