3848 6120
136 312 186 374 ist

486 301 706 367 TERTULLthl
725 304 859 367 OPElthl
880 304 961 365 taus
981 301 1014 364 ii.
1035 333 1070 343 -
1089 295 1203 360 seniis
1223 297 1241 367 l,
1264 294 1437 357 Postulat.

1734 292 1786 353 392

136 440 347 506 Testamentum,
372 436 426 491 etfi
457 433 529 507 tagis
552 433 691 490 laciniosis
711 434 934 505 operibusexpe·
951 446 976 527 g
992 434 1018 488 et
1034 446 1082 501 ego
1112 418 1421 496 uiuificndo;'condens
1447 424 1546 480 scilicet
1572 425 1636 493 (lsu.
1667 438 1734 486 xcv,
1760 425 1790 493 7>

135 529 221 585 ditum
244 528 294 597 (3).
311 525 365 582 Sed
389 523 454 596 quid
470 522 609 592 pluribus?
636 539 700 580 cnm
713 521 894 595 manilcstius,
910 532 936 579 et

136 615 195 673 luca
221 615 280 687 ipsa
307 612 407 669 clarius
439 611 547 667 novatio
575 610 738 684 praedicatur
769 627 784 667 a
810 611 936 669 Creatore

135 715 185 771 per
207 700 334 755 eumdem
350 699 444 771 (narrt,
466 698 511 761 tsi
527 716 533 752 :
552 700 591 756 Na
610 701 831 758 rememineritis
853 701 934 772 prio·

135 786 933 861 ratmetnntiquunecogitaveritis.Veterutrunsierunt,

135 893 205 932 noua
213 877 361 933 oriuntur.
372 879 441 933 Ecce
450 877 526 947 facio
537 893 620 942 noca,
631 893 693 948 pute
702 892 782 932 nunc
792 878 934 933 orientur.

134 963 209 1020 ldctn
224 981 272 1035 per
295 964 441 1020 teremiam
456 965 506 1033 (tv,
523 965 552 1034 3)
567 983 574 1018 s
591 964 694 1020 Nouate
708 966 780 1021 colb
795 980 935 1022 novamen

135 1069 251 1117 notrum,
271 1057 298 1108 et
308 1070 344 1110 ne
358 1055 484 1111 severitis
494 1054 525 1108 in
535 1055 642 1124 spinas,
651 1058 679 1108 et
693 1053 937 1110 circumcidimini

132 1143 278 1215 praeputia
294 1142 304 1179 ¹
320 1143 410 1198 cordis
425 1143 512 1197 uestri
521 1161 531 1208 ;
559 1153 585 1195 et
608 1140 671 1196 alibi
688 1140 783 1210 (xxxi,
803 1143 848 1207 3l,
864 1144 908 1211 32)
925 1157 932 1195 :

991 517 1079 586 mulo,
1103 525 1129 570 et
1147 514 1257 585 societte
1285 529 1404 586 pacem;
1424 529 1476 585 qua
1505 511 1590 568 etiarn
1610 510 1681 566 soles
1710 509 1789 566 illum

990 603 1145 661 mobilitatis
1165 617 1275 673 quoque
1299 608 1326 657 et
1348 600 1533 656 inconstantiae
1559 601 1667 656 nomine
1690 615 1788 670 repre·

990 692 1117 757 bendere,
1133 689 1320 762 prohibentem
1334 705 1395 760 quae
1411 689 1500 759 jubet,
1520 697 1547 743 et
1564 688 1704 760 jubentem
1725 704 1789 761 quae

990 783 1114 856 prohibet
1128 781 1161 838 ¹¹.
1182 780 1235 835 Cur
1248 794 1313 852 ergo
1330 793 1385 834 uon
1404 785 1430 833 ct
1445 776 1593 834 antitheses
1606 776 1640 831 ad
1655 772 1789 834 naturalia

989 869 1118 941 reputasti
1145 866 1269 924 contrarii
1305 866 1357 920 sibi
1391 882 1499 938 semper
1538 865 1695 922 Creatorisi
1737 883 1790 924 nce

989 957 1119 1014 mundum
1151 956 1240 1011 saltim
1264 955 1414 1026 recogitare
1446 954 1566 1026 potuisti,
1601 953 1655 1009 nisi
1695 953 1788 1023 lailor,

988 1048 1068 1102 etiam
1083 1048 1153 1117 apud
1172 1045 1308 1108 Ponticos,
1334 1060 1365 1099 et
1391 1043 1592 1099 diversitatibus
1614 1052 1750 1101 structum
1766 1045 1790 1084 ¹²

989 1136 1146 1192 aemularum
1174 1132 1287 1189 invicem
1326 1130 1559 1188 substantiarum?
1589 1132 1667 1189 Prius
1696 1131 1789 1209 itaque

138 1229 447 1297 mecaena‘anttdies,
471 1229 541 1286 dicit
565 1229 709 1299 dominus,
735 1234 764 1288 et
786 1220 935 1304 puliceam
989 1225 1118 1281 debueras
1137 1222 1218 1277 alium
1240 1219 1326 1278 licum
1357 1219 1478 1286 luminis,
1508 1219 1592 1275 alium
1616 1221 1786 1279 tenebratum

135 1318 321 1376 dornuiiucod
336 1320 364 1373 et
383 1316 569 1375 Domuituda
593 1310 797 1375 testamentum
820 1335 934 1389 nouum,
989 1312 1024 1391 d¹
1053 1312 1246 1378 amisissent
1269 1309 1305 1364 1¹¹¹
1329 1324 1426 1380 POSSOS
1458 1307 1541 1364 alium
1575 1308 1667 1382 Legis,
1705 1308 1783 1366 &lium

134 1425 191 1466 aon
205 1405 361 1464 secundum
376 1407 658 1477 testamentumquod
671 1407 935 1480 disposnipatrihus
987 1400 1129 1472 Evangelii
1148 1401 1329 1456 adseverasse.
1352 1398 1494 1469 Caeterum,
1522 1398 1726 1472 prejudicatum
1747 1407 1788 1456 est

135 1512 231 1552 eorum
242 1496 273 1551 in
289 1494 334 1554 die
345 1511 400 1568 pau
414 1496 528 1568 arripui
544 1493 756 1568 dispositionem
775 1512 882 1563 corum,
899 1495 936 1551 ud
989 1507 1020 1547 ex
1035 1488 1185 1546 manifestis
1200 1533 1207 1557 ,
1223 1489 1300 1558 eujus
1314 1502 1396 1558 opera
1411 1496 1438 1544 et
1452 1488 1559 1562 ingenia
1570 1503 1619 1560 per
1638 1488 1790 1545 antitheses

135 1583 291 1644 educendos
306 1600 351 1643 eos
376 1583 409 1641 de
436 1589 514 1641 terra
535 1585 658 1656 AEpypti.
688 1583 764 1640 Adeo
790 1583 935 1656 pristinum
990 1583 1123 1644 constant,
1134 1577 1230 1633 eadem
1244 1577 1331 1632 lorma
1342 1583 1467 1634 constare
1481 1578 1560 1634 etiam
1575 1585 1753 1634 sacramenta.

135 1680 326 1731 testamentum
353 1671 499 1742 temporale
526 1668 669 1740 signifieat,
707 1669 771 1725 durn
807 1671 937 1727 mutabile

44 1743 57 1754 ⁵
135 1760 263 1829 ostendit,
279 1758 438 1816 etiamdum
454 1766 581 1812 aeternum
597 1757 631 1811 dc
656 1765 765 1828 postero
785 1758 936 1832 pollicetur·
953 1728 977 1806 Β
1304 1718 1416 1776 CAPUT
1439 1719 1472 1775 Π·

135 1851 203 1904 Nam
219 1865 266 1919 per
281 1847 377 1902 isaiam
393 1849 449 1914 (av,
465 1844 493 1916 3)
508 1865 514 1903 :
552 1846 653 1904 Audite
667 1862 722 1913 me,
740 1850 886 1914 statuetis,
906 1851 936 1905 et
1024 1847 1112 1902 ilabes
1135 1862 1206 1903 nunc
1228 1845 1262 1902 ad
1281 1845 1431 1902 antitheses
1447 1846 1470 1884 ¹³
1488 1844 1639 1917 expeditam
1666 1860 1683 1901 a
1709 1843 1792 1902 nohis

136 1938 284 2010 disponam
305 1935 377 1991 uobis
393 1935 760 2005 testamentum;adjiciens,
777 1938 883 1994 Sancta
907 1943 936 1995 et
987 1936 1201 2009 responsionem.
1232 1937 1351 1991 Transeo
1391 1951 1462 1991 nune
1483 1936 1516 1991 ad
1543 1933 1695 2008 Evangelii,
1725 1950 1791 1991 sane

137 2026 235 2097 fidelia
250 2023 353 2094 hovid3
369 2030 398 2079 ut
412 2023 438 2079 id
454 2030 646 2081 testamentum
661 2025 688 2080 in
709 2024 818 2081 Christo
837 2026 936 2083 decur-
988 2040 1045 2083 non
1074 2024 1185 2090 ludaici,
1219 2023 1265 2079 sed
1291 2022 1406 2093 Pontici,
1432 2023 1539 2079 interim
1571 2022 1714 2080 adulterati
1740 2023 1789 2079 de·

136 2131 228 2169 surum
248 2114 445 2168 demonstraret
462 2112 484 2168 ¹.
503 2112 635 2169 Eumdem
655 2127 688 2171 ex
717 2129 817 2187 genere
849 2114 935 2170 David
989 2112 1222 2179 monstrationem,
1245 2111 1606 2185 praestructuramordiuem
1625 2127 1709 2184 quem
1740 2128 1790 2184 ag·

136 2203 287 2257 secundum
302 2199 391 2255 ldariae
406 2200 621 2268 censum,etiam
642 2200 762 2276 iuvirga
786 2218 818 2259 cx
845 2202 935 2259 radice
988 2203 1135 2278 gradimur.
1167 2200 1360 2257 Censtituimus
1396 2201 1424 2255 in
1459 2201 1563 2274 primis,
1601 2199 1789 2275 evangelicum

135 2292 210 2346 lesse
221 2304 378 2360 processura
392 2287 505 2365 figurate
524 2289 697 2362 praedicabat.
713 2291 797 2363 igitur
807 2291 842 2359 ,si
869 2291 936 2347 alias
988 2293 1197 2347 lustramentum
1226 2290 1364 2359 apostolos
1390 2300 1515 2346 auctores
1544 2289 1652 2357 hahere,
1691 2289 1790 2362 quihus

137 2379 224 2454 leges,
240 2379 361 2451 aliosque
379 2382 529 2450 sermones,
552 2384 581 2436 et
604 2395 686 2436 novas
714 2388 935 2439 testamentorum
988 2382 1039 2436 hoe
1063 2397 1162 2437 munus
1176 2378 1316 2453 Evangelii
1332 2378 1521 2453 promulgandi
1540 2379 1574 2433 ah
1596 2379 1657 2449 ipso
1670 2378 1788 2435 Domino

137 2469 330 2541 dispositiones
359 2485 374 2524 a
402 2468 528 2526 Creatore
556 2469 622 2524 dixit
650 2468 762 2541 futuras,
791 2477 821 2526 ut
853 2471 934 2527 etiam
987 2467 1022 2523 sit
1045 2469 1217 2539 impositum,
1244 2467 1267 2523 si
1291 2478 1318 2522 et
1341 2468 1515 2538 apostolicos,
1542 2482 1597 2523 non
1630 2477 1720 2525 tamen
1747 2481 1789 2524 so·

140 2559 262 2631 ipsorum
283 2557 477 2616 sacrificiorum
498 2558 549 2613 alia
574 2556 661 2615 allicis
687 2560 803 2631 potiora,
828 2548 860 2616 ¹et
878 2560 936 2632 qui·
988 2557 1028 2614 los
1057 2558 1106 2626 (l),
1131 2557 1178 2613 sed
1205 2573 1267 2612 eum
1287 2555 1426 2628 apostolis,
1456 2564 1562 2629 etpost
1587 2556 1727 2626 apostolos
1754 2556 1788 2617 ¹¹.

136 2649 198 2706 dem
226 2650 296 2723 apud
335 2649 458 2707 nationes
484 2646 635 2714 destinarit,
665 2647 771 2705 dicente
808 2649 935 2705 llalaehia
988 2647 1122 2716 Quoniam
1159 2645 1315 2719 praedicatio
1338 2644 1532 2716 discipulorum
1572 2654 1699 2716 suspecta
1730 2643 1788 2701 lieri

136 2738 167 2810 (t,
180 2741 223 2805 tu,
240 2739 285 2811 il)
297 2757 304 2794 ε
316 2739 376 2795 Non
391 2738 575 2796 estonlnntas
591 2752 654 2794 mea
675 2738 706 2794 in
738 2739 823 2810 vobis,
838 2740 936 2811 inquit
988 2744 1080 2806 posset
1089 2734 1123 2791 de
1138 2735 1232 2807 gloriae
1247 2733 1348 2799 studio,
1366 2733 1388 2786 si
1405 2748 1457 2788 noa
1473 2733 1586 2790 adsistat
1614 2731 1654 2787 illi
1672 2733 1789 2790 auctori·

136 2828 281 2893 Dominam,
309 2831 336 2884 et
368 2825 511 2896 sacrificio
535 2829 629 2883 vestra
657 2843 715 2882 non
737 2828 880 2901 ecctpiam
902 2827 935 2885 de
988 2831 1028 2880 tas
1064 2823 1264 2894 magistrorum,
1302 2823 1356 2877 into
1379 2820 1487 2888 Christi,
1517 2822 1563 2894 qui
1593 2822 1616 2860 ¹⁵
1645 2821 1790 2896 magistros

136 2915 266 2971 manitus
281 2916 395 2980 vestrim
417 2915 553 2985 quonium
581 2914 678 2970 asotia
699 2919 765 2971 ortu
788 2913 935 2989 usquead
989 2911 1209 2986 apostoloslecit.
1232 2910 1364 2983 lienique,
1389 2910 1468 2967 nohis
1488 2909 1569 2966 fidem
1597 2927 1631 2967 en
1660 2912 1789 2982 apostolis

136 3001 933 3073 occasu-matorificatumcstinnationibusnonceumcum,
952 3003 1107 3087 edecimes
1132 3012 1158 3056 et
1190 3000 1330 3055 biruthaeus
1368 2998 1522 3069 insinuant;
1553 3015 1585 3055 ex
1621 2999 1788 3072 apostolicis,

136 3096 164 3148 et
178 3093 298 3149 inomni
317 3092 374 3147 loco
389 3091 562 3160 sucrificium
585 3095 697 3150 nomini
716 3109 777 3150 meo
796 3096 930 3166 offertur,
989 3092 1073 3146 lucas
1087 3100 1114 3146 et
1136 3090 1241 3144 Marcus
1254 3087 1415 3152 instaurant,
1439 3086 1535 3143 iisdem
1561 3088 1664 3161 regulis
1686 3086 1786 3172 axoni,

136 3186 165 3238 et
192 3181 367 3250 sucrificium
390 3180 540 3247 mundum,
571 3180 672 3238 scilieet
703 3181 817 3253 simplex
850 3183 935 3238 oratio
989 3188 1118 3251 quantum
1142 3178 1174 3233 ad
1204 3177 1310 3232 unicum
1334 3175 1418 3233 Deum
1446 3176 1539 3232 attinet
1568 3177 1735 3249 Creatorem,
1760 3186 1788 3234 ct

135 3269 168 3325 de
184 3269 347 3325 conscientia
370 3284 438 3341 pura
454 3286 460 3325 :
478 3284 589 3325 necesse
617 3278 668 3334 est,
685 3269 772 3324 omnis
785 3269 933 3326 demutatio

135 3358 245 3415 veniens
277 3374 310 3413 ex
343 3355 526 3423 innovatione,
555 3355 739 3413 diversitatem
775 3356 848 3412 ineat
872 3374 933 3413 cum

135 3447 177 3502 his
199 3461 314 3520 quorum
342 3444 382 3512 tit,
408 3453 435 3501 et
461 3444 676 3502 contrarietatem
705 3460 739 3500 ex
768 3444 931 3502 diversitate.

136 3536 214 3591 Sicut
240 3535 314 3591 euim
347 3533 416 3591 nihil
444 3534 620 3602 demutatum,
659 3533 730 3606 quod
758 3549 812 3589 nou
840 3534 932 3591 diver·

135 3641 213 3694 sum,
243 3626 279 3680 ita
307 3624 373 3679 nihil
397 3622 543 3685 diversum,
570 3621 642 3696 quod
675 3638 729 3678 non
757 3618 931 3679 contrarium.

137 3712 265 3782 Ejusdem
288 3726 354 3782 ergo
377 3709 551 3783 deputabitur
578 3710 658 3766 etiam
689 3711 865 3768 contrarietas
899 3728 932 3768 ex

134 3799 298 3863 diversitate,
335 3799 412 3870 eujus
450 3797 531 3855 luerit
564 3799 712 3856 demutatio
743 3816 777 3856 ex
819 3801 932 3858 innova·

133 3889 215 3946 tione.
245 3885 297 3956 Qui
318 3886 451 3960 disposuit
485 3887 708 3961 demutationem,
735 3888 784 3947 iste
816 3889 932 3947 instituit

988 3270 1122 3325 Christum
1138 3268 1208 3337 ejuS,
1237 3274 1329 3320 nutum
1358 3282 1390 3321 en
1420 3265 1540 3337 Virgine,
1570 3264 1786 3337 supplementum

986 3358 1067 3430 Legis
1081 3367 1108 3413 et
1122 3357 1327 3427 Prophetarum.
1343 3353 1448 3409 Viderit
1462 3354 1535 3409 enim
1559 3355 1582 3409 si
1608 3355 1788 3411 narrationem

987 3447 1129 3516 dispositio
1151 3444 1272 3514 variavit,
1300 3442 1448 3499 dummodo
1471 3442 1611 3514 decapite
1632 3441 1698 3499 fidei
1725 3459 1788 3500 con·

986 3536 1082 3603 veniat,
1098 3535 1131 3589 de
1154 3548 1209 3606 quo
1229 3549 1290 3588 eum
1315 3531 1454 3588 Marcione
1473 3547 1527 3586 nou
1552 3532 1688 3590 convenit.
1717 3533 1787 3590 Coa·

987 3630 1026 3680 tra
1050 3622 1169 3679 hlarcion
1199 3621 1361 3693 Evangelio,
1391 3620 1492 3677 scilicet
1519 3638 1580 3689 suo,
1605 3622 1711 3678 nullum
1738 3623 1787 3679 ad·

986 3712 1078 3769 scribit
1106 3720 1254 3777 auctorem,
1286 3712 1361 3782 quasi
1391 3725 1446 3766 non
1482 3709 1586 3766 licuerit
1613 3710 1655 3767 illi
1682 3712 1786 3768 titulum

985 3817 1093 3876 quoque
1107 3800 1246 3872 attingere,
1262 3800 1306 3856 cui
1330 3799 1406 3856 netas
1430 3814 1484 3855 non
1510 3798 1558 3854 luit
1574 3799 1664 3872 ipsum
1688 3817 1786 3874 corpus

985 3900 1117 3949 evertere.
1140 3891 1175 3946 Et
1189 3905 1295 3961 possem
1324 3889 1367 3947 hic
1392 3891 1447 3961 jam
1470 3891 1586 3963 gradum
1610 3889 1706 3963 ligere,
1733 3906 1785 3948 uon

133 3986 160 4036 et
182 3977 384 4048 diversitatem,
413 3974 501 4034 888
527 3977 573 4051 qui
595 3977 752 4051 praedicavit
777 3979 930 4036 innovatio·
984 3979 1188 4054 agnoscendum
1214 3979 1381 4035 contendens
1413 3994 1491 4050 opus,
1521 3979 1594 4051 quod
1622 3995 1677 4037 non
1699 3979 1785 4054 erigat

134 4083 204 4135 nem,
231 4066 282 4123 iste
301 4067 491 4139 prenuntiavit
517 4066 542 4105 ¹⁰
564 4076 591 4123 et
613 4067 838 4126 contrarietatem.
859 4067 931 4138 Quid
986 4071 1111 4140 irontcm,
1127 4069 1199 4141 quod
1214 4069 1315 4126 nullam
1336 4069 1511 4126 constantiam
1527 4066 1663 4142 praeierat,
1684 4069 1785 4127 nullam

133 4154 316 4213 dillerentiam
357 4171 447 4212 rerum
485 4152 518 4210 ad
558 4155 711 4213 distantiam
745 4155 931 4227 interpretaris
984 4159 1066 4217 sidem
1099 4158 1266 4232 repromittat
1293 4158 1327 4213 de
1358 4157 1523 4230 plenitudine
1547 4155 1626 4222 tituli,
1657 4168 1684 4216 et
1722 4173 1786 4231 pro·

132 4245 320 4318 potestatum?
345 4243 413 4317 quid
440 4241 586 4302 antitheses
617 4245 802 4318 exemplomm
832 4244 931 4302 distor-
985 4233 1111 4320 sessione,
1133 4245 1225 4302 dehita
1258 4243 1384 4301 auctoris.
1418 4243 1471 4299 Sed
1501 4240 1589 4300 361
1619 4259 1668 4316 per
1695 4243 1785 4302 omnia

131 4350 199 4409 ques
223 4334 352 4392 adversus
374 4332 539 4403 Creatorem,
569 4350 637 4410 quas
662 4335 689 4392 in
723 4334 791 4408 ipsis
823 4351 931 4412 quoque
985 4334 1114 4409 congredi
1137 4335 1270 4391 malumus
1295 4334 1328 4401 ¹⁶,
1346 4348 1393 4389 nec
1421 4331 1620 4389 dissimulamus
1649 4335 1725 4403 quod
1751 4349 1785 4390 ex

132 4423 257 4480 sensibus
272 4433 300 4480 et
318 4421 507 4480 allectionibus
529 4423 588 4495 ejus
609 4432 686 4498 potes
713 4426 929 4498 recognosceret
947 4398 970 4477 Β
986 4435 1079 4482 nostro
1093 4423 1205 4497 intelligi
1220 4431 1317 4496 potest.
1343 4424 1410 4479 Nam
1438 4438 1471 4479 ex
1487 4421 1521 4478 iis
1545 4423 1568 4462 ¹¹
1588 4431 1786 4483 commentato·

131 4512 201 4588 Epo,
243 4511 330 4585 inquit
355 4512 449 4586 (beat.
479 4527 573 4582 xxxu,
609 4515 666 4585 33),
707 4515 875 4588 percutiam,
906 4519 934 4574 et
988 4515 1062 4571 ribus
1076 4529 1145 4588 quos
1171 4514 1311 4583 habentus,
1337 4512 1434 4570 lucam
1448 4511 1555 4570 ridetur
1582 4511 1702 4570 llarcion
1729 4513 1786 4570 elc-

131 4603 312 4676 cgosauados
337 4604 402 4676 Epo,
433 4601 520 4674 inquit
541 4602 563 4672 (l
591 4602 654 4677 lleg.
680 4616 709 4671 u,
742 4603 780 4677 6),
797 4603 931 4672 occidam,
986 4604 1164 4680 giscalitem
1178 4604 1293 4660 cederet
1308 4602 1550 4675 (b).PorroLueas
1564 4601 1785 4674 nouspostolus,

811 4701 907 4767 Varie
921 4701 1077 4767 lectiones.

166 4800 178 4838 ⁵
196 4799 230 4855 Et
244 4814 261 4856 a
274 4797 347 4871 legis
362 4799 447 4856 Semi.
463 4797 474 4837 ¹
489 4797 623 4870 Praeputio
640 4798 725 4856 Semi.
741 4800 753 4838 θ
768 4798 882 4857 Venient
896 4800 983 4858 Semi.
999 4802 1011 4840 ⁹
1026 4801 1262 4857 Demonstrarctur
1277 4802 1343 4858 Par.
1364 4803 1448 4858 Fran.
1467 4800 1491 4839 ¹⁰
1504 4797 1691 4857 Pronuntiavit
1718 4802 1785 4859 Par.

132 4870 199 4928 dnn.
217 4872 238 4909 ¹¹
252 4870 382 4928 lubeat...
399 4871 542 4943 prohibeat
556 4869 614 4929 cod.
633 4872 732 4930 Woau.
749 4871 773 4910 ¹¹
795 4871 986 4930 Construetum
1001 4872 1087 4930 Semi.
1114 4872 1138 4912 ¹³
1151 4873 1345 4930 hutitltesisat.
1363 4874 1386 4912 ¹¹
1399 4872 1570 4946 Apostolicos
1593 4873 1660 4928 tun.
1678 4870 1703 4911 ¹⁵
1718 4872 1785 4943 Quae

136 4942 222 5000 Semi.
239 4942 415 4998 ¹⁶llaiuimus
429 4942 514 5000 Semi.
532 4942 554 4980 ¹¹
568 4942 617 4999 ilis
631 4944 715 5000 Semi.

807 5015 1055 5082 Commentarius.

166 5115 206 5183 (3)
226 5114 260 5169 lit
279 5113 345 5186 lepis
359 5113 503 5171 laciniosis
513 5112 644 5171 oneribus
663 5115 841 5188 expeditum.
856 5117 928 5173 Laci-

130 5185 207 5241 niosa
228 5197 311 5255 opera
337 5193 415 5242 vocat
442 5185 608 5255 multiplicia,
645 5195 673 5242 et
715 5203 776 5257 quse
808 5190 930 5245 homines

128 5255 353 5329 occupationibus
379 5256 552 5322 distinebant,
583 5257 653 5312 sicut
671 5256 783 5329 impedit
805 5276 929 5334 gressum

127 5326 467 5389 vestislaciaiondlnnn.

164 5401 205 5478 (t)
225 5400 293 5460 stet
307 5402 473 5474 apostolicos
491 5415 549 5458 non
575 5403 671 5458 tamen
698 5401 780 5469 solos,
804 5410 857 5461 etc.
886 5404 929 5462 ab

129 5472 406 5548 Apostolisautriris
427 5470 585 5546 apostolicis
613 5472 701 5530 solum
724 5489 817 5532 verum
844 5475 930 5532 livan-

129 5547 233 5622 gelinm
248 5544 429 5622 conmriptum
453 5542 536 5603 luisse
549 5545 596 5614 ait,
620 5552 651 5604 ut
664 5544 697 5604 iis
709 5545 780 5605 tiam
803 5547 929 5608 occludat

130 5632 190 5699 que
204 5633 237 5680 ca
251 5616 440 5687 hemicorum
462 5616 594 5700 correptis
621 5617 821 5700 exemplaribus
844 5618 928 5701 objici

984 5123 1104 5188 possent,
1120 5116 1203 5175 veluti
1227 5132 1261 5173 ex
1280 5115 1474 5180 Ebionitarum,
1495 5115 1707 5185 Encratitarum,
1727 5116 1782 5172 Na·

983 5204 1139 5254 zataeorum,
1156 5188 1382 5257 Marcionitatum,
1397 5195 1448 5244 etc.
1464 5188 1502 5242 Ltt
1522 5189 1570 5242 Pa.

1018 5261 1058 5333 (s)
1073 5263 1178 5318 Lucam
1189 5262 1301 5318 videtur
1312 5261 1433 5318 ilorcion
1442 5261 1554 5333 elegisse
1581 5260 1781 5319 uemcoederct

982 5331 1065 5390 Vides
1079 5332 1221 5391 manifeste
1235 5343 1390 5403 corruptum
1410 5331 1495 5388 luisse
1508 5330 1539 5387 B.
1560 5277 1640 5390 fiucae
1656 5332 1782 5406 Evange

982 5402 1057 5474 lium,
1073 5416 1103 5461 ut
1117 5406 1142 5461 iu
1159 5420 1269 5461 suorum
1288 5420 1411 5462 errorum
1450 5402 1612 5461 atrociaium
1635 5406 1784 5486 detorque·

982 5484 1033 5543 tet,
1056 5486 1085 5533 nt
1103 5477 1186 5534 multa
1215 5485 1358 5544 truncaret,
1386 5422 1508 5549 turserat,
1535 5491 1638 5552 suaque
1665 5479 1783 5552 explica·

982 5548 1055 5609 tione
1065 5549 1282 5610 commacularet.
1294 5548 1332 5609 hu
1347 5551 1395 5611 Pa.
