3840 6134
69 294 139 357 1025
725 281 824 343 anan
845 277 890 339 nn
905 271 1053 335 tmuaru.
1647 224 1721 335 nae

66 415 215 490 siquando
228 410 546 480 coadunatis,nunquam
561 404 614 462 nisi
627 403 655 460 in
670 403 773 460 Pascha
785 400 861 473 jein·
917 395 1013 464 docnt,
1036 397 1063 448 et
1086 394 1137 465 qui
1150 408 1210 450 aon
1229 391 1399 450 manducat.
1430 395 1485 451 Deo
1513 397 1573 468 agit
1597 398 1717 469 mattas.

67 505 187 561 nandum
208 501 358 558 secundum
378 497 507 555 rationem
532 494 595 550 alibi
618 493 759 557 redditam,
784 490 863 547 nohis
918 484 1011 556 (hcm.
1024 496 1085 548 xta,
1104 485 1121 538 2
1139 488 1167 538 et
1181 481 1283 555 seqq).
1298 481 1367 538 Cam
1391 490 1481 539 autem
1513 484 1634 542 hnmano
1648 485 1720 542 arbi·

68 571 141 653 carte
156 592 241 651 814
262 588 352 647 omnis
365 587 424 644 dies
436 587 518 643 etiam
532 583 640 654 vulgata
660 580 864 640 consecratione
917 575 969 629 trio
983 571 1309 628 vetet²tcontroaersiam
1323 570 1502 644 lieri,qaanto
1512 574 1601 648 magis
1611 574 1716 631 diviuol

68 686 232 745 celebratur.
252 682 309 737 Nea
331 692 399 751 ergo
420 676 490 747 apud
513 668 864 745 Apostolum-dillerentiae
918 663 960 718 lta
977 662 1081 718 sciebat
1109 660 1243 734 quosdam
1271 660 1448 732 castigatores
1475 671 1503 718 et
1530 662 1720 721 interdictores

69 771 150 839 ratio,
169 770 380 844 distinguentem
394 779 464 822 noua
479 769 506 819 et
521 759 690 817 uetera-Sed
700 767 728 814 et
742 759 785 814 hic
796 758 864 813 inae·
918 751 1007 808 vietus
1021 751 1155 818 incusare,
1172 749 1218 822 qui
1244 766 1278 804 ex
1302 749 1423 818 fastidio,
1438 766 1494 806 non
1513 752 1559 822 qui
1581 768 1614 808 ex
1628 752 1720 810 allicio

69 861 186 934 qualitas
204 866 295 918 nestra
317 854 461 924 ridebitur,
485 866 549 907 cam
567 856 727 906 vestutatum
751 846 864 904 iormam
920 839 1099 911 abstinerent3
1118 840 1240 912 probare
1253 853 1319 896 vero
1332 838 1383 911 qui
1398 838 1427 893 in
1445 841 1588 907 honorem,
1604 857 1659 898 non
1673 842 1721 915 qui

70 949 150 1006 nobi,
167 945 345 1022 exprgbmgs,
361 943 390 998 in
403 957 458 1014 quo
472 939 497 979 ts
510 953 618 996 musam
633 936 760 994 novitatis
781 950 865 992 accu-
919 927 1113 987 inconvictum
1126 927 1272 985 creatoris.
1292 929 1327 984 Et
1341 929 1364 984 ai
1380 928 1469 986 claras
1484 930 1590 987 macelli
1605 931 1652 987 tibi
1667 941 1722 987 tra-

70 1038 146 1095 m,
631 1035 632 1039 ¹
919 1017 996 1085 didit,
1012 1017 1169 1088 permittens
1183 1015 1242 1073 esai
1256 1014 1348 1072 omnia
1367 1018 1402 1071 ad
1423 1018 1643 1076 constituendam
1661 1019 1722 1077 ido·

920 1107 1086 1179 lothytorum
1112 1107 1309 1178 exceptionem,
1326 1121 1382 1163 non
1403 1107 1536 1165 tamenin
1554 1110 1666 1168 macello
1679 1124 1721 1168 ra·

374 1173 489 1234 CAPUT
502 1171 564 1230 XV·
921 1212 1006 1269 gnum
1020 1197 1071 1252 Dei
1090 1196 1208 1253 inclusit.
1225 1197 1280 1253 Nec
1299 1197 1386 1261 enim,
1403 1195 1500 1268 inquit,
1526 1213 1591 1256 esus
1611 1203 1662 1255 aut
1674 1215 1722 1272 po·

109 1303 244 1375 Reprobat
258 1301 339 1358 etiarn
349 1299 409 1355 illos
419 1298 464 1371 qai
471 1295 635 1366 juhetamlt
645 1293 710 1351 chia
719 1293 867 1360 abstinere,
924 1288 970 1341 tm
984 1289 1026 1341 est
1037 1283 1088 1341 bat
1102 1298 1232 1358 regnam,
1241 1290 1278 1349 et,
1293 1285 1423 1340 hacanos
1439 1287 1491 1341 uec
1504 1301 1564 1342 uon
1577 1299 1721 1342 conmen-

72 1393 123 1449 sed
136 1392 170 1448 de
184 1384 804 1462 prouidentiaSpirituesancti¹⁸,praedamnans
811 1384 869 1453 jam
922 1375 988 1442 dun
1004 1389 1057 1430 non
1072 1380 1102 1431 ul
1131 1374 1166 1428 tle
1189 1373 1265 1429 arida
1278 1373 1379 1429 dictum
1407 1382 1495 1445 putes,
1513 1373 1560 1430 sed
1584 1373 1674 1446 polias
1686 1373 1722 1432 de

72 1479 215 1538 haereticos
235 1487 391 1550 perpetuam
413 1473 603 1532 abstinentiam
633 1479 819 1544 praeceptnroa
833 1470 868 1526 ad
922 1469 1002 1518 uncta
1015 1468 1042 1517 et
1056 1469 1194 1520 accurata.
1210 1460 1352 1532 Siquidem
1367 1460 1585 1531 subjiciena,nec
1599 1463 1625 1519 ai
1638 1478 1722 1519 man-

73 1569 238 1626 destrnenda
247 1577 274 1623 et
283 1565 458 1637 despicienda
468 1579 552 1635 opera
562 1562 713 1618 Crantoris:
726 1563 819 1633 quales
827 1560 869 1615 in·
922 1552 1131 1618 ducentesimus,
1146 1551 1351 1608 abundabimus
1361 1551 1403 1605 ²¹¹²
1418 1565 1470 1606 nec
1484 1551 1511 1607 ti
1526 1568 1586 1608 non
1599 1551 1722 1608 mandu-

71 1659 183 1715 veniam
208 1657 281 1728 apud
307 1655 479 1723 Marcionem,
515 1651 588 1723 apud
614 1650 766 1719 Tatianum,
798 1649 869 1721 apud
922 1643 1092 1709 noverimus,
1125 1640 1304 1710 deficiemus;
1333 1639 1382 1694 tibi
1410 1638 1497 1711 magis
1532 1639 1652 1707 insonat,
1673 1639 1722 1712 qui

71 1747 179 1814 lovem,
198 1745 359 1800 hodiernam
383 1743 418 1799 de
446 1742 598 1814 Pythagora
620 1739 785 1809 hereticum,
813 1754 868 1795 non
884 1715 907 1795 Β
921 1739 1061 1796 abundare
1088 1748 1114 1794 te
1127 1734 1313 1802 existimas,si
1340 1733 1415 1801 edas,
1441 1742 1469 1791 et
1492 1734 1608 1792 delicere
1627 1737 1651 1792 si
1669 1750 1724 1795 nou

73 1836 149 1906 apud
175 1832 351 1888 Paracletum.
382 1828 518 1898 Quantula
550 1837 593 1885 εει
621 1829 693 1884 euim
720 1828 793 1899 apud
819 1843 872 1885 nos
923 1827 998 1897 edas,
1030 1834 1057 1883 et
1081 1826 1145 1882 ideo
1180 1824 1232 1881 ieta
1269 1824 1414 1880 detractas.
1441 1823 1587 1881 Dominum
1616 1841 1724 1898 quinque

74 1920 231 1977 interdictio
245 1920 368 1976 ciborum
382 1915 464 1990 (teti
478 1917 544 1973 duas
559 1915 587 1971 in
601 1932 673 1974 anno
687 1917 872 1974 hebdomadas
923 1932 1005 1988 quam
1027 1915 1138 1987 indigne
1161 1914 1195 1968 ad
1219 1920 1293 1970 taam
1307 1911 1446 1968 libidinem
1463 1909 1649 1984 interpretaris
1662 1928 1725 1985 pas·

74 2010 305 2081 xerophagiarum
329 2007 398 2079 (59),
427 2022 476 2063 nec
504 2013 593 2076 totas,
624 2007 744 2077 exceptis
771 2005 873 2063 scilicet
924 2006 977 2061 aim
1006 2004 1215 2061 manducantem
1244 2008 1272 2058 et
1299 2001 1454 2068 bibentem,
1483 1999 1530 2056 eed
1561 2008 1625 2073 puto
1652 2002 1726 2072 quod

75 2095 201 2155 sabbatis
224 2106 251 2150 et
269 2093 418 2150 Dominicis
441 2093 584 2149 oilerimus
604 2094 682 2162 Deo;
708 2093 872 2151 abstinentes
924 2093 1005 2150 edam
1028 2092 1158 2165 jejunarit
1183 2092 1219 2159 ²⁵,
1239 2089 1286 2163 qni
1309 2092 1413 2153 beatos,
1441 2103 1495 2146 non
1517 2096 1659 2158 saturatos,
1676 2090 1726 2147 sed

75 2190 110 2242 ab
125 2186 176 2257 eis,
195 2199 256 2257 quae
280 2198 336 2239 non
352 2180 502 2251 rejicimus,
525 2182 574 2236 sed
597 2179 756 2238 differimus.
772 2180 873 2252 Atquin
925 2183 1075 2239 esurientes
1106 2189 1134 2238 et
1161 2181 1293 2249 sitientes,
1323 2178 1522 2253 pronuntiarit;
1558 2181 1605 2250 qni
1634 2194 1726 2236 escam

76 2276 110 2331 ad
123 2277 260 2332 Romanos
283 2269 416 2336 scribens,
438 2286 487 2325 vos
509 2285 581 2325 nunc
594 2271 751 2342 compungit
765 2271 873 2326 detrec·
923 2270 1119 2343 profitebatur,
1147 2285 1204 2326 non
1243 2285 1323 2341 quarn
1361 2268 1486 2342 discipuli
1531 2268 1725 2338 existimarant,

76 2372 177 2422 tatores
199 2363 222 2401 ¹⁹
237 2361 318 2432 bajas
339 2358 442 2416 ollicii:
459 2360 623 2431 Ncpropter
637 2359 872 2431 pabutumsotnc·
924 2367 973 2424 sed
997 2367 1100 2439 paterni
1127 2366 1219 2440 operis
1247 2365 1459 2437 perlectionem,
1487 2366 1587 2424 doeens
1619 2366 1726 2440 operari

76 2448 440 2523 neh‚nttainquit,opus
457 2448 519 2503 Dei·
537 2446 869 2518 Qu⁰d⁰l³¹¹⁸idellu0flil²
924 2470 1102 2527 escamque
1127 2463 1268 2526 permanet
1291 2454 1320 2510 iu
1336 2456 1420 2511 vitam
1443 2463 1589 2522 aeternam3
1614 2457 1641 2513 in
1655 2457 1729 2514 ordi·

76 2547 186 2602 Mam
199 2544 240 2599 est
253 2553 368 2597 caraem
377 2536 747 2603 coacueraatvtuumnoa
759 2542 870 2610 potare.
924 2545 998 2601 naria
1013 2545 1094 2601 ctiam
1113 2544 1237 2600 cranone
1260 2559 1361 2617 panem
1381 2545 1510 2601 mandans
1525 2546 1728 2618 postulandam,

75 2635 146 2690 Nam
159 2631 205 2704 qui
219 2630 247 2685 in
262 2627 322 2684 istis
336 2627 430 2693 servit,
440 2625 577 2698 placabilis
588 2634 616 2683 et
624 2626 805 2699 propitiabilis
814 2627 871 2684 Deo
924 2649 979 2691 non
1007 2641 1034 2690 ει
1056 2633 1186 2690 Attalicas
1213 2631 1321 2688 diviua,
1344 2633 1379 2690 aa,
1395 2634 1439 2691 spe
1461 2642 1488 2690 ej
1512 2635 1594 2691 qgjjgs
1610 2651 1664 2692 „0ss
1678 2653 1729 2692 ng„

76 2731 171 2779 nostro
185 2727 236 2775 ast.
251 2717 370 2788 Quidam
380 2716 578 2775 creditomm'a
587 2713 788 2773 manducanda
801 2731 871 2788 ease,
924 2721 1000 2796 gavit
1022 2723 1109 2777 Deum
1124 2721 1240 2794 elegisse
1258 2720 1415 2791 jejunium,
1442 2723 1489 2778 sed
1507 2724 1588 2794 quale
1604 2739 1658 2780 non
1673 2723 1729 2780 ele-

77 2809 195 2884 quidam
218 2811 315 2863 autem
341 2807 476 2876 'infirmus
503 2807 582 2863 olera
605 2803 631 2842 ²⁰
653 2806 796 2875 nescitum
824 2807 873 2879 qui
926 2809 1005 2887 gerit,
1019 2808 1203 2865 enumerarit:
1220 2809 1254 2863 ln
1268 2807 1365 2865 dietus
1380 2810 1567 2881 enim,iaquit
1581 2811 1673 2884 (nmis,
1688 2811 1728 2886 3),

77 2897 246 2963 martducat,
268 2913 304 2953 ne
322 2895 464 2964 nullificet
476 2892 499 2931 ²¹
513 2907 570 2951 non
584 2893 816 2951 manducantem.
836 2896 874 2951 Tu
923 2899 1101 2970 jejuniorum
1111 2901 1270 2956 uestrorum
1280 2898 1470 2955 tammonem
1478 2901 1640 2975 voluptates
1652 2900 1677 2939 ²³
1684 2916 1730 2959 aa·

77 2989 143 3061 qatis
153 2986 177 3025 ²²
188 2988 279 3059 aequi
288 2985 415 3041 altermm
424 2980 678 3055 servnmjudicaa?
687 2984 873 3055 Tiquimen-
889 2963 1270 3057 ssstroeetomneasubjectoa
1279 2984 1355 3045 achia
1364 2989 1731 3060 saccatumaatccnottia·

770 3097 867 3161 Variae
887 3102 1045 3164 lectiones.

116 3204 223 3275 16Οιιε
262 3206 356 3264 Semi.
387 3204 409 3243 Π
437 3203 553 3260 labeant
585 3203 670 3260 Semi.
686 3201 710 3241 ¹⁸
728 3202 843 3261 Sanctus
862 3205 947 3264 Semi.
964 3207 988 3245 ¹⁹
1002 3204 1201 3264 Retractatoree
1227 3206 1313 3263 Semi.
1334 3203 1360 3245 ²⁰
1374 3205 1454 3264 Olera
1473 3210 1559 3268 Seml.
1577 3213 1600 3252 ²¹
1615 3212 1733 3271 vilificat

79 3277 388 3409 {eotffigesjjssrmsnemt
405 3275 430 3314 ²³
457 3275 530 3332 vitet
557 3275 643 3333 Semi.
658 3274 684 3314 ²⁴
697 3274 900 3334 hbmdaairnns
921 3281 991 3338 Par.
1020 3278 1046 3317 ²⁵
1058 3276 1196 3349 Jejunatit
1209 3278 1295 3335 Semi.
1310 3276 1336 3316 ²⁶
1350 3278 1463 3336 Diuitias
1477 3281 1576 3355 objicit
1591 3285 1676 3342 Sami.
1705 3285 1730 3324 Ἠ

781 3418 1032 3485 Commentarius.

79 3543 189 3601 quoque
202 3526 254 3597 die,
271 3525 319 3582 sed
343 3537 495 3596 peremne
518 3530 639 3593 tempas.
655 3522 778 3594 Denique
796 3538 877 3581 omne
931 3525 1117 3592 Paracleticos,
1142 3525 1200 3583 sire
1222 3524 1407 3595 Montauistas,
1470 3536 1554 3587 artam
1576 3538 1603 3587 et
1629 3539 1731 3589 sextam

81 3608 190 3682 tempas
211 3596 380 3666 sabbatizat,
396 3598 448 3653 hoc
471 3602 512 3651 est
539 3592 706 3676 sanctificat,
735 3594 780 3667 qui
805 3596 877 3668 aapit
930 3603 959 3652 et
972 3599 1103 3670 cujusque
1131 3597 1288 3670 septimane
1316 3597 1411 3654 leriam
1453 3602 1537 3657 ioasse
1561 3601 1732 3671 stationibus,

80 3672 115 3726 ad
130 3672 282 3726 libertatem
298 3667 490 3740 evangelicam,
506 3681 538 3748 ac
552 3683 610 3722 sese
624 3670 742 3722 abstinet
755 3669 789 3722 ab
803 3668 876 3724 omni
930 3683 993 3741 quae
1007 3669 1154 3739 semiplena
1176 3678 1252 3725 erant
1278 3668 1393 3739 jejunia,
1422 3676 1450 3727 el
1474 3671 1590 3744 jejuniis
1604 3689 1733 3742 parasce-

82 3740 281 3812 opereservili,
296 3754 391 3812 nempe
405 3741 624 3796 observationum
647 3752 680 3794 aa
700 3739 876 3796 ceremonia·
929 3750 1116 3810 censentem
1147 3739 1273 3798 videlicet
1301 3739 1397 3795 leriam
1415 3741 1592 3801 hebdomadae
1620 3746 1735 3816 majoris

82 3830 143 3870 rum
156 3812 335 3867 ludaicaram.
351 3812 413 3867 ch.
929 3813 987 3869 sive
1017 3812 1187 3869 authenticae.
1216 3811 1396 3869 Paracleticos
1424 3828 1457 3870 eo
1485 3814 1569 3873 luisse
1605 3816 1734 3875 llomanis

118 3885 177 3955 (57)
194 3885 334 3953 Quartam
348 3886 376 3940 ct
400 3885 511 3938 sextam
525 3879 649 3950 sabbati,
674 3888 727 3936 ete.
752 3879 876 3938 Difficilis
928 3884 1098 3952 austeriores,
1115 3885 1188 3955 quod
1203 3882 1271 3939 duas
1292 3883 1320 3938 in
1343 3899 1414 3941 anno
1439 3884 1621 3943 hebdomadas
1652 3905 1734 3946 xero·

82 3956 165 4029 plane
184 3959 259 4011 locus
278 3964 341 4010 est:
360 3969 421 4009 nam
444 3955 591 4009 Parasceue
610 3958 652 4007 est
665 3959 740 4006 sexta
754 3951 874 4009 Sabbati.
949 3955 1102 4027 bagiarum,
1119 3972 1168 4012 nec
1187 3963 1277 4012 tamen
1306 3962 1386 4023 totas,
1401 3958 1522 4031 exceptis
1542 3958 1644 4017 scilicet
1666 3960 1734 4017 Sab·
1777 3990 1780 3997 ·

83 4028 189 4083 Sensus
206 4033 296 4081 autem
311 4041 369 4081 esse
382 4025 489 4081 videtur
506 4042 513 4078 ι
529 4022 659 4104 stationes
670 4020 769 4077 fiebant
783 4026 873 4095 het63
929 3972 1000 4081 fiatis
1014 4035 1043 4082 et
1062 4025 1220 4090 Dominicis,
1246 4026 1379 4085 ollerrent
1403 4031 1472 4084 Deo.
1497 4031 1558 4086 Non
1572 4031 1638 4087 dicit
1653 4028 1742 4087 Para-⁹

82 4096 153 4155 feria
167 4105 256 4153 autem
270 4105 363 4169 quarta
376 4097 408 4151 ad
428 4093 532 4151 Nonam
545 4095 678 4164 jejumum
698 4094 793 4175 licebat
816 4095 876 4150 sol·
929 4111 1025 4152 sceven
1036 4098 1158 4162 Pascbae,
1175 4105 1204 4152 ut
1218 4099 1286 4153 duas
1300 4099 1526 4171 xerophagiarum
1549 4103 1734 4160 hebdomadas

81 4185 158 4238 uere,
179 4171 251 4225 ande
264 4167 483 4234 semi-'ejuniam
505 4166 661 4220 dicebatur·
679 4171 706 4218 at
728 4163 797 4218 lerna
811 4168 828 4219 6
842 4165 876 4220 ad
929 4166 1039 4223 Paschae
1068 4168 1205 4238 proximas
1221 4185 1227 4221 :
1245 4171 1274 4222 et
1302 4175 1392 4223 tamen
1412 4171 1482 4225 baad
1496 4171 1577 4227 aliter
1592 4187 1655 4227 eam
1670 4190 1734 4229 sen·

81 4242 189 4298 Nonam
203 4241 335 4311 jejunium
345 4187 443 4294 dicitur
453 4236 628 4294 Tertulliano.
641 4208 739 4291 'ieram
753 4235 878 4291 nonatti·
930 4237 999 4293 sisse
1014 4253 1058 4294 res
1081 4240 1141 4309 ipsa
1155 4240 1261 4294 elamat.
1287 4240 1356 4295 Nam
1370 4248 1398 4296 et
1410 4240 1501 4297 statim
1515 4242 1548 4297 de
1562 4241 1607 4298 die
1621 4245 1733 4301 Paschae

82 4313 159 4386 gisae
173 4311 318 4369 Pamelium
333 4311 510 4378 crediderim,
531 4307 577 4380 qui
590 4308 753 4363 Parasceven
768 4306 874 4363 Sabba·
928 4306 1058 4381 loquitur.
1068 4308 1107 4364 lna
1124 4310 1171 4363 Pn.

83 4392 143 4440 tum
154 4399 222 4441 nore
240 4382 370 4454 appellari
384 4381 486 4437 scribit.
503 4381 541 4435 La
556 4379 606 4433 Pn.
972 4379 1029 4452 (58)
1041 4381 1187 4450 Quantula
1199 4384 1241 4439 est
1255 4379 1332 4437 enim
1342 4380 1419 4452 apud
1433 4398 1483 4440 nos
1492 4383 1655 4444 interdictio
1664 4389 1735 4445 ciba·

120 4458 157 4512 Et
179 4456 304 4528 jejuniis
322 4451 521 4510 Parasceaea?
545 4448 649 4505 Eximie
668 4456 804 4518 nuncupat
827 4451 879 4506 Pa·
936 4456 1024 4508 mm?
1052 4462 1103 4510 etc.
1125 4454 1197 4507 Duas
1225 4452 1269 4507 hic
1296 4452 1524 4523 xerophagiarum
1552 4456 1735 4514 hebdomadas

84 4541 215 4582 rasceaeu
231 4541 313 4598 qaam
331 4525 418 4580 Judaei
433 4523 563 4581 uocabant
578 4522 742 4578 Parasceven
758 4521 879 4580 Paschae.
896 4506 1085 4595 Donastituit,
1101 4524 1153 4580 boc
1177 4530 1218 4578 est
1241 4524 1276 4578 lh
1303 4521 1373 4588 dies,
1388 4538 1442 4579 non
1466 4532 1557 4582 nutem
1581 4526 1734 4585 hebdoma-

82 4596 198 4654 Joannis
211 4611 272 4668 cap.
287 4611 339 4652 xxx
351 4594 495 4668 :llapaaaanj
509 4600 549 4648 τοῦ
564 4593 663 4661 Πάσχα,
679 4592 757 4664 quasi
772 4591 883 4650 Sabbati
934 4596 982 4650 das
998 4598 1041 4664 lt,
1057 4594 1131 4667 quod
1154 4592 1256 4667 putavit
1280 4594 1433 4651 Pamelias:
1448 4611 1502 4651 uon
1518 4597 1590 4654 enim
1603 4600 1734 4658 elevando
1805 4626 1812 4634 ·

83 4668 222 4740 paschalis
251 4667 379 4724 sanctitas
412 4666 626 4738 pro-Sabbatum
664 4681 744 4722 saum
778 4665 880 4721 nobili·
935 4672 988 4721 tam
1009 4666 1262 4740 exiguamspalium
1277 4665 1336 4722 haec
1350 4664 1509 4737 proterret:
1529 4669 1735 4737 Quantulum

85 4746 168 4795 taret.
182 4739 252 4810 Quia
277 4754 341 4796 vero
369 4736 492 4794 Christus
514 4752 545 4792 ea
569 4737 637 4792 feria
660 4747 744 4806 sexta,
769 4737 827 4794 sire
847 4751 881 4792 ea
934 4741 1022 4803 enim,
1038 4746 1090 4794 etc.
1108 4739 1148 4794 Le
1165 4741 1214 4793 Pa.

82 4825 243 4882 parasceve,
263 4812 474 4891 comprehensus
498 4806 586 4863 luerat
608 4824 624 4863 a
647 4808 748 4863 ludaeia
771 4817 798 4864 et
816 4822 881 4864 ern-
972 4811 1029 4879 (59)
1045 4811 1119 4865 Duas
1133 4810 1164 4866 in
1179 4825 1255 4866 anno
1268 4805 1451 4868 hebdomadas
1478 4811 1731 4884 xerophagiarum.

83 4880 194 4949 ailiam,
226 4882 350 4939 Ecclesia
378 4879 547 4947 Christiana,
578 4879 736 4934 Tertulliani
765 4880 880 4947 aaeculo,
934 4879 1168 4951 hieronymusad
1196 4878 1360 4947 llarcellam,
1385 4881 1432 4936 abi
1447 4881 1482 4938 da
1508 4882 1734 4940 Monmnisecta·

84 4965 193 5010 sextam
241 4969 357 5026 namque
387 4950 482 5007 leriam
511 4949 675 5007 stationibus
708 4951 765 5007 sive
798 4950 880 5008 aemi·
935 4951 1037 5032 taribus
1053 4969 1060 5007 ι
1075 4952 1117 5007 llli
1147 4961 1201 5006 tres
1227 4953 1255 5007 ln
1282 4965 1353 5033 anno
1380 4950 1482 5009 iaciunt
1503 4955 1603 5026 quadra
1625 4954 1734 5016 esimes.

82 4970 368 5153 illiniunt
381 5024 757 5151 .l³lt‘³lt.ll⁰⁰.llltlt⁶
771 5023 883 5165 little
935 5023 1736 5172 iiiiii?llll.ii²i¹limnriilj⁸hl⁰i.p..'hii⁸

354 5136 361 5162 t
1080 5136 1087 5150 ο
1718 5128 1734 5142 ·¹
1788 5142 1792 5147 .

85 5182 172 5224 conce
192 5176 250 5225 tum
264 5167 366 5225 indicta
381 5165 459 5223 solidi
473 5165 572 5236 jejunii
590 5163 717 5219 maestitia
735 5165 882 5222 notabilio-
936 5175 1021 5222 stram
1038 5175 1116 5222 erant
1132 5165 1269 5238 discipali,
1285 5164 1390 5222 duabus
1415 5168 1628 5226 Monunicarum
1655 5185 1736 5229 xero·

75 5253 148 5299 sena
169 5186 288 5309 aceram
312 5238 403 5309 itaque
424 5240 493 5317 hanc
523 5251 684 5317 parasceven
712 5234 884 5292 solemnissi·
936 5236 1098 5310 phagiarum
1120 5237 1277 5310 septimanis
1301 5238 1407 5294 tertiam
1432 5240 1601 5297 addiderant.
1631 5240 1670 5299 dt
1695 5244 1736 5299 sie

88 5325 163 5369 mean
191 5309 383 5376 Tertullianus,
418 5306 587 5382 significandi
619 5305 700 5363 modo
732 5306 883 5380 excellenti,
937 5323 985 5368 eos
1006 5324 1115 5382 qunque
1138 5310 1267 5381 putamus
1285 5324 1315 5366 se
1335 5309 1448 5367 timmas
1465 5312 1567 5370 dixisse
1580 5312 1651 5384 quad
1704 5329 1735 5370 e·

87 5381 255 5440 Parasceten
276 5392 367 5453 vocat,
394 5382 527 5451 jamnon
551 5378 704 5444 Iudaicam,
735 5381 783 5435 sed
805 5380 885 5460 Chri·
938 5378 1030 5448 sunus,
1060 5379 1293 5452 quemadmodum
1315 5325 1498 5456 {lieronymus
1521 5383 1589 5439 dixit
1612 5398 1653 5437 :a
1704 5397 1737 5439 os

86 5453 204 5509 stianam
220 5471 226 5508 :
245 5469 346 5525 nempe
373 5450 469 5510 relicto
506 5450 565 5507 aliis
595 5447 758 5523 παρασκευαῖς
782 5451 886 5507 ordinas
938 5468 1019 5510 unam
1050 5451 1288 5525 quadragesimam
1302 5454 1450 5511 meandum
1477 5453 1649 5511 traditionem
1671 5468 1738 5525 apo·

85 5525 232 5581 vocabulo.
247 5524 325 5582 Unde
347 5533 390 5582 est
410 5522 622 5596 apertissimum,
646 5537 705 5578 aeuo
727 5519 885 5579 Tertulliani
939 5524 1082 5595 stolorum,
1101 5531 1260 5594 torcamo,
1279 5530 1404 5598 tempore
1426 5525 1505 5584 nobis
1529 5537 1652 5599 congruo
1664 5525 1739 5597 Jeju-

85 5595 249 5668 Papchioon
263 5593 691 5667 meermannianam
709 5593 785 5670 ipsos
805 5592 887 5653 edan
939 5609 1076 5655 namus.»
1099 5597 1164 5656 tara.
1720 5606 1725 5613 ’
