3840 6134
135 314 185 375 ω)
675 343 679 353 -
737 306 833 368 trualt
853 308 894 368 DE
914 311 1023 373 claua
1043 312 1183 373 allltts'tl.
1736 325 1788 383 act

137 439 255 496 ldsrciou
269 452 351 494 ausus
375 444 416 493 est
431 435 463 503 ¹⁹,
490 449 527 489 ne
548 448 613 490 earo
627 434 687 503 ejus
700 435 869 503 probaretur.
889 435 933 490 Ex
953 438 1077 546 *videri
1101 438 1212 495 omnino
1226 440 1250 478 22
1271 442 1409 499 voluisset.
1436 444 1532 501 Omnis
1556 448 1597 501 rei
1619 447 1789 521 displicentis

137 543 200 601 qua,
224 541 274 583 oro
298 532 324 582 te
345 525 380 591 ²⁰,
404 523 562 581 auctoritate
585 519 666 594 (ll)l
688 520 716 577 Si
737 522 868 592 propheta
891 539 932 592 es,
991 527 1071 581 etiam
1090 528 1184 598 opinio
1197 531 1367 600 reprobatur.
1390 531 1459 600 Quia
1483 533 1548 589 nihil
1563 533 1685 606 interest,
1698 544 1789 594 utrum

136 614 289 687 praenuntia
302 612 419 686 aliquid3
446 612 469 666 si
493 611 643 682 apostolus,
668 609 785 680 predica
807 610 933 682 publice;
988 615 1113 688 ailquid,
1137 632 1171 672 au
1195 632 1250 675 nou
1263 617 1312 687 sit,
1325 620 1359 690 si,
1375 635 1436 675 cum
1452 634 1505 675 uou
1520 621 1556 676 sit
1569 639 1631 678 csse
1646 625 1788 695 praesumi·

136 704 159 761 si
174 704 339 775 apostolicus
352 703 421 774 (lt),
434 716 496 757 cum
509 699 643 770 apostolis
656 697 743 765 senti,
759 698 781 753 si
796 708 899 755 tanturn
910 699 933 736 ²¹
988 718 1042 774 pur.
1057 704 1137 759 Plane
1152 704 1263 761 interest
1286 707 1350 762 illud
1362 708 1397 774 ³⁰,
1422 714 1449 763 nt
1474 707 1543 763 salso
1555 710 1576 747 ³¹
1593 725 1648 764 non
1662 714 1789 784 patiatur,

137 793 309 851 Christianus
336 807 377 861 cs,
402 789 483 848 crede
507 787 579 860 quod
603 787 729 842 traditum
751 795 794 843 est
814 790 886 857 (¹3lt
910 786 934 841 si
988 792 1061 863 quod
1085 807 1149 849 vere
1174 809 1229 849 non
1252 802 1304 853 est.
1330 817 1341 844 ι
1370 795 1424 852 Sed
1447 796 1515 850 satis
1538 806 1597 853 erat
1615 798 1665 865 itti.
1686 799 1789 873 inquis,

135 881 201 939 nihil
216 879 332 938 istorum
351 893 392 946 es,
418 877 513 934 merito
537 875 666 943 dixerim,
683 890 813 932 morere:
830 891 892 931 uam
907 885 935 932 et
988 880 1160 937 conscientia·
1176 897 1236 938 sus.
1262 882 1384 939 Viderint
1400 884 1536 951 homines,
1559 884 1583 939 si
1603 896 1696 942 natum
1711 898 1789 957 puta·

135 978 260 1026 nonnus
273 983 314 1033 es,
330 966 376 1038 qui
393 981 448 1023 non
471 981 501 1021 es
524 962 703 1030 Christianus,
726 979 779 1018 non
799 963 935 1019 credendo
988 968 1063 1035 bant,
1085 969 1150 1040 quia
1172 971 1309 1028 hominem
1331 973 1470 1029 videbant.
1488 991 1500 1022 ι
1521 972 1629 1042 Quanto
1652 989 1720 1046 ergo
1743 976 1790 1031 di-

134 1059 209 1131 quod
234 1057 363 1113 traditum
386 1056 411 1094 ²²
434 1053 601 1112 Christianos
628 1052 702 1109 lacit.
731 1054 766 1108 Et
793 1069 826 1109 eo
849 1052 936 1128 magis
988 1055 1079 1128 gnius,
1094 1065 1248 1131 quantoque
1260 1060 1429 1117 constantius
1443 1062 1592 1117 humanam
1616 1063 1792 1120 sustinuisset

134 1156 259 1205 mortuus
272 1162 311 1218 es,
327 1160 382 1219 quo
396 1145 483 1218 magis
492 1145 517 1183 23
533 1158 587 1198 ucu
600 1159 630 1199 es
645 1142 833 1199 Christianus:
851 1144 897 1216 qui
910 1143 935 1181 22
990 1145 1221 1203 existimationem
1244 1163 1308 1203 vere
1333 1158 1423 1218 uatus,
1447 1148 1527 1207 25⁷
1551 1153 1674 1207 eamdem
1694 1151 1790 1209 existi-

134 1251 196 1293 cum
219 1235 326 1303 luisses,
342 1233 467 1290 excidisti
481 1232 548 1303 (ιι),
565 1232 743 1288 rescindendo
767 1233 840 1304 quod
864 1243 935 1288 retro
990 1236 1134 1291 mationem
1156 1234 1236 1293 etiam
1262 1251 1317 1292 non
1340 1247 1419 1293 uatus
1442 1237 1581 1295 subiturus
1604 1256 1665 1296 cum
1690 1240 1790 1312 injuris

135 1323 273 1381 credidisti
289 1322 370 1395 (15);
395 1322 465 1378 sicut
488 1330 515 1377 et
538 1321 598 1392 ipse
617 1319 753 1377 confiteris
766 1321 794 1376 in
819 1321 936 1394 quadarn
989 1323 1163 1379 conscientiae
1177 1323 1247 1381 ιιι)
1265 1341 1345 1397 quam
1362 1336 1389 1380 tu
1403 1325 1438 1381 ad
1452 1324 1578 1384 fiduciam
1594 1338 1705 1400 reputas
1718 1331 1788 1401 (ιθ),

135 1412 260 1486 epistola,
275 1419 302 1469 et
320 1412 358 1467 tui
373 1427 430 1466 uon
449 1418 558 1482 negant,
582 1419 609 1466 et
632 1409 717 1465 nostri
739 1410 863 1481 probant.
877 1410 936 1481 lgi-
990 1421 1019 1465 ut
1039 1427 1092 1467 uon
1112 1420 1200 1473 natus.
1223 1414 1356 1471 adversus
1382 1415 1572 1471 conscientiam
1596 1434 1672 1473 suam
1697 1427 1789 1474 natum

137 1508 182 1560 tur
197 1500 353 1558 rescindens
371 1499 445 1572 quod
463 1496 548 1556 756
561 1496 709 1569 credidisti,
723 1499 779 1569 jam
794 1513 848 1554 nou
872 1514 937 1554 cre·
991 1514 1021 1554 se
1036 1498 1185 1555 existimari
1204 1502 1358 1560 sustineret.
1382 1502 1452 1573 Quid
1476 1504 1543 1560 tanti
1564 1506 1624 1574 luit,
1649 1507 1745 1575 edoce,
1760 1512 1791 1563 ut

136 1588 205 1648 deus
228 1587 386 1647 rescidisti:
410 1603 466 1646 non
493 1594 581 1645 tamen
606 1587 671 1660 quia
689 1585 799 1644 credere
823 1585 935 1656 desiisti,
991 1588 1130 1645 consciens
1140 1587 1164 1627 ³²
1177 1587 1299 1647 Christus
1320 1591 1385 1664 quid
1409 1600 1492 1659 esset,
1508 1590 1573 1648 id³³
1587 1609 1617 1649 se
1638 1591 1711 1663 quod
1734 1610 1790 1652 nou

136 1684 210 1736 reate
223 1675 368 1735 rescidisti.
384 1677 474 1750 Atque
497 1676 526 1731 iu
550 1675 728 1732 rescindendo
752 1675 827 1746 quod
844 1674 935 1732 credi·
989 1685 1056 1744 erat,
1072 1677 1231 1736 exhiberet?
1254 1679 1315 1736 Non
1337 1687 1417 1753 potes
1439 1680 1530 1738 dicere
1554 1699 1561 1737 ι
1588 1682 1642 1734 «³⁴
1656 1682 1686 1739 Si
1708 1691 1789 1741 natus

138 1766 212 1836 disti,
243 1767 352 1840 probas,
376 1772 522 1837 autequam
547 1764 724 1832 rescinderes,
748 1764 829 1821 aliter
853 1763 938 1823 inisse
953 1754 976 1834 B
991 1764 1098 1837 luisset,
1121 1774 1150 1823 et
1175 1767 1311 1824 hominem
1326 1782 1389 1825 vere
1409 1767 1549 1837 induisset,
1573 1771 1646 1826 Deus
1669 1786 1729 1828 esse
1744 1774 1789 1827 de-

141 1854 214 1929 quod
238 1852 383 1912 credidisti.
413 1853 500 1910 Aliter
522 1852 598 1921 illud,
624 1853 661 1909 its
688 1860 747 1910 crat
775 1853 934 1913 traditumr
990 1855 1079 1926 sisset,
1107 1853 1231 1911 amittens
1255 1853 1329 1929 quod
1351 1862 1419 1922 erat,
1444 1856 1509 1913 dum
1533 1858 1646 1914 assumit
1667 1858 1692 1898 33
1714 1860 1788 1934 quod
1885 1890 1888 1897 ·

140 1959 233 2017 porro,
256 1945 327 2018 quod
352 1942 480 2001 traditum
499 1950 568 2013 erat,
591 1942 618 1999 id
642 1949 700 2000 eret
725 1960 829 2011 verum,
855 1952 884 2000 ut
901 1944 936 2001 ab
991 1959 1046 2001 non
1060 1954 1127 2002 erat.
1144 1964 1158 1998 ι
1175 1945 1325 2002 Periculum
1340 1944 1412 2001 enim
1434 1953 1519 2002 status
1543 1944 1587 2000 sui
1609 1946 1667 2003 Deo
1682 1948 1788 2005 nullum

138 2032 178 2091 eis
193 2032 329 2101 traditam,
345 2047 461 2107 quorum
486 2030 536 2088 luit
560 2032 682 2105 traderc3
706 2046 771 2103 ergo
791 2038 937 2105 quoderat
990 2043 1043 2095 ast.
1068 2053 1082 2086 s
1105 2032 1160 2091 Sed
1180 2032 1254 2102 ideo,
1269 2032 1370 2107 inquis,
1395 2048 1466 2105 nego
1490 2034 1577 2090 Deum
1601 2035 1628 2091 iu
1652 2033 1788 2092 homiuem
1865 2070 1869 2077 -

136 2120 264 2180 traditum
287 2121 455 2191 rescindens,
484 2121 558 2194 quod
586 2129 762 2178 erectarum
790 2120 935 2191 rescidisti,
990 2137 1053 2179 vere
1082 2136 1260 2192 conversum,
1286 2121 1326 2177 ita
1348 2128 1378 2177 ut
1400 2132 1426 2177 et
1454 2130 1632 2192 nasceretur,
1658 2131 1684 2181 et
1710 2138 1789 2182 carne

134 2211 209 2269 nullo
222 2212 284 2284 jure
299 2209 396 2269 iecisti.
414 2211 468 2269 Sed
483 2211 589 2282 plenius
602 2210 735 2281 ejusmodi
750 2210 935 2283 praescriptio·
988 2220 1177 2281 corporaretur
1197 2210 1236 2283 32,
1260 2210 1324 2284 quia
1346 2210 1393 2282 qui
1416 2210 1476 2267 sina
1498 2210 1554 2267 firie
1578 2219 1631 2284 est,
1646 2210 1728 2269 etlam
1742 2214 1788 2270 iu·

134 2299 213 2357 uibru
238 2301 369 2360 adversus
393 2315 489 2356 omnes
508 2301 637 2368 haereses,
653 2298 716 2356 alibi
738 2300 797 2371 jam
818 2300 861 2357 usi
884 2317 934 2355 su·
988 2299 1174 2357 convertibilis
1187 2300 1223 2355 sit
1241 2314 1353 2356 necesse
1368 2305 1408 2356 ast
1425 2315 1432 2356 :
1447 2299 1567 2357 ccuvmti
1580 2299 1653 2357 enirn
1668 2300 1697 2357 in
1711 2301 1786 2370 illud,
1873 2302 1894 2373 ’-

133 2404 195 2445 mus
206 2388 242 2446 ²⁵.
263 2391 328 2447 Post
350 2405 418 2461 quas
438 2404 511 2445 nuuc
533 2403 566 2444 ex
587 2387 736 2445 abundanti
759 2396 936 2446 retractamus
987 2386 1051 2445 finis
1068 2396 1109 2445 est
1131 2386 1259 2460 pristini:
1287 2402 1341 2443 nou
1367 2389 1495 2458 competit
1513 2404 1581 2461 ergo
1595 2389 1735 2447 conversio
1752 2391 1787 2459 ³²,

134 2478 323 2538 desiderantes
346 2480 488 2549 rationem,
503 2494 559 2552 qua
571 2479 597 2519 ²⁶
610 2494 666 2538 nou
681 2478 820 2553 putaveris
841 2490 935 2537 ustum
987 2477 1033 2535 cui
1054 2493 1108 2535 nou
1131 2476 1261 2549 competit
1282 2474 1357 2534 finis.
1375 2498 1386 2527 ι
1403 2476 1485 2532 Plane
1503 2482 1601 2533 natura
1623 2479 1788 2536 convertibi-

134 2568 352 2627 assaChristum.
989 2566 1055 2623 liunt
1074 2581 1106 2622 es
1124 2565 1185 2639 lege
1206 2573 1258 2635 est,
1273 2580 1308 2621 rte
1322 2574 1499 2637 permaneant
1519 2565 1548 2622 iu
1571 2581 1605 2623 eo
1627 2569 1701 2639 quod
1723 2584 1790 2625 con·

987 2654 1100 2713 vertitur
1121 2655 1148 2709 in
1172 2653 1226 2726 eis,
1249 2662 1277 2710 et
1299 2655 1339 2710 ita
1360 2668 1415 2709 nou
1437 2655 1620 2726 permanendo
1638 2666 1749 2725 pereant
1762 2658 1788 2697 ³²

445 2710 560 2770 CAPUT
578 2711 625 2769 ῙῙῙ·
988 2743 1055 2800 dum
1079 2741 1197 2815 perdunt
1219 2740 1404 2797 convertendo
1427 2740 1501 2811 qrrcd
1516 2740 1634 2799 luerunt.
1647 2742 1702 2799 Sed
1720 2745 1786 2801 nihil

168 2837 285 2895 Necesse
300 2845 352 2907 est,
374 2841 508 2908 quatenus
532 2841 583 2893 boc
606 2842 687 2908 putas
709 2834 820 2894 arbitrio
836 2843 882 2893 tuo
898 2834 934 2891 li·
987 2833 1044 2889 Deo
1059 2847 1108 2904 par
1122 2836 1299 2886 estsusrura
1314 2829 1373 2899 eius
1395 2829 1429 2884 ab
1452 2828 1573 2884 omnium
1587 2844 1678 2885 rarum
1694 2833 1788 2888 condi·
1893 2886 1899 2893 ,

137 2926 234 2995 cuisse,
264 2935 311 2983 aut
335 2937 364 2983 ut
390 2923 596 2997 impossibilem,
620 2932 668 2980 sut
694 2923 933 2980 inconvenientem
988 2921 1061 2979 tione
1084 2920 1175 2978 distat.
1190 2919 1219 2977 si
1234 2936 1301 2994 ergo
1313 2935 1375 2993 quae
1387 2935 1404 2975 a
1416 2921 1474 2977 Deo
1492 2920 1603 2993 (ιιιιιιι,
1619 2922 1644 2963 22
1657 2937 1675 2978 a
1688 2924 1786 2996 quibus

137 3015 194 3071 ben
208 3014 401 3073 existimaveris
417 3012 594 3069 nativitatem.
610 3013 663 3070 Sed
679 3014 735 3070 lleo
750 3012 819 3069 nihil
834 3015 936 3084 impos·
988 3009 1079 3077 distat,
1100 3024 1161 3066 cum
1188 3018 1395 3078 convertuntur,
1411 3008 1536 3065 amittunt
1558 3009 1632 3081 quod
1655 3010 1785 3073 luerunt:

134 3103 226 3175 sibile,
238 3103 293 3160 nisi
314 3103 388 3176 quod
407 3117 461 3160 uon
477 3104 546 3159 vult.
562 3103 605 3158 hu
619 3118 686 3175 ergo
700 3101 848 3160 volnerit²²
863 3100 936 3158 nasci
951 3093 973 3174 c
987 3099 1033 3154 ubi
1055 3097 1108 3154 erit
1131 3096 1272 3154 diversitas
1287 3096 1436 3155 divinitatis
1457 3113 1473 3153 a
1496 3097 1604 3155 caeteris
1627 3100 1718 3173 rebus,
1734 3100 1785 3156 nisi

136 3191 210 3265 (quia
226 3192 248 3249 si
261 3192 359 3258 voluit,
379 3201 407 3249 et
426 3192 513 3262 potuit
528 3192 563 3261 22,
588 3202 614 3248 et
640 3203 720 3248 uatus
741 3192 793 3263 est)
809 3193 934 3249 conside·
989 3198 1020 3245 ut
1032 3185 1196 3245 centrarium
1220 3185 1340 3242 obtineat
1351 3186 1387 3256 ⁴⁰,
1402 3185 1431 3240 id
1441 3192 1494 3255 est,
1509 3194 1540 3241 ut
1553 3188 1628 3244 Deus
1642 3198 1670 3245 et
1682 3190 1786 3261 inom-

133 3278 293 3339 ennead
308 3279 499 3350 compendium
515 3279 642 3337 decurro.
668 3279 697 3335 si
721 3281 794 3335 enim
814 3281 888 3337 nesci
903 3297 934 3338 ss
988 3279 1033 3333 nia
1061 3274 1181 3332 converti
1210 3274 1314 3345 possit,
1343 3280 1371 3332 et
1398 3274 1487 3347 qualis
1512 3281 1574 3344 est,
1603 3291 1785 3347 perseverare.

132 3368 205 3425 Dens
226 3367 359 3424 noluisset
379 3380 541 3440 quacunque
554 3369 589 3425 de
604 3366 696 3437 cansa,
722 3384 773 3426 uec
795 3368 932 3426 hominem
985 3363 1111 3438 Alioquin
1139 3377 1187 3434 par
1210 3361 1262 3418 erit
1283 3377 1399 3429 eorum,
1423 3377 1485 3436 qoae
1507 3378 1638 3422 conversa
1660 3366 1786 3423 amittunt

133 3455 262 3514 sevideri
284 3454 465 3528 prestitisset.
490 3457 559 3511 Nam
582 3457 653 3528 quis,
669 3456 806 3511 hominem
825 3454 929 3523 videus,
985 3454 1059 3527 quod
1088 3458 1211 3524 lueruut3
1240 3465 1355 3525 quorum
1384 3452 1481 3525 utique
1508 3452 1581 3509 Deus
1606 3453 1634 3509 in
1659 3454 1786 3512 omnibus

133 3559 194 3603 eum
216 3555 329 3618 negaret
350 3542 463 3601 natural
488 3543 528 3599 lta
550 3544 623 3616 quod
642 3541 772 3600 uoluisset
793 3557 864 3611 esse,
880 3558 932 3601 nec
985 3542 1074 3615 impar
1087 3541 1112 3581 ⁴¹
1127 3554 1182 3596 nou
1196 3547 1254 3610 est,
1267 3542 1290 3598 si
1305 3555 1355 3597 uec
1376 3539 1406 3597 iu
1429 3540 1505 3598 exitu
1518 3540 1713 3600 conversionis.
1729 3543 1786 3600 An-

817 3642 913 3705 Variae
934 3645 1088 3707 lectiones.

168 3748 192 3789 ¹⁹
205 3749 242 3806 Et
255 3748 344 3808 libert.
360 3751 439 3806 Pam.
461 3748 486 3789 ²⁰
499 3747 605 3806 Exhibe
619 3748 684 3805 odd.
699 3747 791 3808 codd
810 3750 852 3806 ob.
867 3749 1064 3805 auctoritatem.
1076 3746 1099 3787 22
1116 3746 1315 3804 Tantummodo
1331 3751 1417 3807 lbera
1434 3748 1514 3805 Pom.
1529 3746 1554 3787 ²²
1568 3746 1705 3807 Creditum
1722 3752 1785 3825 Rip.

133 3823 212 3880 Pom.
229 3823 297 3879 Per.
311 3824 398 3878 Fron.
414 3822 440 3859 ²³
453 3821 501 3890 Es,
515 3820 562 3893 qui
577 3835 630 3877 nou
645 3821 734 3878 liban.
750 3820 776 3858 ²⁴
816 3819 869 3877 uod
898 3820 1047 3877 ll'ortw.lt‘b.
1066 3820 1169 3879 lirini.
1185 3819 1210 3858 ²⁵
1224 3819 1316 3876 Simus
1335 3822 1398 3878 l'crt.
1414 3820 1440 3859 ²⁶
1453 3817 1522 3886 Ouia
1546 3822 1609 3879 ten.
1624 3819 1648 3859 ²²
1662 3823 1787 3881 Noluerit

133 3892 218 3953 Serui.
235 3894 294 3965 hm.
316 3895 380 3951 l'ett.
396 3891 421 3929 ²²
434 3892 467 3947 Et
483 3892 568 3963 potuit
582 3892 679 3950 omitt.
695 3891 783 3949 libert.
802 3892 890 3950 Scml.
906 3891 930 3929 ²⁹
945 3891 1056 3947 llomini
1073 3892 1120 3950 lib.
1135 3890 1218 3965 Apol.
1231 3891 1257 3931 ³⁰
1270 3891 1337 3948 lllud
1352 3893 1458 3951 obertu
1471 3893 1530 3964 ιιι).
1550 3892 1615 3949 Vera.
1631 3892 1654 3932 ³¹
1674 3894 1787 3955 Falsum

132 3964 212 4022 Pom.
230 3965 317 4021 libert.
334 3962 358 4002 32
372 3963 462 4019 Edoce
486 3972 515 4019 ut
528 3977 591 4019 cum
615 3963 706 4019 sciens
722 3962 811 4019 libert.
826 3962 914 4021 Semi.
928 3961 953 4001 33
963 3962 1031 4020 Essa
1056 3963 1146 4021 Rhea.
1161 3966 1243 4019 Pom.
1268 3961 1292 4001 ²⁴
1307 3964 1348 4019 lie
1363 3966 1451 4021 inser.
1464 3964 1523 4035 Rip.
1543 3964 1606 4020 Vere.
1623 3964 1647 4003 ³⁵
1665 3964 1708 4020 Fit
1722 3966 1784 4037 llio.

137 4036 201 4095 Part.
216 4034 243 4073 ³⁶
255 4033 422 4108 Operaretur
437 4034 498 4106 Rip.
518 4035 581 4091 l’en.
593 4034 616 4073 32
628 4034 693 4104 Ejus
707 4034 773 4089 edd.
795 4034 829 4091 lar·
848 4077 855 4093 .
877 4036 939 4091 Vere.
950 4032 977 4073 33
989 4034 1104 4091 Pereunt
1118 4035 1179 4107 Rip.
1197 4035 1261 4092 l'en.
1272 4033 1297 4074 32
1310 4036 1365 4091 dut
1375 4037 1463 4093 inser.
1478 4034 1526 4092 leb.
1544 4037 1636 4093 llrst‘rt.
1651 4036 1676 4076 ²⁰
1689 4038 1785 4095 Conti-

129 4116 195 4165 ueat
212 4107 294 4165 Pom.
308 4108 375 4163 Por.
396 4109 484 4164 Fron.
499 4104 523 4143 ⁴¹
539 4105 592 4161 Par
624 4050 906 4163 amdonitiones.

835 4199 1087 4267 Commentarius.

166 4311 223 4396 (ll)
237 4314 282 4371 Ec
295 4327 420 4396 pemmo
435 4304 932 4396 le,anctoritateilbentetinlrasub
946 4322 971 4401 n
985 4309 1020 4391 de
1038 4307 1090 4366 boc
1111 4304 1261 4392 llarciouis·
1283 4320 1309 4390 a,
1324 4304 1378 4365 lide
1401 4315 1428 4365 et
1450 4306 1574 4366 Ecclesia
1596 4323 1706 4367 recessu
1724 4309 1787 4370 ride

130 4384 232 4509 lurein
242 4384 294 4441 Sed
299 4383 557 4468 plcnlertseyusmodnt
565 4380 829 4454 proescrrpttonrbets
836 4378 931 4436 edver-
986 4382 1034 4436 hb.
1050 4379 1083 4468 de
1093 4377 1371 4461 Proeserrpteombue,
1385 4395 1410 4434 e.
1426 4382 1472 4435 30.
1487 4380 1563 4461 Plus.¹
1596 4453 1602 4465 ι

133 4470 180 4511 sas
211 4470 310 4512 oereser
324 4454 393 4511 alebi
412 4470 477 4526 yem
498 4470 544 4510 ιιι
565 4469 679 4520 ιιιιιι;
694 4451 818 4508 alludens
833 4466 930 4524 nempe
1019 4453 1078 4533 (ιο)
1088 4448 1276 4507 descendendo
1287 4450 1359 4522 qood
1370 4454 1445 4508 retro
1454 4450 1611 4508 credidisti.
1624 4453 1787 4527 hbrogshdo

132 4525 166 4582 sd
192 4528 251 4598 ejus
276 4527 347 4581 tituli
371 4527 470 4580 librum
493 4540 556 4579 mox
579 4524 700 4594 citatum,
728 4522 876 4595 prasertim
901 4539 927 4581 c.
984 4521 1122 4578 uintrrum.
1143 4523 1184 4577 lix
1202 4537 1251 4576 usu
1276 4520 1378 4579 lorensi
1402 4537 1452 4577 vox
1476 4532 1586 4591 sumpta
1603 4539 1659 4594 est,
1681 4527 1786 4583 namin

984 4594 1066 4651 uariis
1079 4592 1202 4650 formulis
1215 4592 1369 4659 adhibetur,
1394 4600 1423 4648 ut
1447 4593 1476 4647 in
1497 4593 1672 4659 testamentis,
1687 4596 1721 4652 de
1736 4613 1784 4653 re-

984 4664 1139 4722 scindendis
1162 4664 1341 4731 testamentis,
1366 4664 1418 4721 hcc
1439 4670 1482 4720 est
1505 4670 1611 4735 pactum
1634 4666 1707 4723 istud
1730 4669 1786 4725 sol·

982 4753 1046 4794 vere
1062 4749 1088 4795 et
1103 4734 1256 4792 invalidare.
1273 4736 1313 4791 La
1328 4736 1377 4791 Ριι.

1018 4808 1076 4881 (lb)
1096 4808 1182 4877 Quom
1198 4810 1231 4864 ιι
1244 4806 1281 4863 ed
1295 4806 1432 4877 fiduciam
1451 4808 1579 4878 reputas.
1594 4803 1715 4876 Dixerat,
1733 4808 1785 4866 Sed

983 4883 1135 4937 reticeret
1160 4880 1215 4947 illi,
1240 4881 1346 4952 inquis,
1362 4878 1537 4935 conscientia
1559 4893 1623 4934 sea.
1640 4879 1785 4936 llnrcionis

984 4953 1058 5007 enim
1080 4953 1218 5007 excusatio
1243 4959 1320 5016 erat,
1345 4949 1411 5005 nihil
1435 4948 1566 5005 iuteresse
1588 4950 1675 5006 llcurn
1699 4949 1786 5007 rideri

985 5022 1134 5087 hominem,
1162 5021 1310 5078 dummodo
1338 5035 1401 5079 vere
1428 5035 1484 5078 uon
1509 5030 1591 5089 essct,
1618 5021 1686 5094 quia
1713 5025 1787 5079 salvs

986 5094 1149 5151 conscientia
1172 5109 1221 5149 sus
1242 5090 1356 5149 tidenter
1378 5100 1406 5149 et
1428 5099 1584 5149 constanter
1605 5091 1677 5150 lorrc
1692 5103 1787 5166 possa

986 5164 1224 5232 existimationem,
1252 5180 1306 5248 qua
1332 5163 1504 5234 judicabatur
1530 5166 1623 5231 homo,
1651 5165 1713 5224 licet
1740 5168 1786 5223 in-

986 5237 1152 5295 conveniens
1165 5247 1193 5293 et
1206 5233 1349 5307 indignum
1365 5235 1423 5292 Deo
1446 5234 1591 5293 videretur.
1614 5238 1654 5294 lta
1676 5253 1786 5295 asscre-

986 5308 1033 5364 bat
1045 5309 1173 5377 llarcion,
1186 5316 1214 5364 et
1225 5306 1340 5363 addebat
1365 5308 1435 5363 lianc
1455 5306 1610 5378 opinionem
1632 5307 1729 5364 falsam
1744 5325 1787 5365 re·

989 5379 1077 5451 putari
1100 5396 1117 5437 a
1140 5379 1196 5437 Deo
1216 5377 1251 5434 ad
1274 5375 1412 5449 fiduciam,
1436 5376 1463 5434 id
1488 5388 1526 5437 est
1560 5378 1786 5449 judicabatDeus

988 5451 1056 5509 satis
1076 5467 1137 5509 esse
1161 5460 1191 5508 ot
1212 5465 1274 5508 cum
1297 5449 1454 5507 fortitudine
1477 5459 1506 5506 et
1527 5418 1628 5507 iiducia
1648 5449 1742 5507 ialsam
1757 5458 1786 5509 et

988 5524 1126 5599 iudignum
1141 5522 1242 5582 lautam
1256 5521 1411 5581 sustineret.
1421 5519 1489 5580 Lao.

127 4598 176 4663 2⁰,
191 4600 237 4665 at,
252 4599 298 4667 ιι,
314 4600 359 4664 32,
374 4598 408 4651 35
424 4606 451 4650 ct
465 4598 509 4651 36.
525 4596 596 4652 Ριιι.

166 4670 225 4741 lli)
240 4666 271 4725 Si
294 4668 472 4740 apostolicus.
497 4666 526 4723 Si
549 4665 733 4737 apostolorum
757 4662 929 4737 disciplinam

126 4738 335 4811 doctrinamque
350 4738 473 4794 hausisti.
489 4739 529 4793 La
544 4738 596 4795 Pa.

165 4810 223 4883 (ιι)
237 4811 322 4868 Crede
336 4809 406 4884 qood
420 4809 559 4865 traditum
573 4814 624 4867 est.
642 4809 756 4866 Pulcher
769 4806 846 4865 locus
860 4822 926 4864 con·

128 4886 237 4939 tracus
257 4882 304 4955 qui
323 4898 386 4937 cunr
401 4897 488 4952 neque
503 4882 618 4951 apostoli
634 4880 698 4948 sint,
715 4897 802 4953 neque
817 4888 929 4952 aposto·

126 4952 188 5017 liei,
287 4960 333 5009 tuo
348 4959 437 5009 tamen
452 4954 486 5007 de
500 4954 554 5007 lide
568 4969 602 5008 ex
619 4951 767 5024 scripturis
781 4951 931 5023 disputant,

128 5039 192 5081 cum
211 5024 336 5080 suficere
357 5023 396 5079 eis
419 5023 515 5080 debeat
530 5022 649 5090 traditio,
664 5023 698 5080 de
720 5038 774 5094 qua
799 5021 931 5080 latissimo

126 5092 176 5157 lib.
193 5095 227 5155 de
242 5097 351 5154 dorcon
364 5095 440 5161 mil„
457 5111 482 5153 c.
498 5098 525 5151 3.
541 5096 612 5152 Psxr.

163 5167 223 5243 (tt)
239 5168 295 5237 Qut
308 5182 374 5223 carn
389 5168 492 5238 fuisses
503 5163 930 5224 excidisti.tldnotandusctiam

129 5236 173 5297 bic
186 5240 264 5296 locus
286 5246 381 5294 contra
405 5253 453 5294 cos
475 5237 522 5310 qui
546 5236 688 5294 lraereticos
703 5235 870 5292 Christianos
889 5237 933 5291 din

131 5322 190 5368 care
214 5318 433 5381 converantur,
459 5325 521 5365 cum
545 5324 578 5364 oo
602 5309 712 5364 nomine
739 5307 805 5363 nolit
829 5307 934 5364 ductor

132 5376 934 5524 :lllltlnlbtttltl”tellitltttttllbtl

133 5522 217 5585 ebrio
230 5528 260 5586 cl
274 5525 330 5599 fide
343 5528 534 5584 recesserunt.
548 5523 609 5596 Quo
624 5522 740 5594 pertinet
761 5524 842 5578 etiam
866 5520 935 5578 illud

133 5593 202 5659 inira
211 5612 272 5675 esp.
284 5601 319 5657 lb
331 5614 338 5661 :
349 5598 482 5660 lloeretr’ri
496 5595 634 5658 credendo
643 5610 701 5658 noc
710 5591 841 5655 credent.
852 5590 937 5669 Atqui
