3840 6134
134 291 204 355 1330

667 287 711 350 ab
730 287 875 350 tundirin
894 280 1114 348 taatubbthlll
1142 288 1250 350 000110

1716 292 1789 352 1310

136 420 286 477 0100001000
310 420 392 477 maris
417 420 544 485 eviratos,
564 417 637 481 illisi.
661 434 723 475 cum
745 415 857 472 terribili
879 413 933 470 ira·
951 409 1095 492 fliuisset,
1118 417 1174 486 jam
1193 433 1266 475 auno
1288 419 1367 484 1711,
1390 417 1511 488 adeoque
1534 427 1594 490 post
1620 417 1790 490 integram

137 525 203 582 gare
224 511 250 565 in
277 513 344 564 1000
368 518 457 581 partes
481 509 638 577 dissilirent,
653 524 714 580 quae
730 514 825 578 postca
846 505 929 561 mani·

137 599 188 653 bus
201 608 317 669 acceptae
332 598 357 652 in
373 613 480 653 arenam
496 599 598 667 nigram
612 597 829 653 conterebantur.
850 596 932 649 Porro

135 702 168 741 ex
182 686 255 743 varia
276 687 462 758 immensaque
485 689 737 756 rojectamentorum
753 683 931 749 multitudine,

135 792 314 848 saxorumque
351 778 554 833 innumerorum
591 775 813 838 coacervatione,
847 772 933 830 insula

138 879 206 920 noxa
220 864 246 918 ia
262 865 361 932 madio,
372 880 459 936 eoque
474 864 681 934 profundissimo
695 863 812 931 Oceano,
824 864 851 916 ia
863 863 933 934 prin·

135 952 206 1023 cipio
220 953 327 1024 quidem
344 969 435 1024 parva,
452 955 616 1024 diagerum,
640 961 666 1008 at
688 953 715 1007 in
738 954 795 1007 dies
809 967 933 1024 augmen-

134 1047 189 1095 tata
214 1042 240 1095 in
266 1051 368 1096 tantum
391 1042 518 1111 excrevit,
542 1050 570 1097 01
594 1041 693 1097 abhinc
707 1041 850 1096 11010000
867 1056 932 1112 spa-

135 1128 202 1182 tium
237 1129 414 1204 longitudinis
442 1134 458 1185 5
485 1130 639 1186 milliarium
674 1131 819 1200 occuparit.
849 1130 932 1184 Tanta

135 1225 224 1272 00100
240 1218 292 1277 000
307 1220 431 1276 inccndio
444 1220 589 1276 multitudo
607 1220 721 1292 piscium
737 1220 828 1292 periit,
845 1235 931 1291 quan·

137 1313 190 1360 tam
213 1306 257 1361 vix
282 1311 298 1362 8
322 1324 405 1365 nares
431 1309 561 1364 onerariae
579 1310 678 1364 ludieae
691 1325 787 1380 capere
811 1315 929 1380 possent,

136 1395 183 1465 qui
198 1395 279 1468 louge
292 1397 397 1465 lateque
413 1399 587 1470 peninsulam
602 1398 733 1469 dispersi,
749 1414 783 1454 ne
798 1397 931 1469 putrolac.

136 1481 208 1539 tione
225 1486 415 1559 contagionem
438 1487 554 1559 aliquam
579 1496 731 1556 causarent,
747 1489 783 1543 ab
798 1486 931 1555 indigenis

134 1568 162 1626 in
185 1572 405 1642 profundissimis
428 1576 523 1646 100010,
539 1577 573 1630 ad
588 1580 620 1631 ts
634 1575 742 1631 milliar.
759 1576 931 1633 circumcirca

134 1660 250 1729 collecti,
274 1665 373 1736 sepulti
396 1673 467 1722 sunt.
492 1665 567 1722 Odor
581 1675 671 1721 autern
686 1666 820 1736 sulphuris
843 1664 931 1737 spatio

989 505 1086 558 saecula
1108 505 1249 573 detectum,
1276 505 1411 581 ingentem
1441 508 1524 563 veteri
1551 507 1673 563 historiae
1699 508 1789 562 lucem

988 593 1120 660 accendit,
1136 610 1168 650 ao
1181 596 1416 665 Neapolitanarnm
1440 595 1628 668 antiquitatum
1648 596 1789 669 gazophy-

987 680 1082 737 lacium
1116 685 1178 741 novi
1214 684 1462 757 inaestimabilisque
1490 686 1607 742 thesauri
1646 684 1790 741 ditissimis

988 773 1187 837 accessionibus
1201 775 1384 846 locupletarit,
1404 777 1491 845 cujus,
1502 778 1557 844 jam
1571 775 1621 829 sub
1639 775 1723 845 'prelo
1738 791 1788 831 su-

987 859 1084 932 dantis,
1116 862 1297 932 plenissimam
1326 865 1597 919 communicationem
1628 871 1703 918 totus
1732 864 1789 919 tite-

985 950 1071 1004 rarius
1085 951 1158 1006 orbis
1172 950 1327 1024 ingentibus
1341 952 1482 1007 desideriis
1495 960 1632 1024 expectat.

1021 1039 1125 1097 00010.
1141 1040 1231 1096 Voluit
1253 1041 1345 1097 dicere
1369 1046 1400 1099 in
1415 1043 1482 1110 dics,
1503 1056 1551 1096 000
1576 1041 1716 1114 qnotidie,
1732 1048 1787 1111 aut,

986 1137 1016 1183 ut
1029 1127 1095 1183 alias
1110 1129 1200 1186 dicere
1213 1130 1342 1195 solemus,
1359 1132 1391 1188 de
1406 1133 1450 1188 010
1471 1132 1503 1185 in
1526 1132 1623 1187 diem:
1637 1146 1694 1201 quo
1708 1146 1788 1187 sensu

987 1218 1067 1274 etiam
1092 1220 1191 1274 Noster
1218 1221 1245 1273 in
1272 1222 1363 1292 Apol,
1389 1237 1448 1291 rap.
1474 1225 1517 1291 16,
1540 1221 1646 1292 inquit:
1669 1220 1786 1277 1100000

987 1307 1032 1363 die
1045 1309 1149 1365 vivitis.
1166 1311 1254 1379 Atque
1270 1309 1309 1363 sio
1324 1309 1404 1364 etiarn
1428 1310 1581 1378 Terentius,
1599 1309 1628 1362 in
1644 1306 1783 1377 Adelphis,

987 1395 1136 1468 Apparere
1150 1396 1183 1453 00
1205 1397 1250 1454 010
1271 1397 1396 1469 (singulis
1415 1398 1542 1454 nimirum
1561 1397 1675 1466 diebus)
1696 1397 1786 1454 00001·

986 1484 1067 1540 vt'am
1090 1483 1167 1540 dixit.

1023 1573 1203 1642 8000001000
1212 1573 1786 1647 timeuniNamspcrare(ataliasspesoum

988 1661 1087 1716 timore
1120 1671 1214 1732 suapte
1243 1670 1338 1717 natura
1376 1663 1560 1734 conjungitur)
1596 1663 1626 1717 in
1659 1663 1786 1718 deteriori

135 1751 169 1806 21
193 1752 299 1808 milliar.
326 1754 501 1810 sentiebatur.
529 1775 542 1806 n
565 1756 604 1810 lta
627 1755 774 1811 Kiroherus
799 1771 831 1811 er
857 1755 931 1812 fideli
951 1737 1094 1820 0011011111
1112 1748 1165 1805 11011
1187 1766 1268 1806 sensu
1292 1752 1364 1822 apud
1386 1759 1492 1808 veteres
1514 1751 1603 1823 accipi
1627 1752 1783 1807 consuevit:

133 1839 243 1896 Petrum
259 1841 287 1897 S.
302 1842 327 1897 J.
343 1851 397 1896 κατ’
412 1841 530 1912 adtollas
546 1844 685 1903 relatione.

171 1933 234 1987 Iam
257 1932 350 1988 nulloe
371 1937 495 1990 0001001.
519 1934 592 1990 luter
614 1936 664 1990 has
687 1934 780 2008 utiquo
803 1937 930 2008 Pompeia

133 2025 202 2088 0001,
218 2026 248 2074 01
260 2018 355 2087 fertur,
379 2021 412 2076 ab
436 2022 547 2079 Hercule
564 2022 682 2089 condita,
698 2025 815 2096 olimque
830 2025 930 2082 itoma-

133 2124 229 2166 00000
243 2109 350 2166 colonia
364 2111 398 2168 de
411 2128 463 2182 qua
471 2112 542 2168 idem
552 2113 650 2169 Noster
660 2114 686 2168 in
703 2114 720 2168 l.
732 2115 766 2171 de
779 2115 928 2182 Pothaia,

133 2198 192 2253 ait‘:
211 2219 222 2249 a
240 2199 279 2254 Ex
293 2199 479 2268 hujuscemodi
497 2200 591 2256 nubilo
615 2209 642 2256 01
664 2201 779 2258 Thuscia
793 2202 930 2260 Volsinios

132 2287 262 2358 pristinos
275 2287 381 2354 deusta,
405 2302 459 2357 quo
483 2290 568 2362 magis
582 2291 615 2344 de
630 2291 764 2346 montibus
779 2292 929 2348 0010000-

133 2373 214 2443 pania
233 2381 335 2444 speret,
355 2383 445 2446 erepta
456 2376 609 2446 Pompeios.
623 2395 634 2429 0
652 2378 718 2433 1100
732 2377 760 2432 10
774 2379 852 2452 Apol.
864 2396 928 2455 cap.

35 2536 42 2546 ἱ
133 2460 179 2523 10,
203 2460 273 2514 001;
302 2461 382 2517 :Sed
406 2478 456 2519 nec
479 2465 604 2534 Thuscis,
625 2475 705 2538 atque
730 2466 875 2539 Campania
897 2469 931 2526 de

132 2547 290 2604 Christianis
316 2552 497 2622 querebatur,
528 2568 591 2610 cnm
624 2554 757 2611 Volsinios
781 2558 815 2612 de
840 2558 928 2628 coelo,

133 2639 277 2708 Pompeios
302 2639 336 2696 de
358 2655 409 2697 suo
432 2651 523 2698 moute
549 2643 675 2713 pertudit.
702 2664 713 2695 a
737 2646 777 2701 De
801 2646 843 2702 bis
866 2647 930 2704 item

133 2726 218 2783 Tacit.
236 2727 254 2782 l.
271 2743 313 2784 xv
328 2732 432 2788 rinnel.
449 2748 473 2789 c.
489 2734 533 2798 22,
558 2731 586 2787 in
609 2733 667 2787 haec
687 2733 771 2790 rerba
795 2741 905 2793 10010100
920 2751 929 2794 a

134 2816 210 2874 11010
224 2822 309 2875 terra
331 2819 438 2878 celebre
461 2821 624 2894 Campania
638 2822 780 2894 oppidum,
796 2825 928 2895 Pompeii,

132 2923 236 2977 mapna
250 2921 288 2963 car
298 2913 383 2980 parte
394 2911 516 2982 proruit.
526 2909 579 2964 Sed
589 2911 636 2982 qui
651 2913 708 2966 000
722 2911 840 2968 exactius
849 2928 929 2970 nosse

132 2993 216 3064 cupit,
231 2996 302 3066 apud
317 2996 431 3052 Dionem
446 2999 522 3054 Cass.
539 3002 608 3058 llist.
625 3004 703 3059 Nom.
718 3002 736 3060 l.
750 3018 799 3058 xvr
814 3005 847 3059 in
860 3005 927 3067 Tito,

131 3081 258 3153 reperiet.
273 3082 345 3153 Quid
365 3086 489 3156 prohibet
510 3096 608 3157 autern,
625 3090 753 3161 quoniam
767 3093 853 3149 00001
866 3107 930 3165 pro-

132 3168 201 3225 lixus
214 3186 276 3231 0000
288 3173 368 3245 coepi,
385 3186 563 3249 notarumque
586 3180 725 3252 angustias
736 3181 791 3249 jam
807 3182 927 3254 perrupi,

133 3257 191 3313 brac
212 3275 244 3314 ex
267 3261 327 3332 ipso
350 3272 458 3320 0001000
480 3280 635 3339 excerpere,
651 3283 710 3339 qoae
734 3275 762 3324 et
785 3270 928 3341 supradic-

132 3348 165 3403 tis
178 3346 257 3405 fidem
272 3348 383 3417 iaciunt,
399 3367 459 3408 000
474 3353 601 3421 viderint,
623 3357 682 3411 000
704 3371 758 3412 non
773 3372 842 3414 nora
856 3375 926 3430 esse,

132 3437 178 3492 sed
191 3439 246 3508 jam
263 3438 423 3497 1000000000
438 3441 500 3497 iude
514 3443 621 3500 saeculis
643 3445 794 3503 accidisset
808 3447 848 3504 lta
862 3465 928 3521 ergo

131 3541 164 3581 ex
179 3541 229 3583 suo
244 3531 331 3588 111000
343 3529 500 3601 xiphilinus
523 3533 603 3589 babet
620 3550 627 3590 ε
645 3555 657 3585 r
674 3535 741 3591 Dein
757 3551 831 3592 mare
849 3537 929 3593 simul

132 3611 257 3682 fremere,
274 3631 355 3672 omne
377 3620 473 3674 000100
489 3636 542 3677 000
555 3636 661 3687 sonare,
678 3622 828 3696 ingensque
841 3632 868 3681 et
883 3644 929 3683 re·

130 3703 258 3773 pentibus
285 3703 385 3777 fragor,
410 3708 487 3776 quasi
511 3719 616 3765 montes
639 3709 720 3766 simul
743 3712 928 3778 considerent,

131 3790 262 3846 exaudiri.
278 3792 347 3846 l'um
362 3793 470 3851 exsilire
484 3796 600 3866 primum
625 3797 750 3853 immensi
772 3799 887 3874 lapidas,
902 3812 929 3860 et

90 3932 93 3937 ,
130 3876 163 3928 00
178 3893 299 3933 000000
321 3879 434 3935 vertices
457 3883 606 3954 pervenire,
622 3886 832 3960 deindemugaa
850 3890 928 3962 copia

129 3962 200 4037 ignis
217 3962 330 4022 ¹242
345 3964 475 4040 lunaique,
496 3970 531 4024 ita
547 3973 583 4026 ’01
605 3987 713 4029 00000
728 3990 816 4032 aerem
832 3979 930 4036 obscu-

985 1845 1016 1894 01
1029 1849 1070 1895 001
1083 1837 1150 1895 illud
1163 1840 1290 1907 lilaronis,
1306 1841 1317 1894 1
1332 1841 1461 1898 AEneid.:

1048 1946 1077 1997 Si
1088 1959 1166 2011 genus
1193 1948 1340 2007 humanum,
1368 1955 1412 1997 aut
1428 1947 1545 1997 mortalia
1573 1949 1694 1999 temnitis
1710 1965 1784 2011 arma,

1049 2009 1080 2057 ht
1091 2017 1187 2073 sperate
1202 2009 1272 2069 deos,
1289 2024 1411 2060 memores
1424 2009 1494 2060 laudi
1507 2018 1585 2074 atque
1601 2012 1720 2063 00100001.

986 2107 1105 2181 itemque
1120 2107 1140 2161 l.
1156 2124 1205 2164 xv:

1049 2206 1120 2256 11000
1130 2219 1174 2269 ega
1186 2205 1207 2255 01
1217 2203 1289 2269 potui
1303 2212 1398 2256 tanturn
1415 2218 1516 2270 sperare
1532 2206 1664 2257 dolorem.

1023 2288 1097 2359 lpnis
1107 2287 1282 2343 intrinsecus
1296 2287 1426 2358 satana
1437 2291 1546 2344 montes
1561 2288 1617 2359 ipsi
1628 2299 1696 2346 sunt
1705 2294 1790 2364 sato?

985 2375 1021 2432 111
1036 2375 1096 2447 quis
1110 2373 1210 2431 tantum
1227 2375 1416 2447 grammatices
1430 2376 1533 2443 lapsum
1550 2377 1731 2437 Tertulliano
1745 2383 1791 2439 ira·

985 2464 1097 2538 pingere
1111 2462 1251 2519 00011100
1263 2465 1415 2536 legendum,
1428 2467 1501 2540 ipnt's
1512 2467 1699 2528 intrinsecas
1710 2475 1791 2541 [10111

984 2552 1021 2608 At
1038 2551 1078 2609 010
1105 2568 1198 2608 rursus
1214 2553 1372 2626 ambiguum
1386 2554 1465 2619 soret,
1489 2570 1523 2610 an
1537 2558 1605 2626 facti
1620 2557 1655 2612 ad
1672 2568 1790 2629 montes,

985 2641 1031 2714 qni
1049 2643 1134 2713 ignis,
1160 2649 1205 2695 aut
1228 2641 1316 2712 potius
1335 2645 1399 2714 ipnc
1418 2646 1481 2715 secli
1503 2653 1575 2711 sunt,
1606 2661 1641 2700 an
1668 2649 1703 2702 ad
1721 2653 1792 2723 ignis

985 2729 1156 2787 referendum
1179 2737 1261 2795 esset,
1281 2731 1359 2802 quasi
1389 2731 1448 2802 ipse
1464 2735 1539 2804 ignis
1560 2734 1714 2808 sulphure,
1730 2747 1791 2812 010.,

984 2820 1072 2888 {cetus
1095 2828 1175 2874 esset.
1207 2818 1247 2872 dn
1282 2835 1347 2875 vero
1365 2838 1426 2876 cum
1455 2819 1558 2877 Latinio
1589 2827 1684 2898 magis
1710 2828 1794 2898 placat

984 2911 1070 2979 soelu,
1086 2923 1135 2964 sea
1148 2911 1265 2980 satura,
1287 2910 1485 2984 legere‘lEnim
1498 2925 1564 2967 uero
1581 2913 1696 2986 sicipse
1718 2927 1791 2988 puta.

1022 2997 1101 3054 Nobis
1107 2997 1224 3069 judicii,
1235 2996 1253 3051 i.
1268 3013 1294 3053 e.
1308 3000 1453 3071 supplicii,
1468 3015 1516 3054 seu
1529 3015 1623 3070 poenae
1637 3001 1791 3060 infernalis.

985 3085 1053 3141 Vide
1069 3101 1161 3156 supra,
1175 3101 1235 3158 cap.
1252 3090 1280 3153 3,
1294 3092 1354 3142 not.
1372 3087 1404 3142 In
1412 3088 1567 3159 judicium.

1020 3176 1171 3247 Nunquam
1187 3179 1284 3233 tamen
1297 3176 1453 3246 finiuntur.
1466 3178 1574 3232 Nullum
1592 3182 1731 3240 saeculum
1745 3196 1791 3254 est,

984 3264 1063 3333 cujas
1083 3264 1196 3319 historia
1215 3265 1282 3319 tales
1306 3265 1434 3319 montium
1455 3263 1559 3321 iurares
1590 3285 1649 3324 non
1676 3284 1789 3339 enarret,

983 3361 1015 3409 ut
1034 3352 1066 3406 de
1083 3351 1188 3409 Vesuvii
1212 3351 1321 3423 quidem
1343 3352 1467 3409 incendio
1482 3353 1636 3412 Kiroherus
1652 3361 1788 3430 ejusmodi

984 3437 1137 3494 chronicon
1152 3437 1238 3502 babet,
1254 3436 1299 3492 ubi
1314 3438 1428 3508 aprima
1441 3438 1566 3512 ingressu
1578 3442 1787 3515 lanipenarurs

983 3525 1011 3582 in
1038 3525 1154 3582 Siciliam
1187 3529 1220 3580 18
1252 3527 1438 3583 tumultuantis
1468 3528 1560 3585 AEtnoe
1590 3535 1725 3606 exempla
1744 3551 1784 3590 re-

983 3623 1086 3671 censet.
1102 3613 1156 3669 alii
1172 3630 1234 3672 vero
1248 3617 1384 3686 ejusmodi
1406 3615 1489 3672 tristia
1516 3621 1629 3676 Vesuvii
1652 3623 1782 3694 exempla,

983 3720 998 3759 a
1020 3703 1118 3759 Christi
1144 3705 1311 3775 temporibus
1339 3721 1424 3777 usque
1446 3706 1481 3760 ad
1503 3715 1599 3762 nostra
1628 3711 1701 3776 baec,
1723 3713 1783 3768 ultra

984 3796 1183 3851 duracensem.
1206 3794 1241 3847 At
1264 3810 1328 3850 vcro
1349 3794 1481 3852 immanes
1507 3797 1557 3851 bos
1581 3799 1710 3855 caminos
1727 3816 1782 3872 per-

983 3890 1062 3952 petua
1077 3881 1139 3954 igne
1152 3898 1295 3940 succensos
1308 3900 1378 3952 esse,
1400 3887 1477 3954 fumi
1491 3885 1625 3943 continua
1639 3888 1781 3961 densaque,

983 3971 1063 4028 etiarn
1083 3972 1110 4027 in
1132 3972 1222 4043 quiete
1248 3989 1306 4042 sua,
1331 3981 1450 4029 eructata
1472 3973 1616 4031 volumina
1630 3979 1709 4034 omui
1727 3978 1781 4036 1000

129 4060 210 4120 rarat,
235 4053 433 4129 occultaretque
458 4058 557 4130 solem,
582 4076 637 4117 non
662 4063 756 4132 aliter,
783 4081 813 4122 ac
835 4069 858 4123 si
881 4068 927 4125 de-
980 4060 1275 4118 111111101111111111·

128 4140 251 4211 10010001,
281 4153 332 4200 010.
361 4145 413 4201 alii
438 4147 638 4218 existimabant,
668 4160 714 4208 aut
741 4156 869 4211 mundum
899 4159 926 4215 in
1017 4151 1150 4206 Caelerum
1182 4151 1273 4224 011111
1300 4150 1346 4207 bic
1373 4151 1485 4221 111101110
1510 4153 1568 4223 jam
1594 4154 1643 4211 0111
1667 4157 1780 4215 11111111

129 4231 211 4288 00000
233 4233 332 4307 redigi,
357 4241 405 4290 eut
425 4234 488 4306 igne
502 4240 642 4308 consumi,
667 4249 739 4309 010.,
763 4252 816 4299 010.
841 4246 927 4302 Tanta
982 4239 1167 4312 philosophos,
1193 4240 1265 4296 unde
1286 4240 1450 4311 sempiterna
1473 4240 1518 4295 illa
1541 4241 1686 4310 ejusmodi
1707 4261 1780 4303 mon-

128 4336 195 4376 sero
218 4329 276 4376 erat
297 4322 375 4392 copia
396 4323 504 4394 cineris,
529 4335 558 4383 ut
581 4335 680 4386 100000
695 4348 829 4405 mareque,
844 4342 927 4406 atque
983 4328 1049 4383 tium
1076 4327 1209 4395 incendia,
1234 4335 1261 4384 et
1284 4329 1453 4394 inexhausta,
1477 4330 1555 4384 tantis
1577 4331 1719 4391 incendiis
1741 4350 1782 4405 per

129 4408 402 4481 adeoipsumaerem
418 4415 582 4485 compleret:
599 4434 659 4490 quae
674 4421 817 4477 00000110
831 4423 927 4480 damna
983 4424 1023 4472 101
1050 4416 1147 4472 11111111
1174 4416 1306 4487 fovendis,
1329 4418 1436 4489 0111111111·
1468 4418 1557 4472 videri
1588 4421 1665 4476 1111111
1689 4431 1780 4494 posset,

128 4495 300 4568 importavit,
324 4502 488 4559 00000100
513 4505 667 4562 bominibus
690 4509 871 4584 prediisque,
895 4528 927 4570 00

129 4586 292 4657 pecoribus,
327 4588 375 4643 sed
404 4590 481 4646 etiam
511 4592 599 4663 pisces
626 4596 802 4668 volucresque
832 4615 927 4656 omues

128 4674 251 4746 peremit,
276 4674 396 4749 duasque
420 4678 538 4753 integras
561 4682 657 4754 arbes,
682 4686 876 4745 herculanam
898 4693 927 4747 01

130 4767 285 4837 Pompeios,
308 4766 410 4839 populo
434 4767 544 4825 sedente
568 4770 594 4825 in
617 4773 720 4829 theatro
745 4775 810 4846 (non
836 4777 928 4851 ntique

129 4854 273 4926 spectaculi
288 4856 438 4925 eujusdam,
464 4857 511 4914 sed
536 4869 649 4930 sperata
671 4863 821 4921 securitatis
835 4882 925 4933 caasa,

129 4941 236 5012 locique
264 4947 365 5000 contra·
394 4946 485 5001 ruinas
511 4949 601 5022 magis
627 4955 784 5009 communiti
812 4953 928 5029 1100010)

129 5031 236 5100 penitus
249 5031 378 5088 obruit.»
453 5099 457 5106 ⁸

165 5117 255 5191 Atque
270 5118 321 5175 boo
335 5120 422 5191 ipsum
437 5125 492 5194 jam
515 5134 556 5183 est
580 5127 654 5194 illud,
671 5146 719 5186 seu
734 5133 928 5191 Herculaneum

129 5221 178 5263 seu
194 5210 412 5274 Herculaneum,
427 5215 500 5286 quod
521 5217 555 5272 ab
578 5216 692 5277 11000010
707 5229 768 5293 post
781 5223 930 5294 expeditio·

131 5312 192 5353 nem
215 5314 290 5355 suam
313 5299 483 5372 llispanicam
506 5306 643 5363 conditum
668 5310 814 5381 Dionysius
840 5311 926 5367 Halia.

133 5384 152 5440 l.
169 5389 288 5461 xdntiq.
315 5392 393 5447 lione.
418 5408 480 5467 cap.
504 5395 541 5450 11
561 5395 653 5464 001001,
670 5413 701 5453 00
719 5400 830 5455 00001.
846 5399 877 5457 C.
894 5401 928 5456 63

131 5474 182 5529 sub
195 5475 668 5552 11000001000000100000101000,
684 5502 781 5557 magna
795 5485 836 5542 sui
853 5494 929 5559 parte

133 5562 307 5632 concidisset,
330 5575 358 5624 et
379 5569 453 5629 circa
478 5569 514 5627 Α.
538 5570 568 5627 C.
589 5573 623 5627 80
644 5573 761 5643 penitus
783 5576 928 5649 absorptus

983 4504 1075 4560 omnia
1099 4505 1288 4562 subterrestria
1315 4507 1515 4580 pyrophylacia,
1537 4507 1691 4581 ipsumque
1705 4512 1782 4568 infer·

983 4609 1058 4666 num,
1092 4593 1261 4666 quantumvis
1288 4597 1465 4666 immensum,
1493 4612 1542 4668 per
1570 4597 1718 4672 ignivoma
1744 4601 1781 4656 ills

982 4683 1115 4753 spiracula
1127 4684 1183 4754 jam
1198 4683 1301 4755 pridem
1325 4695 1500 4741 exoneratum
1512 4685 1612 4741 luisse.
1633 4688 1706 4755 Nos,
1722 4704 1780 4761 quo

982 4773 1053 4827 niam
1078 4771 1185 4845 longior
1216 4772 1255 4827 rei
1286 4773 1370 4843 hujus
1397 4774 1517 4830 tractatio
1546 4781 1626 4832 extra
1669 4791 1781 4847 praesent

981 4861 1131 4917 institutum
1154 4869 1207 4928 001,
1232 4872 1350 4917 000100
1375 4870 1494 4918 nostram
1525 4865 1636 4921 nonnisi
1670 4867 1782 4923 breviter

982 4951 1126 5019 aperimus.
1154 4953 1192 5008 ho
1214 4955 1242 5007 1⁰
1263 4951 1373 5024 quidem
1398 4959 1538 5022 00010000,
1559 4953 1712 5013 horrendis
1736 4955 1780 5012 1110

982 5041 1067 5096 AElnae
1096 5041 1318 5098 concussionibus
1345 5051 1465 5112 egestam
1495 5043 1637 5098 materiam
1672 5047 1780 5102 maxims

981 5128 1009 5183 in
1024 5129 1164 5203 crepidine
1177 5129 1263 5201 ipsius
1274 5130 1383 5186 crateris
1405 5129 1580 5197 accumulari,
1597 5139 1625 5188 et
1639 5134 1780 5206 aliquando

982 5221 1124 5277 intentam
1148 5219 1324 5285 altitudinem,
1340 5227 1370 5274 ut
1394 5235 1481 5274 novus
1504 5220 1672 5292 quandoque
1697 5238 1780 5288 mons,

983 5320 1030 5367 aut
1057 5319 1130 5367 certe
1155 5310 1254 5365 montis
1281 5325 1334 5365 non
1361 5310 1561 5365 contemnenda
1590 5325 1665 5380 pars,
1700 5308 1780 5368 01000

982 5400 1077 5473 possit.
1109 5404 1137 5456 2⁰
1165 5400 1214 5456 llic
1231 5399 1353 5457 cinerum
1377 5399 1547 5472 aliorumque
1572 5401 1781 5471 rejectamento-

982 5506 1041 5547 000
1055 5490 1190 5556 0000100,
1213 5491 1268 5561 jam
1283 5504 1334 5561 per
1356 5503 1416 5544 sese
1438 5488 1520 5545 variis
1535 5489 1639 5545 salibus
1653 5490 1779 5553 imbutus,

982 5580 1061 5638 novis
1075 5594 1184 5652 quoque
1203 5594 1235 5636 ac
1248 5577 1432 5635 subterraneis
1454 5578 1660 5637 accessionibus
1674 5595 1724 5650 per
1736 5592 1780 5634 oc·
