3840 6134
148 444 215 504 1089
810 448 908 511 blesa
930 447 973 511 DE
995 452 1124 515 Paullo.
1254 448 1257 452 ⁴
1723 455 1792 515 1040

144 570 233 624 444444
247 571 280 626 44
293 570 374 639 coelo,
386 580 432 628 aut
451 571 484 629 de
503 589 563 630 suo.
580 573 676 648 Aspice
703 575 737 632 ad
756 574 936 646 Palaestinam,
953 590 977 671 Α
992 576 1112 649 telligitis
1130 578 1196 635 alibi
1211 578 1358 653 stipantem
1375 577 1495 648 copiam,
1511 576 1574 633 alibi
1598 578 1790 653 deserentem),

141 674 194 729 qua
208 659 340 716 Iordanes
361 663 449 718 amnis
469 660 938 740 liniumarbiter,vastitas1ngens,
993 682 1107 723 runcare
1128 675 1209 741 atque
1225 677 1331 724 rustare
1344 667 1404 739 (48)
1419 665 1547 735 instituit,
1572 675 1602 723 ut
1629 666 1692 724 inde
1718 668 1792 726 relat
1875 686 1884 695 ²

144 755 172 804 et
193 749 261 803 orba
277 751 363 823 regio,
377 758 404 806 et
423 751 525 808 frustra
540 769 618 827 ager3
634 762 661 811 at
673 755 698 794 ²⁵
710 755 793 812 urbes
812 763 896 827 retro,
911 763 939 811 et
992 771 1026 811 et
1048 756 1166 813 surculis
1193 767 1220 813 et
1244 756 1451 828 propaginibus,
1484 756 1579 827 populi
1607 755 1641 812 de
1673 757 1790 828 populis,

140 837 232 910 pepuli
245 837 413 911 trequentes,
428 847 454 895 et
468 841 543 897 solus
560 842 685 899 audiebat
695 843 753 917 (44)
770 844 896 913 ;dehinc,
908 850 939 901 ut
992 846 1075 900 urbes
1102 845 1135 902 de
1158 845 1280 910 urbibus,
1304 860 1351 914 per
1373 844 1474 915 ubique
1499 843 1573 899 erbis
1596 853 1790 916 pungerentur.

139 926 212 981 Deus
230 942 326 983 censer
340 937 381 984 est
395 930 430 999 ³³,
447 929 572 1001 impietas
590 931 695 1003 ignium
711 932 807 988 meruit
821 931 934 989 imbres.
991 933 1204 991 Transvolavere
1216 933 1424 990 redundantium
1439 933 1563 1004 gentium
1578 934 1711 990 eranrina.
1725 934 1791 1007 Sey-

138 1015 272 1072 liaetenus
287 1018 412 1087 Sodoma,
429 1027 455 1075 et
471 1020 544 1076 nulla
558 1021 723 1085 Gomorrha,
743 1031 769 1079 et
784 1020 853 1078 cinis
873 1023 944 1077 om-'
991 1022 1044 1076 4144
1054 1024 1202 1079 exuberant
1211 1023 1307 1078 Persas
1319 1040 1325 1074 ι
1336 1020 1477 1078 Plroenices
1489 1021 1515 1075 in
1526 1021 1643 1076 Africam
1651 1029 1791 1093 eructant;

138 1107 193 1170 nia,
224 1113 253 1161 et
273 1107 464 1180 propinquitas
497 1109 580 1166 maris
608 1110 666 1182 (ta)
687 1112 762 1181 iuxta
789 1126 851 1167 cum
878 1110 936 1166 solo
990 1113 1126 1170 Romanos
1151 1112 1276 1185 Phryges
1304 1110 1432 1183 pariunt3
1458 1109 1614 1165 Chaldaeum
1639 1127 1731 1166 semen
1762 1112 1789 1167 in

136 1204 253 1251 mortain
279 1196 345 1253 vivit
374 1199 398 1235 ³³
426 1199 495 1268 (43).
511 1200 551 1254 Ex
580 1200 771 1269 lurjuscemodi
798 1200 936 1256 44444444
990 1201 1133 1272 AEgyptnm
1150 1198 1421 1269 educatur;dclrino,
1438 1198 1500 1253 inde
1515 1214 1577 1254 cum
1593 1198 1790 1267 transducitur,

136 1282 234 1339 Tuscia
248 1285 388 1342 Vulsinios
403 1286 427 1323 ²³
438 1287 546 1353 deusta,
562 1303 617 1361 que
641 1289 729 1362 magis
743 1289 777 1344 de
798 1287 935 1344 montibus
989 1288 1002 1341 J
1007 1288 1084 1347 udaea
1098 1304 1168 1360 gens
1182 1296 1234 1344 est.
1249 1287 1295 1342 Sic
1308 1294 1335 1342 et
1348 1286 1480 1342 Herculea
1495 1287 1649 1357 posteritas.
1671 1286 1791 1343 Temeno

135 1372 194 1428 suis
219 1373 370 1443 Campania
393 1383 495 1448 speret,
520 1387 614 1446 erepla
645 1376 788 1449 Pompeios
802 1379 870 1448 (44).
882 1377 934 1433 Sed
990 1375 1089 1447 pariter
1104 1377 1319 1446 Peloponnesum
1334 1375 1491 1447 occupando
1511 1374 1664 1443 producunt
1688 1376 1722 1430 ³³.
1744 1375 1791 1433 Sic

134 1459 223 1516 absit!
240 1462 350 1519 Utinam
365 1471 392 1518 et
406 1463 472 1518 Asia
486 1480 585 1522 secura
596 1465 654 1535 jam
669 1466 704 1521 sit
718 1467 752 1522 de
772 1465 825 1523 soli
847 1463 936 1540 inglu·
989 1473 1015 1519 et
1029 1465 1110 1520 44444
1119 1464 1197 1521 Nelei
1215 1462 1329 1521 1036
1338 1463 1451 1521 comites
1469 1463 1563 1518 Asiam
1579 1464 1661 1519 novis
1678 1464 1791 1522 urbibus

133 1546 195 1604 viel
225 1547 333 1603 Utinam
356 1559 383 1605 et
409 1551 500 1607 Airica
527 1554 785 1627 aemelvoraginem
815 1552 932 1626 paverit,
987 1551 1134 1608 instruunt.
1152 1551 1196 1608 Sic
1221 1560 1246 1607 et
1275 1551 1410 1608 Corinthii
1440 1566 1502 1605 cum
1529 1551 1628 1607 Archia
1656 1551 1791 1608 moeniunt

135 1636 396 1708 444444(44)4444444
407 1637 798 1715 444444444103544444444
816 1644 935 1699 44444444
988 1640 1146 1712 Syracusas.
1173 1640 1228 1695 Sed
1265 1656 1364 1696 vanum
1399 1640 1454 1711 jam
1491 1639 1650 1712 antiquitas,
1680 1639 1791 1710 qnando

134 1725 189 1781 alia
216 1724 373 1798 hujusmodi
401 1729 562 1788 detrimenta
591 1731 712 1789 habitum
738 1731 813 1788 orbis
841 1738 931 1788 muta·
986 1728 1123 1786 curricula
1145 1731 1238 1785 444444
1270 1730 1327 1802 (ts)
1347 1743 1447 1784 ceram.
1473 1726 1610 1794 Quantum
1634 1727 1791 1801 4444444444(

135 1828 200 1870 vere
214 1814 249 1880 ²³,
276 1815 401 1888 situsque
416 1832 537 1877 movere.
558 1818 639 1874 Bellis
659 1835 768 1892 quoque
788 1819 931 1893 plurimum
986 1816 1060 1873 erbis
1075 1816 1207 1874 saeculum
1221 1816 1305 1874 istud!
1318 1824 1448 1888 quantum
1463 1816 1571 1871 urbium
1586 1822 1635 1873 444
1648 1815 1788 1888 produxit,

134 1901 249 1956 licuisse
270 1910 297 1958 et
313 1902 419 1959 tristitia
435 1908 530 1977 perget
547 1906 581 1972 ³⁰,
605 1921 660 1962 non
686 1908 777 1964 minus
791 1923 871 1979 quam
886 1923 914 1963 re
986 1913 1033 1961 aut
1057 1905 1140 1973 aurit,
1166 1913 1214 1962 aut
1242 1904 1361 1961 reddidit
1389 1904 1532 1975 praesentis
1559 1903 1666 1974 imperii
1694 1902 1791 1974 triplex

135 2004 253 2063 gnorum
276 1990 351 2047 vices
369 2007 520 2050 recensere.
550 1992 664 2063 Quoties
688 1997 717 2053 et
739 1995 791 2051 ista
815 2004 934 2054 mutave·
987 1993 1072 2052 virtus
1093 1993 1163 2066 (50),
1186 1993 1244 2050 Deo
1269 2001 1308 2049 tet
1334 1990 1469 2063 Augustis
1497 1990 1524 2046 in
1550 2006 1632 2048 unum
1661 1989 1788 2048 terente!

134 2087 199 2133 runt
215 2078 248 2145 ³¹,
263 2080 320 2149 jam
335 2079 398 2136 inde
419 2096 435 2136 a
456 2080 527 2139 Nino
549 2081 606 2138 Beli
630 2083 777 2159 progenie!
797 2084 821 2141 44
844 2091 952 2144 tamen
988 2090 1166 2155 quotcensus
1181 2080 1354 2154 transcriptil
1382 2088 1448 2152 quot
1472 2078 1569 2152 populi
1594 2079 1737 2151 repugnati
1764 2079 1788 2119 ³²

133 2165 221 2221 Ninus
236 2179 363 2240 regnaret
376 2169 401 2208 ³³
429 2170 542 2242 primus,
558 2180 589 2228 nt
612 2176 735 2231 autumat
757 2174 933 2245 superiorum
989 2171 1066 2243 (51)l
1082 2177 1147 2243 quot
1165 2169 1275 2227 ordines
1290 2167 1432 2225 illustrati!
1448 2175 1515 2241 quot
1534 2166 1642 2224 barbari
1665 2167 1785 2225 exclusi!

134 2253 286 2327 profanitas
303 2257 379 2328 (46);
400 2257 486 2314 ferme
510 2261 583 2332 apud
609 2278 659 2320 ves
683 2263 753 2321 ultra
770 2264 856 2338 stylus
878 2281 934 2322 nou
989 2261 1092 2318 Revera
1115 2258 1197 2327 orbis,
1213 2257 1394 2317 cultissimum
1421 2257 1503 2327 hujus
1532 2254 1640 2327 imperii
1665 2271 1710 2310 rus
1736 2269 1788 2321 est,

134 2346 214 2401 solet.
229 2346 272 2400 Ab
286 2347 419 2417 Assyriis,
436 2347 459 2401 si
474 2347 552 2416 ferte,
569 2349 620 2407 aevi
634 2350 753 2408 historia
767 2360 908 2424 patescunt
925 2371 933 2421 3
988 2348 1124 2406 eradicato
1144 2347 1218 2405 omni
1245 2346 1354 2405 aconito
1386 2344 1551 2415 hostilitatis,
1566 2354 1593 2400 et
1617 2353 1692 2401 cacto
1719 2344 1789 2420 (44),

133 2435 181 2506 qui
195 2451 260 2492 vere
274 2435 380 2491 divinas
404 2435 569 2505 lectitemus,
589 2438 623 2494 ab
646 2439 733 2511 ipsius
752 2441 844 2496 mundi
859 2452 935 2500 nata-
988 2447 1016 2493 et
1042 2439 1111 2493 rubo
1130 2436 1254 2493 subdolae
1269 2434 1470 2505 familiaritatis,
1487 2433 1631 2491 concultua
1655 2442 1683 2490 et
1696 2450 1789 2491 44444-

134 2522 204 2578 libus
218 2533 357 2596 compotes
372 2541 474 2580 sumus.
493 2526 544 2581 Sed
561 2526 624 2583 laeta
643 2529 699 2600 jam
719 2527 809 2588 male:
835 2530 934 2603 quippe
988 2525 1247 2601 nus³³(53)super
1269 2522 1377 2582 Alcinoi
1399 2534 1537 2597 pometum
1564 2524 1634 2596 (44),
1659 2533 1686 2582 44
1710 2523 1790 2590 Mida
1851 2598 1853 2601 Ι

134 2618 161 2668 et
188 2611 250 2667 laeta
284 2618 401 2668 mutant.
431 2612 563 2684 Denique,
592 2613 616 2669 si
645 2613 712 2685 quid
741 2631 814 2673 mare
842 2616 932 2691 diluit,
987 2620 1121 2672 rosetum.

132 2699 232 2757 coelum
246 2699 360 2768 deussit,
380 2708 451 2756 terra
473 2701 610 2774 subduxit,
636 2701 745 2774 gladius
768 2702 933 2779 detotondit,
1291 2736 1408 2794 CAPUT
1436 2737 1473 2792 ΠΙ

133 2787 203 2846 44444
216 2803 330 2846 remora
343 2788 512 2863 compensati
526 2789 584 2862 (47)
599 2790 680 2850 redit.
698 2791 768 2847 Nam
783 2800 811 2850 et
834 2795 932 2865 primi·
1477 2779 1484 2794 ⁸

132 2886 177 2935 tus
203 2876 332 2948 majorem
361 2877 494 2934 ambitum
518 2878 543 2918 ³³
561 2885 631 2936 terra
660 2894 748 2947 44444,
778 2887 806 2938 44
833 2897 934 2943 vacans
1022 2880 1146 2937 Laudans
1171 2876 1253 2950 igitur
1281 2878 1377 2934 orbem
1399 2879 1561 2944 munnam,
1584 2876 1650 2949 quid
1674 2877 1789 2936 44444444

133 2966 286 3040 hominum,
301 2974 328 3023 et
342 2967 428 3024 sicubi
451 2967 539 3040 aliqua
557 2981 626 3043 gens
650 2974 806 3041 occuparat,
821 2970 932 3030 sibimet
987 2970 1144 3030 hominem?
1171 2969 1275 3026 4444444
1304 2975 1332 3023 44
1356 2966 1450 3023 bestiae
1474 2980 1524 3037 pro
1556 2975 1631 3023 veste
1655 2966 1788 3028 formam:

135 3055 186 3114 soli
200 3065 265 3115 erat.
286 3058 378 3130 Itaque
392 3057 520 3115 colore³³
542 3055 634 3115 omnia
654 3056 690 3130 (44
713 3058 823 3115 demum
837 3059 862 3100 ³³
885 3061 930 3118 in·
985 3075 1140 3136 quanquam
1167 3064 1193 3114 et
1218 3071 1289 3130 paro
1322 3056 1414 3129 pluma
1449 3054 1546 3124 vestis,
1570 3057 1727 3129 etquidem
1756 3058 1790 3116 de

819 3185 916 3251 Varia
934 3192 1092 3253 lectiones.

169 3287 194 3327 ³⁵
207 3289 281 3361 Ager
293 3296 335 3344 est
348 3297 375 3344 et
394 3288 483 3346 Fron.
505 3286 530 3327 ²⁶
554 3287 632 3345 Esset
659 3291 745 3346 Pron.
773 3289 797 3330 ³³
830 3292 901 3348 Bibit
926 3298 1012 3352 Fron.
1041 3298 1177 3347 mortuum
1211 3288 1260 3345 ivit
1287 3289 1376 3347 Solm.
1408 3288 1433 3327 ²³
1461 3287 1530 3349 Add.
1546 3288 1677 3360 pristinos
1700 3293 1788 3347 Pron.

131 3359 158 3400 ²³
185 3361 322 3417 Nevavere
345 3364 430 3416 Fron.
467 3360 491 3399 ³⁰
515 3359 608 3416 Licuit.
640 3360 693 3415 Sed
722 3361 798 3432 piget
814 3363 902 3433 tristia
917 3369 1005 3424 Pron.
1023 3367 1103 3436 4444.
1123 3362 1146 3402 ³¹
1175 3361 1341 3417 mutaverint
1369 3359 1449 3434 Leop-
1480 3360 1506 3398 ³³
1532 3360 1663 3432 Regnavit
1699 3365 1786 3418 Fron.

132 3447 248 3503 regnare
262 3431 350 3487 Solm.
367 3431 392 3470 ³³
406 3431 509 3499 Maiore
523 3429 625 3486 ambitu
641 3433 724 3488 Fran.
742 3432 1094 3496 34(141444...(44444444444
1115 3434 1177 3491 vm.
1194 3432 1219 3471 ³⁵
1233 3431 1363 3503 Cogitans
1381 3434 1471 3487 omnia
1498 3429 1521 3487 si
1558 3431 1671 3488 domum
1696 3435 1785 3489 Pron.

131 3506 222 3560 colere
247 3502 339 3559 omnia
362 3502 423 3569 sibi,
440 3504 551 3558 domum
567 3504 646 3576 Lecp.
675 3503 701 3542 ³³
726 3502 882 3563 ATemene
902 3509 1002 3578 pariter
1017 3506 1214 3575 Peloponesum
1241 3518 1267 3559 o.
1284 3504 1568 3577 producunturLeop.
1593 3504 1616 3542 ³³
1639 3504 1787 3576 Repurgati

133 3575 223 3632 444444.
234 3574 403 3648 propaginati
422 3576 508 3634 Fran.
524 3573 550 3612 ³³
562 3573 703 3631 censitum
717 3583 745 3634 et
759 3591 896 3633 amoenum
910 3582 997 3637 Fron.
1014 3576 1152 3635 consultus
1166 3585 1194 3631 et
1206 3590 1341 3643 44444444,
1362 3574 1460 3633 codex.

832 3674 1085 3748 Commentarius.

167 3803 226 3878 (44)
238 3805 318 3864 Solos
332 3806 472 3864 audiebat.
489 3806 564 3878 Ager
573 3805 619 3863 ille
632 3806 677 3880 qui
693 3821 764 3864 nunc
777 3804 878 3863 frustra
890 3815 932 3864 est
984 3806 1108 3882 pensatio
1123 3806 1175 3861 alia
1188 3804 1377 3862 conversione.
1393 3802 1463 3859 Eoo.

130 3891 192 3934 cum
207 3877 274 3931 nibil
288 3877 365 3940 44444,
380 3878 443 3932 elim
464 3879 491 3932 in
506 3894 554 3933 ere
569 3879 689 3935 omnium
705 3887 762 3935 erat
782 3881 817 3935 eb
831 3878 930 3937 iertili·
1019 3880 1078 3952 (48)
1097 3880 1226 3936 Restare.
1251 3878 1364 3933 44444444
1383 3891 1433 3931 444
1452 3890 1550 3932 444444
1577 3882 1640 3932 4444
1668 3873 1730 3931 rubi
1763 3882 1788 3931 et

131 3957 222 4013 tatem,
240 3956 268 4003 et
281 3949 323 4004 vix
339 3950 372 4004 de
384 3949 436 4003 alio
453 3963 591 4006 sermones
604 3958 691 4005 erant.
708 3951 770 4006 4444.
987 3959 1098 4019 444444;
1119 3949 1191 4005 unde
1215 3963 1333 4020 4444444,
1363 3946 1421 4003 4444
1443 3955 1565 4004 restare:
1591 3945 1662 4003 unde
1689 3954 1715 4002 et
1742 3962 1787 4002 ru-

168 4021 229 4090 (44)
242 4020 443 4091 Propinquitos
467 4021 571 4075 moria.
590 4021 648 4076 Hoc
660 4030 710 4086 est,
726 4035 803 4079 mare
817 4023 934 4096 propin·
988 4023 1079 4079 atariae
1093 4021 1184 4088 laicos,
1200 4019 1322 4076 sentibus
1334 4018 1479 4074 credendis
1501 4027 1610 4089 paratae,
1621 4018 1693 4091 apud
1715 4017 1787 4074 Var-

131 4106 227 4162 quum,
256 4093 309 4146 nod
324 4090 424 4146 dicitur
440 4106 515 4145 mare
530 4089 678 4146 Mortuum.
694 4091 756 4148 ch.
987 4109 1094 4159 renem,
1120 4092 1169 4151 lib.
1193 4107 1202 4147 1
1225 4092 1259 4149 de
1273 4092 1313 4148 Rc
1336 4091 1447 4146 rustica.
1469 4089 1516 4148 Sic
1543 4091 1571 4146 in
1598 4089 1787 4173 Apoloqetr'co,

167 4161 227 4233 (43)
266 4167 356 4218 ortem
377 4162 458 4219 44444.
484 4163 579 4219 Veram
601 4167 725 4233 putamus
748 4162 819 4219 hanc
837 4163 934 4222 lectio·
989 4165 1178 4222 «Edieterum
1193 4163 1333 4220 securibus
1355 4162 1470 4218 ructatis
1493 4168 1520 4218 ct
1537 4160 1681 4230 caeditis»
1708 4176 1734 4218 4.
1759 4162 1787 4232 4,

131 4248 205 4299 nem,
221 4232 274 4288 etsi
294 4232 321 4287 in
344 4231 467 4288 Carmine
495 4234 530 4288 de
556 4232 674 4288 Sodoma
701 4231 824 4304 legatur:
848 4235 934 4292 «Nec
987 4236 1039 4292 col.
1056 4234 1193 4290 4844444.

129 4317 207 4360 mare
230 4303 294 4360 vivit
312 4304 358 4360 ubi
372 4319 446 4360 mors
458 4312 499 4359 est
514 4302 597 4358 maris
610 4303 660 4359 illa
672 4303 766 4377 quieti.
786 4307 886 4362 «blare
897 4305 933 4360 il·
1022 4304 1080 4377 (40)
1101 4303 1251 4362 Curriculo
1266 4305 1374 4361 4444444.
1390 4302 1524 4362 Saeculum
1547 4311 1683 4372 nostrum,
1708 4301 1789 4360 annis

132 4374 182 4432 lud
197 4374 346 4431 etiamnum
360 4375 460 4431 visitur
475 4377 502 4430 et
516 4373 647 4444 vivit‚sed
662 4383 798 4432 mertuum
811 4384 932 4446 vocatur,
989 4376 1171 4433 currentibus.
1185 4375 1250 4430 4444.

131 4444 226 4520 itaque
239 4461 294 4503 non
308 4445 391 4501 uitam
404 4444 481 4511 vivit,
498 4445 547 4501 sed
562 4455 688 4503 mortem.
702 4445 766 4503 4444.
1021 4445 1078 4520 (40)
1096 4445 1208 4570 Triplex
1226 4445 1327 4501 444444.
1347 4442 1443 4515 idest,
1463 4449 1517 4500 tres
1540 4443 1720 4515 imperatores
1739 4459 1788 4501 seu

167 4517 228 4590 (44)
241 4519 396 4590 Pompeios.
408 4518 593 4582 ilancurbem,
606 4515 711 4573 Vesuvii
726 4518 847 4574 obrutam
858 4516 931 4574 eine·
983 4516 1110 4594 Augusti,
1152 4513 1287 4642 affinibus
1304 4515 1405 4596 Ι4444444,
1429 4529 1527 4588 nempe
1547 4517 1666 4574 Severus
1699 4525 1786 4589 pater,

131 4586 217 4657 ribus,
234 4589 376 4645 excitatam
391 4605 406 4643 e
422 4587 506 4644 ruinis
522 4589 629 4645 tandein
645 4588 746 4644 nestris
761 4605 843 4662 prope
860 4596 930 4646 tem·
983 4589 1138 4647 Antoninus
1150 4595 1176 4642 et
1216 4584 1408 4642 scabritiam.

131 4659 246 4732 poribus
260 4658 355 4726 444444,
370 4659 465 4732 cuique
480 4661 544 4716 44444
557 4664 649 4715 netum
665 4667 716 4716 est.
732 4660 803 4719 Eoo.
1018 4663 1075 4735 (54)
1105 4660 1177 4729 Quot
1197 4659 1297 4741 pepuli
1323 4659 1482 4731 4444444444.
1515 4657 1622 4726 Florus,
1654 4657 1788 4715 «Poenos

166 4731 225 4814 (44)
251 4732 344 4790 0444444
358 4734 459 4812 castres
473 4731 625 4803 [44404444.
643 4731 705 4787 Non
721 4738 810 4804 potest
826 4732 928 4814 ambigi
981 4735 1049 4790 mari
1065 4750 1094 4790 re
1114 4738 1236 4804 ugnavrt.
1253 4749 1265 4779 r
1283 4730 1358 4812 4444..
1426 4799 1432 4811 ·
1604 4799 1638 4811 ..
1761 4800 1766 4812 Ι

129 4805 196 4874 quin
211 4809 262 4857 rsta
275 4805 329 4858 sint
347 4802 476 4872 capienda
491 4803 524 4858 de
540 4804 682 4875 Cambysae
697 4802 816 4860 exercitu
839 4806 866 4859 in
881 4804 928 4859 La·
983 4855 990 4860 .
1017 4807 1075 4878 (54)
1094 4749 1186 4863 ganto.
1202 4802 1299 4857 Cantus
1314 4801 1378 4856 iolro
1392 4814 1502 4870 spinoso
1522 4801 1685 4857 describatur
1698 4817 1715 4856 a
1729 4800 1787 4856 Ph-

130 4873 207 4944 byeis
221 4873 356 4947 Syrtibus,
368 4873 508 4929 immensis
518 4890 657 4931 arenarum
667 4875 784 4933 cumulis
798 4885 929 4947 cooperto
981 4879 1027 4934 nio
1041 4877 1088 4933 lib.
1103 4889 1165 4942 xxi,
1187 4888 1277 4942 r,cap.
1295 4874 1338 4938 44,
1363 4882 1390 4925 et
1410 4871 1548 4926 veteribus
1568 4869 1684 4943 Glossis,
1712 4872 1786 4928 044-

130 4953 211 5015 atque
225 4950 331 5002 obruto.
349 4946 417 5000 Plat.
433 4945 462 4998 in
476 4945 553 5000 Alex.
569 4947 655 5003 Sacra.
983 4954 1057 5017 tum,
1077 4942 1550 5014 mulaeellor.l1esyehins,1ltms
1570 4942 1673 5011 asarta,
1693 4941 1732 5012 bp’
1756 4943 1787 5011 hs

167 5016 225 5088 (44)
238 5018 270 5075 tlt
285 5019 602 5088 ootumclsoperiorum
612 5019 782 5090 profanitas.
794 5019 835 5075 De
845 5016 925 5088 Nino,
981 5018 1023 5072 ilo
1060 5023 1140 5091 πληγῇ
1165 5016 1248 5088 444444
1282 5013 1369 5088 dypeia
1396 5013 1449 5088 ἔχει
1476 5013 1507 5066 τὰ
1531 5013 1593 5069 danai
1623 5002 1656 5076 εἷς
1690 5012 1786 5074 adleva-

128 5102 145 5142 a
169 5102 224 5160 que
248 5088 423 5158 Assyriorum
440 5090 587 5157 repetenda
611 5088 701 5160 origo,
721 5092 842 5147 diximus
864 5088 928 5144 olim
945 5101 968 5179 ss
987 5091 1049 5149 4444.

127 5159 158 5213 44
173 5158 428 5215 animadversionib.
445 5169 537 5215 444444
550 5159 698 5215 Praedam.
720 5161 759 5215 De
780 5175 813 5216 eo
837 5167 928 5216 autem
1020 5162 1077 5231 (53)
1093 5159 1248 5219 4444444444
1258 5160 1287 5216 44
1297 5173 1436 5215 emenus.
1447 5157 1612 5215 Concultum
1621 5155 1696 5223 dicit,
1712 5156 1785 5230 quod

125 5229 250 5300 loquitur
276 5230 412 5286 Diodorus
442 5229 489 5286 lib·
518 5245 539 5285 11
555 5246 561 5285 1
577 5231 681 5299 Πρῶτος
696 5236 745 5284 τῶν
760 5229 792 5294 εἰς
817 5230 928 5305 ἱστοριαν
984 5233 1051 5289 44444
1065 5231 1235 5306 simpliciter,
1252 5228 1375 5302 cultum3
1392 5236 1419 5285 et
1434 5232 1475 5287 est
1489 5229 1656 5288 contrarium
1672 5229 1783 5285 inculto.

127 5303 170 5355 aet
203 5301 302 5375 μνήμην
339 5295 560 5373 παραδεδομένων,
586 5296 661 5362 Νἷνος
685 5302 699 5355 ὁ
736 5303 849 5374 βασιλεὺς
880 5308 930 5358 τῶν
984 5305 1048 5362 1444.

133 5370 415 5445 ’Aenoptmv3Prt'mcs
425 5374 554 5430 emnium
570 5375 618 5445 444·
632 5376 663 5429 itt
675 5373 824 5432 historiam
833 5379 862 5431 44
875 5391 932 5433 me·
1023 5376 1083 5448 (44)
1107 5376 1146 5434 Su
1167 5373 1327 5432 ardicioni
1342 5378 1499 5448 pometum.
1524 5373 1649 5432 Pomaria
1677 5371 1784 5454 Alcinoi

129 5445 253 5502 44444444
269 5447 450 5511 transierint,
464 5446 555 5501 444444
566 5459 618 5500 444
628 5444 663 5500 44
695 5445 865 5503 4444444444
881 5448 929 5503 Pa.
985 5446 1107 5520 regiain
1151 5461 1247 5518 orcyra
1270 5445 1360 5503 insula
1389 5447 1561 5506 celebrantur
1585 5444 1713 5513 aPliore,
1736 5446 1783 5502 hb.

165 5515 225 5587 (44)
253 5517 332 5574 Alica
345 5531 464 5575 4444444
479 5515 663 5588 compensati.
702 5524 796 5572 arsura
814 5516 859 5573 bic
877 5532 931 5573 non
985 5535 1049 5585 xcx,
1065 5534 1125 5592 cap,
1142 5521 1169 5575 4.
1186 5518 1307 5577 Meminit
1317 5517 1397 5575 etiam
1413 5520 1558 5585 Homerus,
1569 5516 1607 5570 lib
1623 5528 1663 5570 vu
1681 5514 1784 5588 04444,

129 5596 275 5645 ³⁸l11⁸ur³
295 5588 340 5644 Vel
364 5588 454 5655 444444,
479 5597 509 5644 ¹¹³
527 5601 667 5659 1³³³P³r⁸m
689 5588 772 5659 vulgo
796 5588 930 5659 interpre·
985 5593 1066 5662 cuins
1092 5592 1175 5650 verba
1199 5590 1353 5649 citantnra
1379 5590 1486 5649 4444444
1512 5595 1592 5644 mart.
1624 5583 1695 5643 444.
1719 5601 1782 5661 gen.

129 5664 248 5728 untur,
279 5660 329 5716 sed
362 5659 392 5714 ab
421 5661 520 5732 44444444
555 5659 583 5713 dv
602 5657 645 5716 vel
670 5656 687 5728 4)
715 5657 800 5714 &vates
815 5657 875 5732 epol,
903 5667 934 5717 ui
985 5663 1057 5721 PAlt.

130 5727 223 5789 Greci
237 5729 400 5794 mecenas
415 5739 523 5794 444444
560 5743 628 5790 444.
643 5758 678 5776 -
691 5729 723 5789 id
735 5738 786 5803 eat,
801 5678 833 5790 lu
857 5744 932 5792 eenn-
