3840 6134
130 320 189 380 337

739 326 802 387 CIB.
822 327 845 387 ll
873 326 952 388 tut.
972 327 1175 391 MARCIONEM.

1729 339 1782 401 338

127 445 183 504 nisi
204 446 230 486 ¹³
258 446 372 522 longum
398 458 471 507 esset
497 452 597 527 figuras
624 461 845 526 argumentorum
869 472 930 513 om·
947 470 970 549 q
986 471 1017 512 ea
1030 473 1120 529 quaea
1138 458 1197 514 Deo
1211 459 1357 527 habebant,
1374 468 1401 516 et
1425 462 1513 533 pabuli
1527 472 1554 520 et
1577 467 1669 523 suavis
1697 459 1778 526 olen·

127 536 206 592 mum
228 536 364 594 Crantoris
386 541 550 612 expandere,
578 559 646 614 quas
668 543 782 600 forsitan
806 561 858 602 nec
879 546 931 602 ad-

128 624 228 682 mittis.
244 625 298 683 Sed
313 626 375 699 plus
396 636 446 695 est,
464 630 487 684 si
502 629 601 701 ι6110
616 634 650 689 dc
664 635 796 692 absolutis
810 639 932 696 revinca-

127 713 210 780 mini,
230 715 403 787 simplicitate
424 719 554 785 veritatis,
579 737 634 777 non
656 723 833 785 curiositate:
861 728 931 786 sient

127 811 156 860 et
179 819 255 859 uunc
277 807 351 861 certa
367 806 507 864 distinctio
531 818 572 866 est
597 811 716 881 Sabbati,
732 816 859 882 humana,
876 834 931 874 non

127 891 222 949 diviua
244 907 330 963 opera
356 895 537 965 prohibentis.
543 900 680 972 qldeoqne
693 904 740 976 qui
754 905 878 963 Sabbatis
892 907 930 962 li·

127 990 243 1052 gnatum
267 980 346 1048 ierat,
375 986 455 1039 morti
482 985 561 1042 datus
584 995 930 1072 est1suumenimopus

127 1067 242 1139 iacent,
256 1069 320 1142 lege
339 1069 521 1129 interdictum.
537 1074 589 1144 Qui
612 1096 677 1137 vero
691 1100 781 1141 arcam
805 1088 931 1148 Sabbatis

127 1155 359 1226 circumtulerant,
373 1159 486 1231 impune
499 1175 643 1239 gesserunt
664 1187 670 1223 :
687 1188 740 1229 666
755 1192 837 1235 suum
856 1183 927 1238 enim

127 1260 209 1317 opas,
224 1247 277 1302 sed
292 1248 345 1304 Dei
365 1250 439 1317 ¹²‚ex
452 1265 592 1324 praecepto
606 1259 708 1318 scilicet
725 1265 824 1339 ipsius,
839 1271 929 1329 admi·

128 1335 322 1392 nistraveraut.

419 1486 532 1546 caput
550 1492 640 1550 xxlt.

169 1587 289 1646 Proinde
319 1596 346 1646 et
368 1592 570 1653 similitudinem
603 1609 694 1660 vetans
726 1605 784 1664 lieri
809 1616 931 1672 omnium

131 1692 197 1752 que
218 1678 249 1732 in
271 1679 342 1737 coelc
364 1691 391 1738 ct
409 1681 439 1738 iu
461 1692 532 1742 terra
554 1696 582 1743 et
609 1689 636 1746 iu
655 1693 741 1764 aquis,
765 1702 882 1758 ostendit
905 1713 931 1761 et

129 1782 249 1833 muru,
279 1766 441 1827 idololatriae
464 1775 566 1832 scilicet
594 1781 772 1841 substantiam
799 1790 929 1850 cobiben-

130 1861 177 1912 666
190 1855 224 1909 ¹⁵.
237 1854 352 1928 Subjicit
361 1858 435 1915 enim
451 1877 459 1916 t
475 1863 535 1922 lllcn
549 1866 714 1939 adorabitis,
726 1889 817 1947 neque
826 1884 929 1940 seruic-

138 1943 178 1999 ta's
191 1943 259 2001 illis.
273 1943 409 2016 Serpentis
421 1957 508 2006 numm
524 1954 592 2010 aenei
613 1956 730 2033 effigies,
747 1973 841 2034 postea
856 1985 928 2039 prae·

137 2039 218 2103 cepta
231 2032 297 2090 dost
317 2052 333 2089 a
357 2036 485 2106 Domino,
509 2056 564 2098 non
585 2043 620 2100 ad
640 2046 800 2109 idololatriae
822 2057 929 2114 titulum

133 2121 299 2193 pertinebat,
314 2123 363 2180 sed
381 2126 416 2182 ad
432 2129 620 2190 remediandos
634 2150 682 2191 eos
695 2139 772 2210 quia
790 2148 929 2217 serpenti·

132 2210 186 2266 bus
199 2208 408 2270 infestabantur.
424 2215 458 2271 lit
472 2225 547 2276 mccc
561 2222 595 2279 de
608 2222 694 2295 figura
710 2230 833 2288 remedii.
849 2235 894 2292 Sic
904 2247 931 2294 et

131 2299 278 2358 Cherubim
302 2310 329 2358 et
357 2303 496 2375 Seraphim
523 2325 603 2368 aurea
630 2312 659 2370 iu
687 2332 757 2375 arcae
783 2319 931 2396 figuratum

134 2389 303 2463 exemplum,
327 2401 402 2449 certe
420 2395 534 2466 simplex
552 2413 751 2475 oruamentum,
775 2426 932 2473 accommo-

135 2480 194 2535 data
212 2481 366 2554 suggestui,
389 2482 469 2556 longe
492 2486 614 2547 diversas
636 2495 759 2555 habendo
782 2516 878 2559 causus
898 2508 932 2562 ab

134 2567 291 2626 uuotsetae
315 2571 479 2642 mantuane,
495 2577 531 2632 os
553 2596 634 2653 qnam
658 2585 807 2647 armilausa
835 2571 932 2664 proit-

134 2657 228 2724 betur,
259 2673 318 2715 uon
349 2659 475 2719 videntur
502 2665 706 2730 similitudinum
736 2679 932 2749 prohibitarum

136 2745 185 2820 legi
198 2746 345 2822 refragari,
366 2764 420 2807 non
433 2750 462 2808 iu
479 2771 512 2813 eo
535 2758 722 2820 similitudinis
745 2752 816 2823 statu
831 2770 933 2842 depre-

135 2832 227 2903 beusa,
250 2837 287 2892 ob
310 2853 391 2910 quem
415 2841 564 2903 similitudo
579 2851 747 2921 prohibetur.
764 2857 886 2914 Diximus
900 2859 934 2916 de

134 2921 328 2983 sacrificiorum
363 2929 485 2987 rationali
516 2933 705 3009 institutione,
737 2947 873 3002 avocantis
908 2949 931 2986 ¹⁶

137 3011 243 3069 scilieet
254 3015 288 3069 ab
305 3015 385 3074 idolis
398 3020 432 3074 ad
447 3020 532 3079 Deum
554 3025 643 3084 officis
660 3046 702 3100 ea,
716 3047 777 3103 quae
794 3035 816 3088 si
839 3051 932 3091 rursus

987 545 1031 600 tias
1044 545 1130 617 gratia
1146 547 1169 586 ¹⁹
1183 547 1255 618 apud
1276 547 1363 603 Deum
1377 547 1566 621 deputabatur,
1583 568 1637 609 non
1658 571 1721 626 quae
1734 553 1782 612 fie-

985 633 1204 706 bacterigeutis,
1221 635 1267 690 sed
1282 634 1349 691 illud
1378 641 1575 710 propterquod
1604 640 1720 709 fiebant,
1744 644 1780 700 ob

985 722 1113 779 honorem
1128 724 1229 781 scilieet
1243 725 1301 780 Dei.
1318 725 1347 780 Si
1360 725 1446 782 cliens
1471 726 1545 784 diviti
1571 735 1618 784 aut
1633 730 1688 802 regi
1715 731 1782 787 nihil

985 811 1149 869 desideranti
1165 855 1172 879 ,
1188 821 1276 868 manen
1290 813 1390 885 aliquid
1409 812 1532 871 vilissimi
1555 816 1710 873 munusculi
1728 818 1780 873 ob-

986 900 1095 971 tulerit,
1124 901 1257 974 quantitas
1283 909 1310 958 ot
1336 902 1450 975 qualitas
1491 905 1611 960 muneris
1638 905 1782 962 infuscabit

985 988 1095 1046 divitem
1110 997 1137 1046 et
1161 1005 1267 1063 regern,
1282 1006 1315 1046 an
1337 990 1480 1065 delectabit
1506 993 1601 1049 titulus
1620 991 1704 1050 officii
1717 993 1731 1049 i
1745 992 1786 1050 at

985 1078 1142 1135 sicliensei
1170 1093 1281 1134 munera
1307 1077 1390 1147 ultro,
1414 1079 1457 1137 vel
1486 1079 1567 1136 etiam
1595 1081 1666 1136 dicto
1690 1081 1782 1153 ²⁰[or-

986 1168 1048 1223 dine
1075 1182 1125 1224 suo
1144 1167 1251 1235 oilerat,
1268 1175 1295 1224 et
1316 1168 1447 1225 solemnia
1476 1170 1549 1243 regis
1572 1170 1709 1240 observet,
1726 1184 1782 1227 non

986 1273 1017 1313 rx
1033 1256 1086 1312 tide
1104 1264 1204 1323 tamen,
1219 1271 1268 1311 nec
1281 1257 1362 1313 corde
1377 1272 1457 1327 puro,
1472 1273 1524 1315 nec
1539 1259 1620 1331 pleno
1641 1258 1714 1316 circa
1728 1269 1791 1315 cae·'

985 1353 1042 1402 tera
1055 1361 1162 1418 quoque
1175 1346 1315 1418 obsequia,
1329 1361 1419 1403 noune
1433 1362 1602 1419 consequeus
1618 1356 1647 1403 ut
1668 1363 1715 1404 rex
1734 1348 1780 1403 illc

985 1435 1026 1490 vel
1040 1432 1116 1490 8ss
1139 1435 1214 1492 dives
1228 1436 1357 1491 exclamet
1371 1453 1379 1490 a
1398 1437 1454 1504 Quo
1467 1437 1540 1493 milvi
1559 1438 1781 1495 multitudinem

985 1538 1137 1580 munerum
1156 1529 1270 1580 tuorum
1280 1523 1402 1595 ?plenus
1412 1540 1488 1591 sum;
1503 1531 1530 1580 et
1545 1541 1552 1581 :
1568 1525 1779 1590 solemnitates,

985 1616 1014 1666 ct
1026 1612 1084 1667 dias
1098 1613 1181 1682 festas
1205 1610 1272 1681 (66),
1289 1616 1317 1668 et
1344 1615 1437 1669 vestra
1461 1612 1580 1669 Sabbata
1597 1614 1658 1670 odit
1681 1614 1780 1669 anima

984 1699 1203 1770 acanthus,
1221 1701 1265 1764 ll,
1290 1700 1344 1769 ll).
1366 1701 1459 1756 Vestra
1488 1699 1613 1767 diceudo,
1643 1716 1703 1770 quae
1732 1716 1779 1755 se·

946 1798 968 1876 fl
984 1787 1102 1844 cundum
1117 1788 1256 1844 libidinem
1271 1802 1360 1855 suam,
1376 1804 1430 1844 non
1445 1790 1593 1844 secundum
1618 1788 1780 1862 religionem

983 1876 1032 1934 Dei
1047 1876 1209 1933 celebrando
1223 1876 1258 1941 ²²,
1275 1891 1325 1932 sua
1338 1876 1403 1945 jam,
1424 1891 1480 1932 non
1492 1875 1553 1946 Dei,
1568 1874 1698 1943 fecerant,
1714 1891 1780 1931 con-

983 1965 1142 2023 ditionalem
1164 1963 1266 2020 idcirco
1288 1971 1315 2019 et
1334 1963 1489 2020 rationalem
1511 1962 1707 2020 demonstravit
1732 1978 1778 2019 re·

978 2051 1150 2136 ‚cumtioncm
1173 2066 1354 2123 eorumquae
1377 2050 1588 2108 administranda
1602 2051 1626 2091 ²³
1650 2048 1777 2123 praescri·

984 2151 1085 2215 pserat.

1265 2333 1378 2392 CAPUT
1393 2334 1495 2391 xxltt.

1023 2498 1051 2555 Si
1066 2511 1128 2555 vero
1142 2494 1223 2553 etiam
1242 2494 1313 2552 circa
1337 2509 1470 2567 personas
1484 2495 1571 2552 levem
1585 2494 1610 2534 ²²
1637 2493 1717 2552 vultis
1737 2492 1781 2549 in·

987 2587 1085 2659 telligi,
1101 2603 1161 2643 cum
1177 2583 1301 2655 reprobat
1323 2583 1467 2656 aliquando
1487 2585 1638 2657 probatos3
1661 2591 1708 2639 aut
1731 2581 1782 2638 im-

987 2677 1152 2752 providum,
1178 2691 1238 2731 cnm
1263 2673 1360 2745 probat
1387 2673 1549 2744 quandoque
1576 2671 1779 2744 reprobandos,

988 2766 1064 2842 quasi
1078 2764 1179 2839 judicia
1192 2779 1242 2820 sua
1257 2772 1303 2819 aut
1324 2762 1434 2819 damnet
1447 2761 1592 2833 praeterita,
1608 2773 1655 2818 aut
1673 2760 1782 2834 ignoret

988 2857 1078 2913 lutura
1094 2873 1101 2912 :
1117 2853 1208 2927 atquin
1231 2851 1299 2907 nihil
1314 2859 1367 2907 tam
1395 2853 1466 2908 bono
1493 2861 1519 2907 et
1531 2850 1616 2921 iudici
1644 2849 1780 2914 convenit,

986 2957 1123 3018 quampro
1147 2941 1324 3010 praesentibus
1348 2940 1453 2996 meritis
1476 2946 1503 2997 et
1529 2939 1642 3011 reiicere
1664 2946 1692 2995 et
1710 2935 1780 2993 alle·

986 3048 1061 3106 gere.
1076 3030 1206 3102 allegitur
1225 3031 1249 3081 ²⁵
1264 3028 1339 3097 Saul,
1364 3030 1412 3085 sed
1426 3028 1548 3084 nondum
1562 3030 1705 3100 despector
1714 3040 1781 3098 pro·

141 3099 267 3168 eiecerat,
277 3103 368 3163 dicens
381 3108 469 3180 (Paul.
481 3127 500 3177 x,
517 3115 562 3186 ll)
582 3133 590 3171 ε
608 3115 664 3184 Quo
680 3120 753 3176 milvi
771 3125 935 3182 multitudi-
949 3134 971 3212 c
985 3123 1072 3194 phetas
1087 3119 1229 3174 Samuelis.
1243 3117 1377 3186 llejicitur
1402 3118 1541 3183 Salomon,
1556 3116 1604 3173 sed
1615 3118 1672 3185 lam
1685 3132 1701 3170 a
1714 3132 1776 3169 mn·

142 3194 754 3279 mmwmfimarmueatrornmruoarpsnm
766 3210 933 3270 voluitintel·
990 3209 1098 3264 lieribus
1120 3206 1215 3262 alienis
1243 3221 1395 3278 possessus,
1411 3213 1437 3260 et
1451 3203 1531 3259 idolls
1559 3202 1737 3259 Moabitarum
1755 3208 1784 3256 et

141 3275 195 3350 2262,
210 3283 285 3351 quod
299 3298 352 3340 uon
366 3285 419 3342 sibi
432 3303 466 3345 ea
483 3291 592 3361 proprie
606 3295 740 3369 exegisset
757 3316 764 3352 ε
782 3300 843 3356 Non
857 3302 935 3357 enim
987 3298 1162 3354 Sidoniorum
1177 3294 1355 3366 mancipatus.
1372 3292 1443 3364 Quid
1459 3292 1559 3349 iaceret
1577 3291 1701 3361 Creator,
1714 3304 1750 3344 ne
1765 3305 1781 3342 a

143 3363 240 3439 2220222,
262 3369 351 3444 il“1¹¹st
375 3378 461 3444 (PSGC
482 3394 562 3447 ¹²¹¹,
577 3385 632 3452 ¹3),
653 3388 821 3457 sanquinem
836 3394 934 3448 tauro·
988 3386 1153 3444 Marcionitis
1174 3382 1444 3456 reprehenderetur?
1465 3383 1547 3438 Bene·
1560 3381 1649 3436 adhuc
1670 3388 1783 3451 agentes

146 3470 202 3513 ram
225 3458 306 3531 (Ci);
323 3460 426 3533 quiaet
457 3466 520 3524 alibi
549 3469 587 3525 ait
613 3472 682 3542 (lea.
707 3490 755 3545 xt,
777 3478 823 3548 28)
839 3495 845 3535 :
862 3481 935 3536 Deus
988 3478 1185 3549 praedamnaret
1211 3475 1268 3545 (66)
1294 3474 1350 3541 iam
1365 3480 1473 3542 propter
1488 3470 1576 3526 lutura
1589 3467 1783 3525 delictaiSed

147 3549 328 3606 oetamnsrmn
338 3554 454 3620 aramei,
467 3561 617 3616 uecsitiet.
629 3562 699 3618 Nam
709 3564 760 3619 etsi
770 3565 804 3621 ad
817 3566 935 3624 oblatio·
988 3566 1038 3622 Dei
1053 3564 1116 3621 boni
1132 3577 1186 3619 non
1204 3568 1271 3628 erat,
1294 3562 1415 3617 nondum
1438 3566 1572 3615 merentes
1587 3556 1796 3630 praedamnare.v

148 3647 188 3688 nes
207 3637 276 3693 Abel
298 3639 414 3696 advertit
434 3645 478 3715 ¹²,
501 3656 528 3702 et
545 3648 703 3707 holocausta
720 3654 777 3710 Noe
806 3655 935 3729 odoratus
990 3653 1105 3711 Proinde
1118 3657 1260 3723 peccantes
1274 3665 1346 3705 nunc
1360 3664 1414 3705 non
1429 3654 1566 3704 recusaret
1589 3651 1702 3718 propter
1724 3642 1783 3716 pri-

150 3723 308 3783 22Ιῦ9262
323 3729 361 3794 ¹⁸,
376 3748 438 3801 666
455 3733 611 3803 jucunditas
638 3738 844 3800 sivevisccrum
873 3759 935 3802 ver·
990 3745 1060 3800 stina
1074 3741 1219 3799 benefacta
1233 3740 1247 3796 i
1261 3739 1314 3796 Sed
1326 3738 1391 3809 justi
1402 3737 1503 3808 judicis
1517 3751 1571 3791 non
1587 3741 1655 3803 erat,
1683 3733 1785 3791 rescis-

151 3811 315 3888 tetinorum,
346 3818 404 3878 sive
426 3822 530 3881 nidoris
561 3829 714 3885 ardentium
740 3831 936 3890 victimarum?
990 3833 1028 3889 sis
1046 3833 1071 3871 ²⁶
1082 3832 1138 3900 jam
1156 3829 1235 3886 bonis
1249 3827 1372 3901 pristinis
1387 3826 1494 3884 scelera
1520 3826 1632 3883 donare.
1648 3827 1702 3880 Aut
1723 3822 1785 3895 quis

98 3982 101 3986 Ι
154 3895 315 3962 Scdanimus
329 3907 445 3982 simplex
462 3920 489 3968 et
510 3914 599 3970 Deum
621 3927 745 3976 metuens
762 3920 936 3979 atterentium
990 3921 1129 3979 homiuum
1144 3919 1203 3976 siue
1217 3917 1325 3983 delicto,
1341 3924 1369 3971 ut
1383 3932 1445 3974 eum
1462 3919 1535 3972 Deus
1550 3930 1656 3984 semper
1683 3913 1785 3986 allege-

180 4087 199 4126 ¹³
210 4087 243 4145 ln
262 4086 345 4143 nimis
367 4091 452 4147 Semi.
470 4092 493 4130 ¹²
506 4092 595 4160 Enim,
615 4097 662 4151 sed
678 4099 727 4154 llei
741 4114 811 4170 opus
825 4020 1125 4174 littapmf'aisiiniiliisuae
1140 4100 1314 4155 substantiam
1330 4097 1487 4153 cohibentes
1502 4097 1585 4152 Seml.
1607 4096 1693 4150 libem
1714 4091 1796 4146 sub-

154 4160 261 4215 stantiam
288 4159 420 4218 cohibens
434 4163 493 4220 cod.
525 4167 628 4224 Ursini.
658 4171 735 4239 quasi
762 4188 814 4242 pro
828 4188 888 4241 quae
904 4175 1003 4245 conjic.
1021 4173 1104 4229 Seml.
1121 4171 1248 4226 cohihent
1270 4185 1320 4240 pro
1334 4169 1492 4223 cohibentes
1507 4168 1595 4222 Rhea.
1614 4166 1637 4202 ¹5
1656 4162 1786 4245 dvocanli

155 4226 222 4285 tunt.
238 4240 369 4286 avocante
393 4234 499 4291 Pamcl.
517 4235 538 4274 ¹²
552 4237 677 4294 Adscitis
691 4244 793 4314 aliqui.
812 4243 835 4281 ¹⁸
849 4242 975 4300 libenter
989 4244 1065 4302 abest
1078 4261 1096 4297 a
1110 4240 1233 4312 quidusd.
1252 4241 1275 4278 ¹⁰
1286 4240 1387 4294 Gratiae
1399 4241 1464 4295 dnn.
1482 4239 1566 4294 Seml.
1578 4236 1602 4273 ²⁰
1616 4234 1710 4289 Educta
1726 4235 1774 4313 lap

157 4297 236 4357 l'met.
253 4302 296 4357 vel
310 4318 343 4358 ca
363 4304 450 4359 edicta
464 4307 524 4363 Cat.
538 4309 605 4367 Iun.
622 4309 645 4348 ²¹
665 4310 729 4367 Odit
742 4313 830 4368 anima
843 4329 913 4368 mea.
929 4315 1023 4370 Vestra
1041 4314 1134 4371 omitt.
1150 4311 1235 4366 Semi.
1252 4310 1277 4347 ²²
1291 4308 1433 4365 Celebrant
1445 4310 1501 4364 Deo
1516 4305 1633 4380 quidam
1651 4304 1675 4343 ²³
1689 4302 1786 4360 Adma-

153 4369 277 4428 u'straudo
290 4377 384 4432 Paria.
403 4376 428 4414 ²²
442 4375 545 4451 Legum
563 4381 618 4438 alii
634 4383 774 4457 mendose.
790 4385 814 4422 ²⁵
830 4385 944 4458 Eligitur
959 4385 1045 4443 Semi.
1062 4384 1086 4421 ²⁶
1099 4379 1203 4438 llecisis
1216 4381 1278 4437 alii.

842 4473 1089 4538 Commentarius.

178 4544 231 4614 (tl)
248 4545 307 4601 Non
322 4547 398 4627 enim
412 4547 514 4628 bibam,
530 4552 635 4632 inquit,
655 4555 824 4619 sanquinem
839 4557 937 4610 tauro·

152 4630 215 4670 rum.
245 4616 370 4674 betleem
393 4620 437 4674 luc
464 4620 643 4678 Tertulltanus
666 4625 810 4697 avulgata
824 4624 941 4680 lectione

956 4553 1128 4646 ”Quoniam
1145 4565 1209 4609 vero
1223 4547 1266 4603 ‘iis
1292 4546 1387 4603 diebus
1412 4545 1493 4617 penio
1516 4543 1657 4616 indulgere
1677 4542 1788 4598 solitum

993 4631 1059 4691 erat,
1077 4621 1204 4679 Sidonius
1218 4619 1306 4692 Apoll.
1323 4619 1369 4672 lib.
1385 4633 1415 4680 tt,
1429 4632 1474 4688 cp.
1493 4620 1519 4685 2,
1540 4617 1629 4670 luxum
1660 4611 1788 4667 subbata·

150 4695 243 4752 rostra,
264 4689 291 4743 in
312 4704 366 4760 qua
387 4690 457 4746 Psal.
478 4707 546 4747 xnxxr
575 4697 743 4767 :Numquid
766 4695 938 4752 manducabo
993 4695 1166 4757 riumvocat,
1194 4693 1309 4761 loquens
1325 4689 1359 4744 de
1378 4688 1442 4769 luxu
1470 4696 1496 4742 et
1519 4684 1649 4742 conviviis
1681 4684 1786 4738 Gotho-

148 4772 240 4816 carnes
250 4765 414 4826 taurorum,
426 4767 476 4818 aut
485 4766 657 4835 sanquinem
667 4770 813 4823 hircorum
825 4766 940 4838 palade?
993 4782 1062 4821 rum.
1093 4765 1169 4820 Unde
1197 4764 1311 4834 cynicus
1337 4760 1512 4815 Antisthenes
1531 4757 1616 4828 ἑορτὴν
1643 4772 1790 4828 γαστριμαρ-

148 4827 196 4885 Sed
210 4832 313 4887 nullius
328 4831 356 4886 id
382 4834 511 4888 momenti
536 4844 587 4890 cst.
606 4837 738 4892 lnuuebat
760 4845 852 4893 autem
867 4838 941 4892 Deus

146 4914 238 4957 senon
261 4904 433 4960 caeremoniis
457 4921 506 4961 seu
528 4907 624 4962 ritibus
645 4907 807 4978 quibusdam
826 4907 939 4980 placari,

145 4973 190 5027 sed
204 4981 309 5028 tantum
324 4974 430 5031 sincero
445 4976 535 5032 cordis
554 4977 662 5033 allcclu.
678 4980 716 5034 La
733 4980 779 5034 l'n.

1010 4838 1046 4897 ίας
1061 4834 1170 4908 ἀφορμὴν
1189 4842 1265 4889 vocal
1288 4839 1340 4887 :ei
1362 4832 1434 4900 apud
1448 4829 1583 4888 Isidorum
1598 4826 1698 4897 Pelus.,
1723 4825 1790 4878 hdi-

992 4859 1067 4962 iurov
1082 4911 1163 4961 πάσαν
1179 4904 1265 4974 ἑορτὴν
1278 4908 1403 4958 καλοῦσιν.
1418 4904 1458 4958 Iu.

1031 4982 1086 5048 (66)
1102 4981 1174 5035 Bane
1187 4976 1280 5032 adbuc
1294 4978 1406 5046 apcntes
1421 4973 1639 5045 praedamnaret,
1656 4977 1708 5024 etc.
1720 4966 1794 5024 lslud

177 5045 237 5114 (65)
252 5048 288 5102 nt
300 5051 392 5102 uestra
407 5047 522 5105 sabbata
537 5050 594 5107 odit
615 5050 713 5105 aniam
728 5067 798 5106 rnen.
816 5051 875 5104 Nou
890 5049 942 5104 soli
994 5050 1104 5105 omnino
1120 5048 1173 5119 legi
1194 5047 1271 5102 debet
1286 5045 1476 5116 interrogative
1493 5085 1500 5111 ,
1521 5044 1589 5116 ‘quia
1603 5059 1635 5098 ex
1660 5040 1794 5098 serrantia

143 5114 229 5171 iudaei
246 5117 275 5172 in
285 5119 378 5172 verbis
392 5119 452 5173 istis
467 5121 742 5188 comprehenduntur.
769 5120 871 5175 Omnes
884 5120 942 5177 iere
994 5120 1111 5191 loquitur
1125 5118 1350 5184 llarcionitarum,
1366 5116 1410 5171 cui
1425 5125 1486 5187 apte
1515 5115 1682 5185 respondet:
1699 5133 1712 5165 u
1737 5111 1792 5167 Sed

144 5187 267 5244 6666666
281 5187 345 5243 aliae
360 5189 432 5246 diem
451 5190 529 5244 illum
543 5192 727 5247 observarunt.
753 5190 867 5250 Ovidius
878 5191 943 5247 satis
996 5191 1047 5248 Dei
1067 5191 1130 5246 boui
1145 5205 1198 5246 nou
1218 5197 1287 5257 erat,
1303 5189 1421 5243 nondum
1439 5196 1573 5243 merentes
1596 5186 1790 5258 praedamnare,

146 5266 258 5315 testatur
270 5258 305 5316 de
316 5260 446 5316 Romanis
456 5277 476 5327 t,
491 5263 598 5319 Dcarle
613 5282 622 5329 ;

210 5368 285 5419 Culta
299 5367 437 5420 Palaestino
453 5368 561 5433 septima
574 5369 641 5419 testa
656 5368 725 5428 viro;

143 5456 170 5504 et
183 5449 355 5519 Macrobius,
371 5449 418 5504 lib.
435 5465 445 5506 r
460 5451 610 5509 saturnal.
627 5464 685 5521 cap.
700 5450 717 5504 7
734 5469 740 5505 :

998 5261 1114 5317 Proinde
1130 5268 1274 5333 peccantes
1289 5275 1360 5315 nunc
1376 5275 1430 5314 nou
1447 5265 1582 5315 recusaret
1598 5266 1706 5329 propter
1733 5254 1792 5335 pri-

997 5332 1066 5388 stiua
1075 5331 1215 5390 beneficia.
1236 5354 1247 5382 s
1276 5332 1369 5402 Neque
1393 5329 1463 5386 enirn
1489 5328 1658 5400 praescientia
1685 5335 1793 5406 merito-

999 5421 1059 5460 rum
1086 5421 1167 5461 causa
1190 5413 1232 5460 est
1263 5402 1360 5459 divium
1381 5400 1637 5472 predestinationis,
1652 5395 1795 5476 sicuti-lta·

999 5475 1081 5532 retice
1092 5475 1226 5532 sentiebat
1250 5474 1397 5545 Pelagius,
1418 5476 1451 5529 dc
1480 5490 1534 5546 qna
1567 5486 1596 5525 re
1615 5485 1650 5525 ne
1668 5467 1797 5538 prolvxror

208 5563 317 5615 pamm,
341 5581 400 5628 pm
422 5567 523 5618 Graium
541 5567 657 5626 samm),
676 5573 700 5616 et
718 5564 825 5614 maxime
841 5563 946 5612 Aram
999 5547 1059 5617 sim,
1076 5545 1376 5629 uideatlectorSixtum
1393 5544 1550 5609 Senenscm,
1568 5539 1698 5597 biblioth.
1727 5552 1794 5593 surt-

207 5627 351 5682 Couticiunt
364 5643 447 5695 seem,
464 5643 522 5696 qun
533 5629 627 5682 Cronia
636 5644 692 5682 esse
700 5629 821 5680 iterantur
837 5625 870 5678 ab
883 5623 945 5676 illis.
1000 5623 1063 5676 cta.
1078 5618 1125 5675 ltb.
1141 5633 1181 5674 vx.
1192 5617 1262 5674 Para.
