3840 6134
131 335 186 398 l89
476 339 698 407 lsstlbtbtnttl
712 342 852 408 obdidit
868 340 956 409 bias
966 345 1009 409 tl.
1027 366 1069 392 -·
1082 342 1198 409 stillat
1216 347 1429 419 1,Ptttttt1ts.
1723 354 1781 417 lib

130 456 307 517 submovendi
325 469 388 519 anta
405 464 555 535 precedit:
579 468 643 540 quia
657 471 760 543 dipsas
780 473 928 545 operam
942 484 967 569 Ι
982 478 1071 545 potest
1083 488 1138 530 uon
1159 486 1223 530 eam
1241 474 1265 514 ⁵⁴
1279 473 1397 533 sensisse
1409 472 1557 547 cidnum,
1570 475 1624 536 uisi
1636 492 1717 553 quem
1730 488 1783 540 uo-

130 556 257 617 meroeda
270 558 733 638 accinctumaccensum
746 568 839 626 sensui
853 567 927 626 salva
980 570 1057 620 55555
1069 562 1098 618 55
1127 563 1285 637 5555555555,
1297 578 1379 638 mem
1391 567 1447 637 3555
1467 570 1626 627 5555555555
1636 568 1669 626 55
1681 568 1775 630 ⁴⁸⁰5!-

128 645 195 702 sint.
209 647 246 703 At
271 662 333 704 cam
355 649 431 721 iubet
449 651 589 724 pulverem
611 667 739 715 excutere
751 656 786 714 de
811 656 928 731 pedibus
979 650 1037 708 11⁰⁰
1056 660 1084 710 55
1101 651 1161 723 5555
1175 652 1417 728 confirmatusque
1430 655 1518 714 55555
1536 656 1654 730 15555555
1668 656 1725 716 5555
1752 670 1783 718 ⁰⁴

130 732 158 787 iu
171 735 472 812 ensequibuseacepti
486 755 541 799 non
554 741 678 815 inissent,
692 752 721 803 et
740 744 834 804 hocin
848 744 927 803 testi·
980 739 1119 798 silentium
1132 740 1302 800 indiscussi
1317 743 1389 800 enim
1408 744 1507 802 Petras
1520 744 1698 820 quidsmuon
1724 754 1785 820 po-'

130 822 251 881 monium
266 827 374 882 mancat
386 826 465 898 θεὼ
485 844 564 887 nemo
582 841 707 901 aarum,
725 836 798 907 quod
812 848 865 893 „00
879 835 925 907 ju.
981 836 1051 886 terat
1063 828 1147 887 alium
1165 847 1228 888 cum
1241 830 1375 899 confiteri,
1395 847 1475 906 quam
1490 834 1628 894 creatoris
1644 854 1652 893 :
1667 834 1716 896 itis
1727 853 1784 895 au·

130 912 202 970 dicio
216 914 380 983 destinatum
395 917 617 977 inhumanitatem
632 923 680 994 qui
706 924 734 979 in
754 924 926 981 testationem
981 927 1035 975 tem
1054 921 1194 993 praecepit,
1209 936 1244 979 55
1258 921 1304 978 555
1324 922 1380 979 555
1399 922 1502 981 diceret
1517 942 1525 991 t
1540 924 1633 998 ubique
1647 924 1675 983 55
1693 926 1785 985 501555

131 1001 216 1077 redigi
236 1004 323 1076 jubet,
350 1006 470 1078 judicem
498 1011 687 1069 comminatur.
710 1012 818 1070 Nullum
844 1014 927 1070 deum
980 1009 1138 1082 provulgari
1162 1010 1196 1079 ⁵⁸,
1217 1012 1290 1083 quod
1313 1012 1408 1068 Petrus
1431 1022 1564 1070 senserat·
1582 1014 1649 1082 1⁰1⁰,
1677 1013 1783 1090 555555.

129 1105 231 1148 novum
244 1108 261 1149 a
275 1095 383 1153 Cbristo
399 1097 544 1169 probatum
570 1099 619 1157 ilia
645 1103 727 1158 etiam
750 1102 844 1175 opinio
865 1118 926 1160 om·
980 1099 1043 1172 quit
1061 1114 1117 1156 110⁰
1132 1106 1203 1157 55555
1229 1110 1362 1167 55555555,
1389 1099 1476 1158 551555
1504 1101 1673 1159 5555555555
1691 1103 1784 1161 diffl-

22 1248 29 1255 ,
129 1181 204 1237 mum
218 1183 375 1254 declaravit,
395 1185 457 1258 quia
486 1187 625 1247 Christum
638 1190 746 1264 iesum,
773 1190 819 1248 alii
845 1191 928 1248 ioan·
981 1185 1153 1249 minamsed
1177 1187 1259 1244 aliam
1284 1187 1384 1245 silentii
1415 1203 1537 1246 55555555
1560 1189 1645 1247 cdlxii
1672 1210 1680 1249 τ
1711 1192 1786 1262 can

129 1286 202 1337 uem,
216 1272 263 1329 alii
290 1273 405 1345 Heliam,
421 1275 466 1331 alii
488 1292 571 1334 unum
593 1277 710 1350 aliquem
737 1294 770 1336 es
793 1280 929 1337 veteribus
982 1281 1125 1351 oporteret
1135 1277 1241 1334 Filiam
1256 1277 1379 1335 bominis
1388 1279 1484 1336 muita
1497 1280 1560 1352 pati
1573 1283 1602 1336 et
1610 1280 1788 1354 reprobaris

53 1399 56 1403 -
128 1361 269 1435 prophetis
283 1362 384 1420 llerodi
399 1366 596 1423 mmmmm.
624 1367 665 1423 Ea
693 1366 793 1441 quibua
814 1368 930 1440 quicnn·
982 1366 1786 1442 presbyterisetscribisetsacerdotibus(8t),etbtterfici,

128 1464 182 1524 que
205 1449 309 1519 fuisset,
338 1466 393 1508 non
407 1455 503 1528 utique
517 1456 553 1512 ob
580 1455 632 1513 hoc
645 1465 687 1513 est
713 1458 870 1523 suscitatus,
899 1466 930 1514 ut
982 1459 1078 1529 etpost
1093 1454 1213 1513 tertiam
1226 1454 1549 1530 diemr·erurqere.Quae
1562 1473 1623 1515 cum
1639 1459 1788 1533 praedicata

128 1539 212 1597 aliurn
227 1540 309 1597 danrn
323 1550 386 1612 post
398 1544 626 1602 resurrectionem
642 1545 811 1618 predicaret.
840 1545 930 1602 Pascit
982 1544 1037 1602 sint
1050 1555 1077 1600 et
1093 1544 1152 1616 ipsa
1173 1544 1203 1600 in
1225 1545 1362 1602 Christum
1390 1545 1534 1612 Crantoris,
1550 1547 1621 1604 sicut
1639 1545 1696 1605 suis
1715 1546 1787 1608 locis

129 1630 258 1702 populum
274 1629 301 1687 in
314 1631 468 1699 solitudine,
486 1633 520 1691 de
534 1633 849 1704 pristinoscilicetmore
859 1633 928 1707 (8⁰).
982 1633 1166 1706 implebimus,
1180 1633 1220 1691 sic
1240 1650 1350 1709 qunque
1363 1633 1453 1707 ipsum
1476 1651 1506 1693 se
1533 1636 1655 1694 ostendit
1668 1650 1739 1704 esse,
1756 1637 1786 1694 iu

129 1721 183 1776 Aut
196 1718 220 1775 si
234 1735 287 1776 non
310 1721 445 1779 eadsmet
459 1723 485 1762 55
499 1723 636 1794 maiestas,
675 1740 742 1796 ergo
754 1722 812 1794 jam
840 1724 930 1781 minor
982 1738 1066 1796 quem
1080 1721 1306 1795 medicabuntur.
1323 1720 1402 1779 Certe
1424 1721 1475 1779 eui
1491 1736 1546 1779 uon
1571 1733 1662 1781 essem
1688 1724 1791 1798 praedi·

128 1815 170 1864 cst
188 1808 326 1875 Crantore,
341 1810 388 1883 qui
411 1825 466 1867 non
485 1820 539 1871 oab
553 1812 606 1879 die,
634 1810 680 1869 aad
705 1813 783 1870 annis
809 1813 930 1886 qnadra-
986 1819 1130 1879 oetaeum
1148 1824 1256 1868 causmn
1282 1809 1378 1867 indicti
1391 1810 1490 1868 silentii
1505 1811 1617 1884 protulit
1643 1828 1705 1887 quae
1731 1828 1790 1873 non

129 1897 213 1969 ginta,
229 1897 323 1955 accde
337 1898 511 1957 inierioribus
537 1901 657 1960 materiis
675 1902 754 1976 panis
785 1904 813 1959 et
841 1901 931 1975 piscia,
950 1880 972 1959 Β
988 1899 1059 1957 Petri
1074 1913 1195 1958 errorem
1213 1900 1411 1957 demonstraret
1438 1898 1473 1968 55,
1488 1900 1671 1958 obeundarum
1684 1902 1792 1974 passio·

5 2004 8 2009 ·
129 1986 178 2044 aed
192 1985 227 2044 de
240 1988 530 2067 mannaeoelestimec
543 1991 662 2066 quinque
675 1991 793 2059 circiter,
808 1992 855 2049 sed
868 2007 930 2049 sen·
983 1987 1253 2046 uumnecesaitatem:
1267 1987 1791 2062 meantimeinquitpatmnmsaam

129 2083 208 2134 acub
221 2077 304 2133 millia
324 2079 466 2136 hominnm
489 2081 633 2151 protelavit
652 2083 720 2154 (sl).
745 2081 821 2140 Adeo
840 2090 930 2139 autem
984 2079 1094 2135 aninam
1108 2081 1214 2150 saone,
1228 2079 1328 2151 perdat
1339 2078 1436 2147 innan,-
1451 2081 1480 2136 ei
1493 2081 1541 2153 qni
1553 2079 1710 2153 perdiderit
1724 2096 1791 2139 eostv

129 2181 162 2223 ea
176 2165 228 2223 init
240 2168 383 2239 maiestas,
403 2177 434 2224 ut
446 2177 474 2227 et
488 2170 579 2243 pabuli
595 2170 772 2246 exiguitatem
787 2185 841 2228 uon
869 2181 931 2227 tan-
984 2173 1097 2242 propter
1111 2181 1166 2237 mc,
1180 2169 1290 2224 salvam
1299 2168 1386 2238 factet
1396 2174 1470 2224 com.
1484 2168 1560 2224 Certe
1572 2166 1656 2225 Filius
1670 2169 1792 2227 bominis

129 2265 187 2312 tum
210 2255 345 2324 sufficere,
364 2273 459 2316 verum
472 2259 553 2319 etiam
568 2260 738 2329 exuberare,
754 2260 789 2317 de
816 2258 934 2332 pristino
986 2264 1055 2313 nanc
1067 2254 1228 2313 sententiam
1250 2254 1349 2314 ambit.
1378 2257 1505 2329 Perspice
1518 2255 1601 2330 igitur
1613 2263 1640 2314 et
1668 2265 1699 2315 tu
1726 2274 1791 2318 cum

129 2344 386 2420 volueritexemplo.
400 2347 446 2405 Sic
469 2348 543 2407 euim
556 2359 583 2407 et
598 2349 626 2404 in
645 2358 771 2423 ternpore
789 2348 868 2405 iamis
882 2349 933 2405 aab
986 2362 1052 2419 rege
1068 2344 1226 2415 babylonio,
1248 2345 1386 2402 fornacem
1401 2345 1462 2415 ejus
1476 2344 1617 2402 ardentem
1629 2347 1714 2417 (Dan.
1730 2350 1788 2421 tn),

129 2431 205 2491 liclia
224 2435 312 2492 viduae
326 2436 495 2515 ‘Sareptensi
515 2438 622 2496 modica
650 2449 677 2496 et
703 2454 832 2512 suprema
850 2436 935 2495 m
988 2442 1015 2491 et
1027 2431 1353 2506 iuveniesillictauquam
1366 2432 1463 2490 Filium
1478 2433 1599 2491 hominis
1610 2432 1660 2493 11¹
1671 2433 1691 2492 Ι
1704 2436 1790 2507 (non-

131 2519 260 2578 alimenta
274 2539 307 2579 ex
316 2525 458 2597 prophete
473 2525 673 2595 benedictione,
694 2541 745 2600 per
756 2533 844 2585 toturn
856 2525 934 2583 lamis
987 2522 1052 2577 dum
1064 2518 1137 2576 enirn
1150 2535 1213 2577 rere
1228 2526 1296 2590 erat,
1324 2520 1446 2577 nondum
1465 2520 1566 2579 scilicet
1583 2531 1665 2578 natus
1677 2537 1711 2578 ex
1735 2524 1791 2581 bo-

131 2616 237 2679 tempns
264 2613 490 2671 redundaverant.
506 2614 555 2687 (ill
569 2616 645 2690 'itaq
662 2616 741 2686 xvir).
759 2615 849 2673 Habes
876 2622 934 2670 tar-
987 2608 1082 2681 mina),
1107 2608 1238 2679 jamtnnc
1250 2608 1319 2668 istos
1337 2609 1426 2666 exitas
1452 2610 1677 2668 constituentem.
1692 2612 1792 2671 salvat

127 2695 191 2752 tiam
204 2698 229 2737 ⁴⁷
243 2698 412 2757 basiliarum.
423 2702 489 2758 Siet
504 2710 626 2776 quartam
639 2703 666 2743 ⁴⁸
679 2704 799 2764 resolvas
809 2703 846 2772 ⁴⁹,
858 2703 935 2759 iure·
988 2699 1051 2757 iacit
1065 2698 1167 2756 animas
1182 2699 1263 2755 trium
1275 2698 1399 2770 fratrum,
1415 2701 1462 2773 qui
1473 2715 1521 2757 eas
1534 2714 1583 2773 pro
1602 2699 1661 2759 Deo
1676 2701 1792 2772 perdere

128 2785 319 2862 nies(liliaq.
333 2791 512 2866 vv,itscqq.)
526 2791 935 2850 totumbnncordinemcbrisvi
988 2790 1226 2860 conspiraveran13
1254 2789 1443 2846 chaldeorum
1470 2805 1535 2849 vero
1562 2790 1691 2864 perdidit,
1721 2806 1794 2866 quaa

129 2872 202 2930 circa
216 2874 292 2931 illum
311 2877 361 2931 Dei
374 2878 525 2946 hominem,
540 2880 588 2951 qui
615 2881 723 2939 oblatos
736 2880 788 2938 sibi
802 2881 897 2956 viginti
909 2882 940 2922 55
987 2878 1026 2937 iili
1041 2894 1089 2951 per
1100 2877 1282 2937 idololatriam
1297 2879 1388 2936 salsas
1400 2878 1489 2937 iacere
1496 2879 1658 2938 maluerant.
1670 2878 1794 2952 ousae

129 2960 392 3037 hordeaceospancs
410 2981 471 3024 cum
486 2969 588 3041 populo
617 2969 741 3028 distribui
759 2971 894 3042 jussisset,
908 2978 936 3027 et
988 2969 1040 3026 ista
1061 2978 1133 3025 nova
1152 2967 1285 3038 doctrina,
1302 2968 1380 3038 cujus
1405 2976 1499 3027 vetera
1524 2969 1685 3027 documenta
1714 2976 1792 3027 munt.

130 3050 254 3108 minister
270 3054 331 3123 eJ‘us
345 3056 462 3127 proinde
478 3067 638 3131 comparata
655 3060 829 3118 multitudine
843 3067 871 3115 et
884 3075 936 3131 pa·
987 3057 1150 3130 Quanquam
1165 3064 1193 3115 et
1221 3056 1426 3130 praedicationes
1440 3056 1639 3130 martyriorum,
1659 3066 1719 3116 tatu
1748 3058 1789 3115 iu-

130 3139 186 3196 buli
205 3140 398 3211 mediocritate,
415 3148 625 3218 respondisset:
649 3150 722 3219 Quid
754 3166 819 3223 erpo
845 3149 869 3189 ⁵¹
885 3148 936 3206 iaco
988 3157 1122 3215 turornm,
1137 3162 1217 3221 quam
1232 3164 1248 3205 a
1262 3148 1318 3204 lieo
1333 3146 1484 3204 mercedem
1500 3147 1681 3205 relatmorum
1703 3148 1793 3205 decu-

131 3228 194 3287 dem
207 3230 400 3307 incomperta
414 3234 439 3274 ⁵²
453 3239 603 3295 ceratam⁴³
618 3238 766 3297 bominum
784 3238 867 3309 (82)?
881 3240 931 3306 lla,
988 3244 1142 3294 currerunt.
1171 3237 1244 3302 Vide,
1259 3235 1347 3309 inquit
1364 3236 1448 3291 isaias
1473 3235 1561 3307 (tvvm,
1583 3235 1622 3304 ll,
1649 3236 1794 3310 quomodo
1824 3254 1827 3259 ·

130 3325 268 3402 inquitet
281 3330 507 3399 manducabant,
536 3335 662 3405 quoniam
678 3336 735 3390 baec
748 3335 773 3372 ⁵⁴
796 3332 862 3390 dicit
874 3334 930 3389 Do·
984 3328 1176 3399 perititiam.
1189 3328 1217 3384 ti
1231 3340 1313 3383 51555)
1321 3325 1429 3398 5555555
1439 3325 1520 3383 50555
1530 3345 1540 3394 t
1550 3330 1579 3384 55
1587 3327 1728 3398 oirijttsta'
1739 3341 1793 3385 55·

132 3417 222 3473 minus
243 3434 252 3475 ε
271 3419 307 3477 at
321 3422 576 3490 manducaverunt,
592 3428 621 3481 ct
635 3424 812 3499 reliquerant
827 3422 852 3461 55
865 3422 933 3478 reli·
986 3415 1132 3487 semitis,
1161 3418 1189 3470 0⁸
1225 3428 1307 3470 55550
1335 3411 1518 3472 condiderat·
1548 3411 1663 3481 Q⁴¹⁴⁴⁴⁴⁴¹0
1704 3413 1795 3488 555855

132 3509 224 3577 quius,
241 3509 390 3565 secundum
409 3509 512 3566 dictum
526 3510 646 3567 Domini.
662 3513 685 3569 0
702 3511 840 3568 Christum
860 3516 889 3567 et
905 3509 934 3564 in
988 3502 1041 3557 11⁰0
1054 3499 1095 3569 fil,
1109 3516 1190 3574 (15555
1205 3499 1432 3572 5555555555555
1447 3509 1603 3558 5555505555
1618 3500 1705 3572 51555
1731 3501 1793 3561 Uli·

133 3598 211 3654 novin
223 3597 364 3656 veteremi
380 3601 445 3655 Haec
455 3599 545 3671 itaque
560 3617 621 3672 quae
634 3600 660 3641 55
675 3599 777 3656 viderat
788 3599 894 3666 Petrus,
906 3605 936 3654 et
988 3589 1313 3665 que110¹⁴⁴⁴ffli¹0¹s⁴¹⁰0
1328 3589 1362 3646 55
1375 3590 1792 3665 555555158555555555(85),

133 3700 194 3741 oum
208 3685 329 3756 pecnnia
338 3696 517 3757 compararat,
534 3697 559 3745 et
574 3703 628 3745 non
644 3697 749 3745 nutam
772 3695 845 3744 retra
865 3686 936 3744 tacta
989 3680 1089 3737 sedilia
1107 3678 1224 3753 insignis
1237 3687 1263 3736 et
1278 3694 1327 3752 pro
1338 3678 1392 3737 fide
1408 3680 1532 3738 mittaris
1543 3701 1550 3748 t
1563 3681 1590 3738 in
1604 3698 1660 3755 qua
1670 3682 1717 3755 qui
1732 3683 1795 3739 ant-

135 3775 182 3833 sed
193 3783 219 3832 et
230 3775 256 3828 in
267 3774 387 3831 iuturum
396 3776 453 3845 jam
465 3786 528 3832 tunc
539 3776 729 3850 prophetantia
741 3782 937 3849 recognoverat
989 3787 1062 3827 mam
1076 3785 1154 3828 snam
1167 3779 1281 3843 propter
1294 3770 1380 3826 Deum
1395 3771 1493 3843 perdit,
1510 3782 1600 3829 servat
1613 3769 1686 3828 illam
1702 3789 1710 3827 z
1725 3778 1795 3829 utet

134 3859 311 3934 interroganti
340 3863 455 3921 Domino
477 3866 603 3936 quisnam
627 3866 682 3922 illis
709 3865 854 3931 videretur,
875 3881 936 3922 cum
990 3861 1035 3918 hic
1048 3867 1137 3918 tamen
1147 3859 1266 3930 judicem
1276 3859 1461 3935 adcognoscas
1472 3860 1508 3931 55,
1523 3860 1569 3935 qni
1578 3861 1680 3917 malum
1695 3862 1795 3919 animae

134 3967 185 4024 pro
198 3941 324 4008 omnibus
335 3951 526 4022 responderet:
551 3957 589 4012 Tu
603 3954 772 4013 anticristus
788 3954 858 4025 (83),
883 3968 935 4010 non
991 3952 1096 4008 lucrum
1114 3948 1265 4022 perditione
1279 3951 1352 4021 ejus,
1366 3958 1394 4006 et
1410 3951 1510 4008 bonum
1526 3951 1622 4008 anima
1641 3949 1794 4009 detrimen·

827 4081 923 4146 Variaa
938 4082 1092 4145 laedones.

170 4186 196 4227 ⁴⁶
217 4184 251 4242 iii
276 4184 362 4244 libert.
384 4188 407 4227 ⁴⁴
429 4187 549 4244 Tertium
563 4192 649 4245 Fron.
666 4190 732 4246 dan.
758 4189 784 4228 ⁴⁸
798 4186 929 4259 Quartum
947 4189 1034 4243 Fron.
1055 4185 1121 4240 iarn.
1143 4184 1166 4222 55
1181 4184 1214 4239 Et
1228 4183 1252 4239 si
1265 4183 1373 4240 tertiam
1389 4183 1511 4241 revolvas
1530 4185 1630 4242 Wonrn.
1645 4185 1672 4225 55
1687 4185 1795 4243 Decem

136 4259 220 4317 Senti.
236 4275 274 4315 ac
287 4259 562 4333 proect'squt'dasdom
572 4263 709 4334 coemptis
723 4265 751 4321 ct
765 4278 801 4320 cc
813 4259 937 4318 Ambrae.
950 4257 970 4313 i.
985 4273 1016 4311 vt
1031 4258 1164 4313 Hennam.
1179 4255 1202 4293 ⁵¹
1213 4255 1270 4325 ligo
1281 4257 1372 4313 Poris.
1389 4259 1476 4314 Fron..
1487 4256 1513 4295 ⁵⁴
1525 4257 1688 4328 inspectum
1704 4258 1795 4315 Semi.

135 4329 162 4370 55
175 4327 293 4389 iiillibua
318 4328 383 4388 add.
408 4334 486 4388 Pom.
503 4332 528 4371 ⁵⁴
542 4333 599 4390 lloc
615 4333 725 4390 Obertla.
753 4333 779 4371 ⁵⁵
792 4329 991 4388 Manducabunt
1016 4337 1044 4383 ct
1066 4326 1216 4399 relinquent
1231 4329 1316 4384 Semi.
1336 4327 1536 4385 manducabunt
1548 4335 1575 4384 et
1587 4326 1653 4384 relin
1676 4335 1752 4396 nent,
1768 4334 1795 4385 et

138 4402 368 4457 manducaverunt
381 4411 408 4457 et
426 4402 595 4474 reliquerant
609 4406 676 4462 inc.
690 4406 730 4461 sic
746 4402 831 4460 lxx.
847 4400 873 4443 55
886 4400 940 4471 Qui
958 4403 1044 4456 Fran.
1065 4399 1157 4456 Puris.
1173 4398 1197 4437 ⁵⁴
1212 4398 1273 4454 Nun
1287 4405 1377 4472 potest
1399 4413 1500 4458 novum
1515 4401 1612 4456 Latin.
1628 4399 1654 4438 55
1691 4396 1795 4456 romul-

137 4471 196 4545 μή
209 4472 249 4527 oi.
261 4472 286 4511 55
305 4472 359 4530 Sed
373 4472 438 4532 odd.
450 4477 542 4532 Paris.
558 4479 645 4535 Fran.
665 4477 691 4516 ⁰⁰
705 4476 859 4547 Cognosces
873 4475 953 4530 Pam.

841 4572 1092 4645 Commentarius.

139 4691 243 4743 motum
261 4683 374 4743 dicitas
397 4700 480 4758 opere
506 4683 569 4742 bovi
589 4682 696 4752 terenti,
712 4681 806 4741 cadem
824 4677 936 4737 honoris
952 4692 998 4772 fl·
1027 4675 1083 4746 (83)
1111 4675 1150 4731 Ta
1170 4688 1199 4730 cs
1229 4674 1367 4745 dirutas,
1382 4679 1433 4729 etc.
1449 4674 1563 4745 Propter
1589 4672 1795 4734 contaminabat

138 4756 267 4821 i'ormula,
282 4757 416 4827 quaturis
430 4765 555 4814 auctores
568 4755 661 4813 dixere
675 4762 830 4811 resumptas
847 4767 880 4809 ex
890 4753 938 4807 bo·
990 4743 1073 4813 551555,
1088 4743 1120 4799 Β·
1138 4746 1232 4801 Ρ55555
1247 4744 1463 4828 ,5555555555
1491 4751 1680 4839 wei-pm
1708 4760 1798 4819 55555

138 4827 181 4882 nis
194 4827 293 4885 marini,
303 4829 367 4884 nm,
990 4832 1070 4888 quam
1081 4822 1133 4870 stat
1150 4814 1271 4872 Ecclesua
1285 4816 1335 4871 Der
1358 4834 1364 4871 :
1381 4814 1459 4890 inlqtt
1472 4816 1545 4889 πέτρῃ
1560 4834 1635 4890 rcum
1650 4821 1696 4885 τῆς
1709 4818 1797 4891 dapa-

173 4898 230 4969 (ab)
246 4900 284 4954 De
297 4901 419 4979 pristino
442 4898 552 4955 scilicet
578 4911 665 4955 mora.
686 4894 820 4952 Nimirum
834 4892 936 4951 vetans
988 4887 1048 4971 lois
1058 4887 1161 4969 πῑπξωσ
1177 4886 1330 4960 οὒωδομήσω
1346 4907 1392 4961 μου
1406 4887 1448 4957 τὴν
1463 4887 1618 4958 'damaetam
1630 4895 1659 4944 ut
1672 4890 1797 4948 habeas,

138 4969 310 5024 manmena
327 4968 558 5026 carcasona.
574 4967 748 5026 stationae
766 4966 932 5041 septumo:
988 4960 1239 5029 Envrhtmasdaer·
1253 4960 1418 5045 assuere.
1609 5031 1616 5043 ,
1777 5031 1784 5044 ,

142 5060 154 5089 s
175 5038 263 5095 Percu
286 5039 338 5095 itur
368 5039 510 5097 benedicta
524 5039 650 5097 unctione
672 5038 706 5095 de
726 5037 842 5112 pristina
863 5034 943 5092 disci*
1031 5030 1087 5103 ibi)
1101 5031 1309 5113 Presbytertaet
1321 5032 1419 5089 serabis
1433 5035 1461 5088 et
1475 5029 1678 5114 acerdottbns.
1701 5030 1799 5089 aalma

139 5108 223 5181 plina,
240 5054 321 5166 sine
338 5119 381 5167 eet
390 5110 510 5180 judaia,
524 5110 589 5167 1110,
994 5104 1163 5176 presbyterae
1186 5109 1302 5159 retinere
1316 5118 1397 5175 quam
1412 5102 1473 5172 eius
1488 5117 1564 5159 vocts
1589 5102 1799 5174 interpretatio-

174 5180 231 5250 (bi)
243 5181 294 5238 Sed
301 5187 436 5239 sexcenta
449 5183 545 5238 suillis
555 5181 701 5239 inominata
713 5182 878 5255 protelavit.
886 5178 943 5236 lloc
967 5204 974 5211 ·
995 5190 1059 5230 uem
1072 5173 1211 5258 vulgarem
1238 5174 1402 5257 smiort'btts-
1423 5174 1508 5233 Porro
1530 5173 1723 5233 sacerdotidtu
1738 5188 1796 5261 1¹9¹

139 5260 191 5322 est,
208 5252 342 5309 macentia
356 5253 495 5333 bominum
510 5253 629 5310 millibus
641 5250 704 5310 vitae
726 5262 753 5309 et
781 5250 878 5307 virium
902 5258 941 5307 te-
996 5243 1190 5331 adeomrrviice
1204 5246 1461 5372 cumstttpqcfitov.
1476 5244 1551 5319 quod
1564 5246 1700 5319 vulgatus
1713 5261 1797 5319 pnit-

140 5339 232 5382 noran
242 5322 415 5384 mannum.
432 5322 719 5394 procurritprocurrit.
734 5324 797 5381 ltus.
996 5332 1070 5391 capas
1083 5315 1371 5375 sacrdotvmreddtt-
1408 5318 1487 5375 arn.

175 5394 232 5468 (tt)
251 5394 324 5467 Quid
336 5410 400 5468 erpo
412 5396 461 5453 boc
474 5395 538 5453 dam
552 5396 584 5453 in
597 5399 750 5536 camberia
763 5396 882 5453 centum
896 5392 942 5451 iao·
1031 5389 1089 5461 (bb)
1105 5389 1203 5462 Utique
1212 5389 1411 5473 cassianusc,
1423 5404 1474 5446 nac
1484 5389 1517 5448 dc
1526 5388 1711 5462 natareiepc
1720 5404 1798 5449 con·

140 5468 279 5524 aninam?
294 5468 325 5523 ln
339 5466 488 5540 exemplari
502 5466 600 5541 legitur
616 5484 649 5523 :a
685 5463 941 5540 nidergohocdem
995 5462 1101 5518 racab.
1132 5461 1194 5519 llaec
1221 5476 1276 5518 nou
1303 5460 1355 5518 alto
1383 5458 1481 5518 referri
1510 5469 1625 5533 possunt
1646 5476 1730 5543 quam
1758 5459 1796 5519 ad

141 5538 183 5594 ins
236 5549 264 5596 tu
278 5538 554 5597 ocutumhominum.
575 5559 588 5592 s
609 5536 788 5596 Scribandum
802 5535 939 5594 arbitror:
998 5547 1072 5615 «tea,
1095 5530 1163 5603 Quae
1180 5540 1224 5615 cst
1248 5531 1299 5588 ista
1316 5545 1390 5615 'nova
1415 5532 1562 5589 doctrina?
1587 5541 1712 5604 «utrque
1737 5546 1794 5615 nou

142 5629 161 5734 ἦ
167 5609 242 5733 'auid
252 5626 319 5682 erqo
333 5612 385 5670 boc
398 5610 469 5669 idam
482 5611 603 5684 inspectu
618 5617 729 5669 cantum
743 5608 908 5670 hominurn‘.⁴
926 5626 939 5661 s
995 5604 1262 5746 iiglezlixtifflffm
1284 5602 1388 5663 acdrcm
1409 5605 1508 5665 accde
1523 5611 1625 5663 uatnrn
1640 5616 1796 5664 commanis
