3840 6134
151 320 206 382 483

152 441 229 506 dlxit,
246 434 371 495 salutaria
384 446 444 490 esse
458 446 518 504 quse
533 434 699 501 praeceperat
718 424 949 496 prophetesCrea·

153 530 229 587 toris.
245 527 312 584 Com
327 538 392 579 vero
407 521 496 578 dicit:
518 520 596 576 l'crrr't
613 516 690 572 enim
711 515 803 570 Filios
827 515 947 570 hominis

152 618 263 674 saluum
281 616 376 685 fucere
389 607 461 682 quod
471 605 668 682 periit,⁵³‚jam
678 616 731 658 non
742 603 947 659 contendoeum

152 705 258 763 aenisse
276 709 306 756 ut
316 700 422 757 salvum
436 696 535 752 iaceret
549 693 621 763 quod
644 690 769 761 perierat,
785 690 862 760 cnjus
885 688 946 744 iue-

151 802 203 862 rat,
219 801 247 848 et
272 792 316 847 cui
336 787 451 861 perierat
470 782 544 856 qood
573 780 676 836 salvum
702 785 813 834 venerat
828 778 917 833 lacere
937 796 945 844 ;

150 883 199 938 sed
215 882 243 936 ln
258 878 369 935 alterius
383 871 541 948 quaestionis
555 868 669 943 pradum
682 865 780 938 dirIqo.
791 866 946 924 hohomine

151 973 196 1046 agi
210 972 285 1027 nulla
299 965 430 1025 dubitatio
445 971 496 1020 εει.
513 958 565 1017 nic
578 972 639 1015 etun
654 973 686 1012 ex
700 955 804 1011 duabus
822 956 945 1011 substan·

150 1061 195 1118 tiis
209 1065 322 1124 constet,
337 1066 492 1124 excerpere
510 1057 537 1106 ct
559 1047 672 1112 anima,
700 1045 874 1117 quaerendum
904 1053 944 1101 est

149 1166 183 1206 ex
209 1165 261 1221 qua
280 1143 438 1203 substantie
467 1139 557 1214 specie
586 1136 701 1210 periisse
720 1135 852 1192 rideatur.
869 1134 898 1189 Si
910 1149 943 1189 ex

149 1252 277 1306 corpore,
295 1248 361 1307 ergo
376 1247 477 1303 corpus
492 1227 618 1302 perierat,
633 1227 738 1282 saluom
766 1221 830 1278 facit
861 1220 944 1278 Filius

147 1325 265 1382 bominis
281 1339 289 1379 ε
305 1324 385 1378 habet
398 1320 482 1395 igitur
494 1324 521 1374 et
538 1330 602 1373 caro
626 1315 753 1373 salutern.
766 1311 794 1368 Si
810 1318 837 1367 et
855 1311 944 1366 anirna

148 1414 275 1487 perierat,
294 1411 390 1467 anime
405 1408 518 1480 perditio
532 1403 788 1460 salutidestinatnr:
808 1414 943 1472 caroque

147 1517 201 1558 non
229 1500 325 1573 periit,
350 1498 423 1554 salva
441 1502 495 1551 est.
528 1494 557 1549 Si
584 1501 656 1548 totus
675 1493 757 1546 homo
778 1489 894 1560 perierat
908 1505 942 1544 ex

147 1597 261 1661 utraque
275 1586 436 1654 substantia,
453 1592 526 1641 totus
548 1582 630 1637 horno
658 1581 746 1635 saluus
766 1577 815 1634 liat
831 1591 942 1632 necesse

146 1687 202 1750 est;
218 1688 245 1735 et
258 1677 326 1735 elisa
348 1684 389 1732 est
415 1673 548 1729 sententia
575 1667 761 1724 hereticorum
784 1665 941 1739 negantium

145 1767 234 1825 camis
254 1767 377 1823 salutem.
391 1764 451 1817 lam
478 1767 505 1814 et
532 1757 652 1814 Christus
676 1753 810 1809 Creatoris
838 1753 942 1808 confir-

148 1864 246 1920 matur,
258 1853 304 1924 qui
318 1849 468 1907 seeundum
483 1846 636 1901 Creatorem
651 1842 733 1899 totius
744 1840 860 1898 hominis
874 1843 942 1898 salu·

151 1952 205 2002 tem
219 1944 244 1982 ⁵⁴
258 1941 444 2013 pollicebatur.
461 1938 611 1994 Servorum
626 1947 733 2006 quoque
748 1932 883 2002 parabola,
894 1932 941 2004 qui

144 2031 297 2088 secundnm
320 2028 451 2085 rationem
478 2025 616 2081 loeneratae
646 2021 766 2096 pecuniae
798 2021 940 2078 dominicae

144 2120 346 2191 dijudicantur,
369 2117 491 2187 judicem
517 2114 637 2170 ostendit
665 2113 749 2168 [loom
766 2153 773 2177 ,
793 2111 874 2167 etiam
906 2128 940 2168 ex

144 2217 221 2282 parte
235 2206 398 2277 severitatIs,
418 2221 471 2261 non
502 2212 603 2260 tantum
627 2203 818 2267 honorantem,
848 2217 940 2257 verum

143 2306 169 2355 et
184 2298 349 2354 auferentem
368 2295 440 2366 qnod
467 2293 528 2365 quis
555 2293 677 2348 videatur
697 2289 831 2346 hahuisse.
846 2289 902 2344 Ant
917 2288 939 2343 si

144 2397 171 2447 et
189 2388 233 2443 hie
248 2387 403 2441 Creatorem
422 2381 530 2438 fiarent
548 2389 684 2436 austerum
707 2377 846 2434 tollentem
865 2380 938 2449 quod

143 2492 197 2534 non
212 2475 344 2551 posuerit,
369 2484 395 2529 ει
413 2479 555 2527 metentem
575 2470 645 2540 quod
667 2484 722 2524 non
744 2467 866 2522 severit:
895 2467 939 2523 hic

142 2581 249 2637 quoque
265 2563 369 2619 maille
391 2559 509 2628 instruit,
526 2560 604 2628 cujus
632 2556 774 2629 pecuniam
799 2564 827 2610 ut
851 2554 940 2612 Ioene·

144 2669 203 2711 rem
217 2656 323 2712 edocet.

396 2790 510 2850 CAPUT
536 2787 692 2846 XXXVIII.

178 2921 286 2979 Sciebat
300 2920 421 2977 Christus
434 2917 575 2989 baptismo
588 2915 707 2971 loannis
723 2912 939 2985 (Iuc.xx)undc

142 3017 212 3070 esset
234 3018 283 3078 ,et
297 3026 346 3067 cur
369 3006 445 3080 quasi
463 3005 586 3062 nesciens
609 3004 814 3076 interrogabat?
833 3003 940 3059 Sciebat

140 3116 196 3158 non
212 3113 388 3172 responsuros
402 3097 453 3152 sibi
468 3094 627 3160 Phanaeus,
642 3101 729 3150 etcur
743 3094 842 3150 frustra
857 3094 937 3149 inter·

140 3189 254 3263 rogabat
268 3189 282 3244 i
297 3191 338 3242 An
352 3193 382 3243 ut
391 3201 423 3242 er
434 3183 607 3256 oreipsorum
615 3183 750 3253 iudicaret
762 3182 835 3248 illos,
850 3182 893 3237 vel
904 3198 937 3237 ex

139 3281 222 3337 corde
236 3279 250 3334 t
266 3278 344 3333 lleier
358 3290 425 3349 ergo
440 3275 538 3330 ethaeo
552 3274 585 3327 ad
602 3271 805 3329 excusationem
827 3271 938 3327 Creato-

139 3368 187 3435 rIs,
203 3375 230 3425 et
246 3368 280 3423 ad
294 3365 524 3438 comparationem
538 3361 636 3417 Christi
653 3380 661 3428 ;
681 3368 709 3414 et
727 3359 868 3415 considera
879 3360 937 3428 jam

138 3457 204 3532 quid
220 3463 377 3514 secuturum
391 3459 476 3520 esset,
489 3452 512 3506 si
526 3449 593 3523 quid
607 3449 733 3504 Pharisaei
744 3451 776 3505 ad
785 3448 937 3522 interroga-

138 3547 240 3603 tionem
252 3543 460 3602 renuntiassent.
473 3537 780 3595 Putaillosrenunriasse
789 3539 937 3593 humanum

498 297 722 364 statuellam
740 295 875 362 oreada
894 296 977 358 PARS
996 297 1029 358 ll.
1048 327 1085 343 -
1103 298 1217 361 sanias
1237 299 1257 367 Ι,
1278 291 1448 362 contuita.

1744 303 1798 364 tal

963 424 1108 516 prosam,
1134 426 1315 498 increpaturus
1334 426 1407 499 quod
1435 441 1488 483 non
1511 426 1712 499 credidissent,
1736 432 1800 501 ejus

1001 521 1059 568 erat
1090 514 1170 583 cnjus
1195 523 1395 570 sacramentum
1427 516 1543 572 Ioannes
1570 517 1796 589 administrabat,

1001 602 1079 659 Certe
1095 602 1246 659 nolentibus
1268 602 1421 658 renuntiare
1447 603 1511 675 qnid
1532 612 1667 676 saperent,
1692 621 1756 662 cum
1771 619 1798 661 et

1000 689 1060 762 ipse
1075 691 1162 746 ricem
1178 690 1301 763 opponit.
1325 694 1362 748 lit
1376 707 1423 763 epo
1446 709 1505 750 uera
1519 693 1579 749 dico
1595 693 1669 751 nobb
1687 697 1719 750 in
1743 711 1798 768 quo

999 781 1173 836 virtuteltoec
1186 779 1282 852 facim
1296 779 1453 852 malumpro
1469 782 1538 837 malo
1544 781 1632 838 reddit
1640 783 1798 847 vecordiae

1001 884 1063 940 qum
1087 869 1203 926 deseris
1227 870 1341 938 Cereri,
1366 875 1468 940 etque
1485 874 1555 926 sunt
1573 872 1623 928 Dei
1647 873 1709 929 Dee.
1730 868 1797 939 Quae

999 963 1079 1010 erunt
1092 956 1140 1010 Dei
1155 956 1168 1010 l
1187 953 1253 1023 Quae
1268 955 1368 1011 similia
1380 965 1444 1013 sunt
1457 957 1567 1014 denario
1582 959 1708 1026 Caesaris,
1734 960 1799 1016 ima-

1001 1059 1037 1117 go
1052 1043 1156 1100 seilicet
1174 1054 1201 1099 et
1213 1043 1358 1100 similitudo
1373 1045 1445 1114 ejus.
1464 1046 1607 1104 Hominem
1621 1047 1705 1121 rqitnr
1720 1049 1797 1105 reddi

995 1133 1073 1200 jubet
1088 1133 1217 1197 Creatori,
1234 1133 1262 1188 ln
1285 1133 1363 1203 cuius
1386 1133 1503 1206 imagine
1529 1142 1555 1192 et
1577 1135 1751 1193 similitudine
1768 1146 1796 1193 et

998 1219 1107 1277 nomine
1122 1222 1272 1278 etmateria
1286 1236 1430 1292 expressus
1453 1231 1505 1279 est.
1520 1224 1629 1293 Quaerat
1656 1223 1710 1280 sibi
1739 1242 1796 1281 mo-

997 1318 1087 1365 nctam
1101 1309 1174 1366 Deus
1193 1308 1348 1366 llarcioois.
1368 1309 1491 1367 Christus
1517 1312 1657 1369 denarium
1676 1314 1796 1370 bominis

996 1413 1046 1454 suo
1061 1399 1162 1454 Casani
1175 1398 1252 1468 jubet
1267 1397 1353 1462 reddi,
1373 1414 1427 1455 non
1446 1401 1536 1457 alieno
1553 1418 1562 1469 ;
1578 1401 1632 1458 uisi
1647 1404 1719 1476 quod
1749 1419 1795 1460 ne-

996 1501 1072 1544 cesse
1083 1494 1123 1543 est
1137 1485 1183 1558 qui
1197 1502 1277 1543 suum
1295 1486 1434 1543 denarium
1456 1503 1511 1544 non
1532 1489 1612 1546 habet
1628 1492 1696 1561 (57).
1718 1492 1795 1548 tosta

996 1583 1022 1632 et
1035 1577 1118 1650 digna
1131 1574 1298 1647 praescriptio
1314 1583 1355 1631 est
1372 1576 1399 1631 in
1421 1579 1496 1633 omni
1510 1579 1660 1649 quaestione
1673 1580 1708 1635 ad
1736 1596 1797 1651 pro·

995 1664 1115 1737 positum
1143 1664 1362 1738 interrogationis
1390 1667 1524 1739 perticere
1555 1668 1655 1724 debere
1682 1684 1795 1725 sensum

996 1753 1189 1824 responsionis.
1205 1754 1339 1809 Caeterum
1355 1793 1362 1825 ,
1378 1754 1451 1810 aliud
1475 1756 1636 1828 consulenti,
1652 1756 1726 1812 aliud
1754 1774 1795 1814 re·

996 1840 1130 1915 spondere
1141 1840 1273 1898 dementis
1285 1852 1334 1900 est.
1351 1841 1412 1910 Quo
1434 1844 1522 1917 magis
1536 1845 1607 1901 absit
1634 1861 1650 1901 a
1671 1845 1794 1913 Christo,

982 1931 1066 2003 φοι
1083 1948 1117 1988 ne
1130 1930 1232 1989 heulini
1249 1929 1358 2003 quidem
1376 1931 1515 1989 convenit!
1534 1933 1674 1990 Saddncaei
1694 1951 1794 1993 resur·

995 2019 1127 2076 rectionis
1156 2024 1314 2092 repeteres,
1334 2019 1369 2075 de
1383 2036 1415 2075 ea
1442 2021 1573 2078 habentes
1599 2021 1796 2094 interrogatio·

996 2123 1070 2176 uem,
1085 2108 1409 2181 proposuerantoemino
1428 2109 1536 2182 exlege
1560 2110 1701 2166 materiam
1729 2128 1794 2167 mu-

994 2193 1093 2263 lieris,
1121 2212 1182 2268 qnae
1201 2206 1303 2265 septem
1332 2194 1462 2253 fratribus
1480 2212 1513 2252 er
1536 2197 1630 2253 ordine
1657 2197 1794 2255 defunctis

995 2285 1144 2343 secundom
1163 2294 1327 2355 praeceptam
1354 2285 1439 2358 legale
1471 2286 1617 2358 nupsisset,
1633 2287 1712 2356 cuius
1742 2287 1793 2345 viri

995 2373 1147 2446 deputanda
1160 2373 1274 2430 essetin
1301 2375 1511 2434 resurrectione.
1538 2376 1603 2431 llaec
1624 2375 1675 2432 luit
1703 2384 1792 2433 mate-

993 2463 1034 2520 ria
1061 2462 1237 2535 questionis,
1262 2463 1320 2518 haec
1341 2464 1490 2520 substantia
1512 2464 1731 2522 consultationis.
1749 2465 1794 2523 dd

993 2554 1046 2611 hoc
1068 2553 1243 2624 respondisse
1262 2553 1400 2610 Christum
1427 2571 1538 2612 necesse
1561 2565 1612 2611 est.
1647 2557 1793 2612 Neminem

994 2641 1091 2710 tInruit,
1107 2650 1138 2698 nt
1166 2641 1329 2714 questiones
1356 2651 1401 2698 ant
1424 2644 1573 2700 declinasse
1595 2644 1729 2712 rideatur,
1746 2653 1793 2703 aut

993 2748 1041 2803 per
1060 2730 1232 2788 occasionem
1246 2748 1350 2798 earnm,
1362 2733 1434 2803 quod
1451 2734 1521 2788 alias
1537 2733 1622 2805 palam
1636 2748 1691 2790 non
1705 2735 1792 2791 doce·

993 2821 1039 2876 bat
1067 2821 1279 2877 subostendisse.
1300 2821 1449 2893 Respondit
1463 2822 1554 2896 igitur,
1576 2824 1660 2895 brejas
1674 2823 1793 2897 qaidcm

993 2912 1046 2967 oeni
1063 2911 1137 2980 filios
1160 2910 1273 2968 nubere.
1295 2911 1375 2967 Vides
1394 2927 1475 2983 qnam
1488 2913 1651 2981 pertinenter
1672 2913 1708 2970 ad
1725 2929 1792 2970 cau·

994 3015 1062 3056 sam.
1076 3000 1144 3070 Quia
1158 3001 1191 3056 de
1205 3015 1264 3058 arvo
1277 3008 1390 3057 uenturo
1405 3003 1583 3074 quaerebatnr,
1613 3001 1641 3057 in
1660 3017 1716 3074 qno
1738 3020 1791 3060 ne-

958 3074 981 3156 0
995 3091 1092 3146 minem
1107 3089 1211 3146 nubere
1227 3089 1386 3146 definiturus
1400 3090 1434 3157 55,
1447 3090 1607 3161 praestruxit,
1624 3091 1792 3164 lricquidem

991 3181 1067 3247 nubi,
1082 3180 1129 3236 ubi
1142 3181 1176 3237 sit
1191 3189 1218 3236 et
1231 3182 1301 3236 mori
1319 3198 1326 3246 ;
1343 3198 1409 3254 quos
1423 3197 1487 3240 vcro
1506 3182 1639 3254 dipeotus
1656 3183 1694 3238 sit
1716 3184 1791 3241 Deos

991 3271 1075 3326 itlius
1096 3271 1148 3326 εει·
1167 3270 1339 3341 possessione
1360 3274 1388 3326 et
1402 3273 1608 3328 resurrectione
1622 3287 1640 3326 a
1653 3273 1788 3339 mortuis,

990 3376 1081 3434 raeque
1095 3358 1208 3424 nederc,
1220 3373 1309 3432 neque
1322 3359 1410 3429 nudi3
1428 3361 1495 3432 quio
1508 3376 1560 3416 rrec
1573 3361 1711 3417 irrerituri
1720 3363 1788 3433 jom

990 3452 1061 3516 sirit,
1076 3464 1142 3506 cum
1151 3450 1257 3505 similes
1267 3450 1433 3520 eupatorem
1447 3453 1507 3507 siet
1524 3449 1559 3517 ⁵⁹,
1582 3451 1631 3506 Dei
1645 3454 1673 3507 et
1687 3466 1789 3508 resar-

990 3540 1124 3598 rectr'om's
1138 3537 1193 3608 filii
1207 3539 1291 3609 secti.
1306 3537 1374 3592 Cum
1389 3537 1473 3609 igitur
1490 3554 1587 3594 sensus
1601 3539 1790 3610 responsionis

137 3636 249 3695 Ioannis
258 3634 402 3704 baptisma,
416 3631 505 3686 statim
516 3627 650 3700 lapidibus
658 3626 719 3683 elisi
729 3625 852 3683 luissent.
863 3633 937 3690 Exsi.
989 3646 1044 3687 non
1059 3629 1093 3683 ad
1109 3627 1179 3682 allud
1194 3626 1229 3682 sit
1255 3626 1412 3697 dirigendus
1428 3669 1436 3695 ,
1451 3645 1533 3700 quam
1555 3632 1588 3685 ad
1616 3631 1788 3700 propositum

137 3734 220 3784 steret
234 3723 315 3792 aliqui
332 3724 448 3776 Marcion
463 3719 488 3756 55
502 3719 561 3788 (56)
575 3716 704 3771 adversus
713 3717 936 3797 llarciqnem,qut
988 3717 1226 3789 interrogationis3
1243 3718 1264 3773 si
1275 3718 1416 3773 hocsem
1426 3719 1619 3790 responderis,
1628 3718 1712 3778 451
1726 3739 1789 3795 pm.

139 3811 226 3870 ebat
243 3809 362 3864 diecret:
378 3806 401 3861 0
416 3807 502 3860 Deum
512 3806 643 3876 optimam
656 3804 687 3860 lo
698 3807 785 3861 Deum
799 3807 936 3866 diversum
984 3810 1106 3886 positum
1120 3807 1267 3863 absolvitur
1282 3807 1507 3885 iuterrogationis,
1524 3824 1577 3866 non
1593 3811 1618 3850 55
1631 3813 1707 3869 aliud
1732 3830 1787 3871 res·

137 3896 304 3958 aCreatoris
318 3892 470 3964 exemplis!
489 3892 583 3948 Sciens
607 3907 727 3964 preceps
741 3894 826 3953 ituros
845 3898 934 3954 homi.
989 3898 1084 3973 ponsio
1092 3896 1198 3952 Domini
1214 3896 1292 3967 sapit,
1303 3912 1383 3969 qnam
1405 3914 1459 3969 qno
1488 3901 1601 3970 questio
1624 3902 1785 3960 absolvitur.

137 4005 195 4055 nes,
208 3984 337 4059 ipscillos
351 3983 378 4038 in
398 3989 561 4054 praeruptum
575 3982 601 4020 55
628 3981 766 4053 imposuit.
790 3987 833 4043 Sic
862 3987 934 4045 enim
988 3989 1076 4046 Habes
1096 3995 1123 4042 et
1141 3993 1262 4057 tempora
1281 3985 1473 4057 permissarum
1487 3996 1513 4044 et
1535 3997 1694 4063 negatarum
1709 4008 1787 4063 nup·

136 4078 210 4136 etde
225 4077 362 4139 Crantore,
378 4071 406 4126 in
432 4071 536 4126 arboris
559 4070 631 4145 lege,
655 4079 792 4130 tractatur.
821 4075 874 4132 Sed
901 4079 935 4134 de
987 4078 1094 4142 tiaram,
1109 4091 1163 4132 non
1178 4091 1211 4131 ex
1236 4090 1286 4130 sua
1307 4076 1425 4148 propria,
1451 4078 1497 4133 sed
1525 4094 1557 4134 ex
1577 4082 1787 4139 resurrectioni,

49 4185 51 4190 ¹
136 4165 211 4225 coelis
226 4164 276 4222 luit
291 4161 426 4234 baptisma
437 4158 558 4216 Ioannis.
574 4162 609 4217 m
628 4176 739 4235 querc,
756 4162 842 4238 inquit
859 4166 934 4223 Chri·
987 4167 1144 4241 questione.
1161 4166 1249 4222 Habes
1264 4174 1291 4221 et
1304 4165 1389 4236 ipsius
1405 4168 1609 4226 resurrectionis
1633 4170 1785 4227 confirma-

135 4265 193 4316 atos
219 4273 278 4316 aea
304 4252 461 4314 credidistis
476 4250 528 4310 ei?
550 4252 625 4327 Ergo
650 4254 698 4327 qni
712 4257 787 4312 credi
815 4261 933 4318 voluerat
988 4263 1100 4333 honam,
1123 4267 1151 4319 et
1173 4269 1260 4318 totum
1274 4259 1346 4334 quod
1371 4261 1512 4319 Sadducaei
1526 4263 1583 4335 (58)
1608 4261 1785 4321 sciscitaban-

396 4428 413 4455 Ο

831 4387 929 4456 Variae
943 4395 1100 4459 lectiones.

171 4517 196 4561 ⁵³
211 4519 332 4577 Perierat
352 4519 392 4579 al.
408 4518 432 4558 55
448 4517 567 4600 Salatem
583 4515 660 4575 abest
675 4519 736 4600 liip.
752 4518 778 4558 55
790 4521 896 4594 Aliquis
904 4526 1025 4583 llarcion
1040 4526 1125 4585 Semi.
1140 4523 1222 4596 aliqui
1235 4521 1378 4579 Marcionis
1393 4522 1486 4580 leuet.
1507 4520 1532 4562 55
1546 4520 1783 4595 Praerupiumms.

134 4589 160 4633 55
169 4592 269 4651 llalnm
284 4591 385 4648 malum
399 4590 516 4648 reddidit
530 4593 611 4648 Pom.
626 4589 652 4627 55
665 4589 834 4649 Drltiniturus
847 4598 888 4655 at.
902 4595 927 4636 ⁵⁹
940 4599 1020 4656 Fiant
1033 4599 1119 4657 Semi.
1133 4595 1159 4636 ⁶⁰
1176 4599 1212 4650 m
1226 4594 1290 4651 edd.
1305 4593 1369 4652 otii.

832 4718 1082 4788 Commentarius.

159 4824 229 4895 ,(56)
239 4825 380 4881 Εαίειενει
395 4823 486 4896 aliqui
502 4825 636 4893 llarciort,
648 4825 677 4881 id
691 4835 741 4895 est,
762 4827 785 4883 si
804 4842 898 4900 emerg
914 4859 929 4870 -

132 4895 357 4959 retexeriretur,
386 4904 554 4968 exsurgeret.
571 4897 618 4957 Sin
645 4899 718 4955 enim
742 4900 794 4956 hoc
816 4900 930 4957 verbum

131 4966 215 5095 {2¹}ss
229 4964 386 5022 Ciceronem
408 4965 763 5037 interpretatnr⁸dsconius
785 4971 929 5028 PedIanus.

168 5109 226 5180 (aa)
243 5109 304 5164 Nisi
317 5109 389 5182 qood
398 5126 508 5169 necesse
523 5118 563 5169 cst
580 5156 587 5181 ,
603 5116 654 5187 qui
674 5131 759 5172 suum
778 5113 931 5172 denariam

131 5197 189 5242 aaa
209 5181 301 5260 babet.
330 5182 448 5238 Necesse
472 5191 525 5252 est,
554 5185 643 5257 inquit
671 5185 829 5257 Septimius,
854 5201 930 5256 qute-

132 5269 173 5315 εει
188 5253 239 5308 sihi
254 5261 391 5308 monetam
415 5254 484 5309 deus
498 5256 652 5324 Marcionis,
682 5256 728 5328 qui
747 5272 827 5311 sunm
845 5257 930 5313 dena·

131 5327 202 5386 rium
226 5339 280 5381 non
309 5325 399 5382 babet.
418 5324 529 5395 Quaerat
557 5327 607 5382 sibi
635 5327 773 5382 hominem
799 5327 928 5392 alienum,

130 5401 177 5531 (ὲυί
192 5395 296 5454 uallum
307 5396 388 5455 habet
401 5413 493 5470 snum,
507 5398 553 5470 qui
568 5396 673 5454 nullum
696 5397 799 5454 seilicet
816 5397 926 5456 crearit.

156 5490 194 5530 rc.

165 5547 224 5623 (tta)
239 5542 387 5608 sadducei
405 5541 790 5616 resurrectionisucpctores.
810 5542 929 5617 Epipha-

128 5617 191 5675 nius
214 5624 296 5697 μιαν,
327 5616 374 5687 ιι)
404 5631 411 5673 :
440 5611 576 5687 ‘lilirqaar
606 5611 650 5692 pia
681 5613 729 5692 γὰρ
747 5608 815 5674 οὗτοι
837 5621 927 5694 tupris

946 4830 1027 4922 nris
1056 4824 1206 4891 ἀνάστασιν,
1230 4825 1302 4897 dpma
1327 4824 1491 4900 Σαμαρείταις
1512 4830 1675 4900 eporediam:
1705 4843 1784 4887 mor-

985 4906 1101 4960 tuorum
1111 4899 1189 4956 cuim
1197 4899 1435 4956 resurrectionem
1448 4902 1600 4971 peperunt,
1611 4899 1709 4958 eodem
1714 4917 1783 4959 com

985 4972 1137 5030 mmeritis
1172 4971 1335 5027 sentiemes.
1359 4970 1454 5042 Neque
1480 4979 1584 5028 tantum
1606 4974 1783 5032 ressurectio-

983 5059 1055 5110 nem,
1072 5040 1215 5098 sedetiam
1234 5039 1331 5096 animae
1344 5040 1572 5098 immortalitatem
1598 5043 1783 5118 sustulerunt,

984 5122 1014 5171 ot
1029 5122 1140 5171 testatur
1151 5112 1294 5184 Iosephus,
1308 5114 1404 5189 Antiq.
1422 5113 1486 5171 lud.
1504 5113 1560 5184 llib.
1576 5117 1694 5170 xvirali
1718 5116 1780 5172 Do-

983 5185 1068 5243 sitheo
1094 5193 1270 5257 propagatam
1292 5183 1378 5240 luisse
1397 5194 1455 5241 tum
1483 5183 1705 5254 Sadducaeorum,
1722 5196 1781 5242 turn

982 5256 1212 5313 Samaritanorum
1228 5255 1342 5311 haeresin
1356 5256 1435 5313 docet
1448 5258 1479 5313 Β.
1501 5255 1587 5324 iliam,
1602 5257 1676 5314 latet.
1706 5275 1780 5317 corr-

983 5333 1031 5386 ινα
1049 5331 1141 5400 Iaces,
1157 5345 1164 5383 :
1181 5348 1193 5380 α
1210 5328 1307 5397 Taceo,
1322 5326 1421 5400 inquit,
1438 5327 1472 5383 de
1486 5327 1616 5383 ludaismi
1631 5329 1779 5403 haereticis,

981 5400 1103 5472 quiante
1117 5400 1261 5456 adrentum
1282 5398 1381 5455 Christi
1402 5400 1490 5473 legem
1517 5399 1642 5454 traditam
1662 5399 1781 5472 dIssipa-

982 5480 1066 5543 mnt3
1101 5473 1173 5543 qnod
1196 5469 1364 5539 Dositheou,
1385 5471 1618 5527 Samaritanorum
1637 5471 1779 5555 princeps,

981 5544 1126 5627 prophetas
1159 5542 1309 5616 repudiarit
1333 5582 1342 5615 ,
1368 5544 1442 5615 qood
1475 5542 1617 5600 Sadducaei
1643 5559 1677 5599 ex
1705 5545 1781 5603 ilhus

981 5616 1073 5679 radice
1099 5618 1241 5679 nmcentes
1255 5614 1336 5675 ctiam
1352 5615 1576 5679 resurrectionem
1588 5616 1679 5675 carnis
1693 5632 1780 5695 nega·
