3840 6134
128 302 194 365 rior
575 308 578 313 ⁴
710 357 712 361 ,
750 303 919 368 sormunt
937 306 960 369 t.
978 338 1015 353 -
1031 308 1172 371 soooui.
1709 316 1776 379 ricc
1834 297 1839 303 ’

126 430 261 502 Tempore
275 445 337 486 mou
353 445 408 503 quo
422 428 466 485 lux
481 429 608 486 tenebras
622 429 808 489 conscendere
832 441 925 501 tentat,
941 449 966 531 Α
982 434 1109 493 Protinus
1123 452 1156 493 ex
1170 451 1230 494 sese
1244 445 1374 510 suggestu
1388 438 1504 495 vulnera
1518 441 1646 513 complet.

127 521 161 577 Bt
175 520 281 579 bicolor
293 521 357 579 coeli
371 521 455 578 facies
468 521 504 577 de
517 530 595 579 noete
607 521 708 599 dicque
719 532 769 590 est,
982 524 1086 582 Dicitur
1098 535 1126 581 et
1140 523 1233 582 vivens
1247 525 1299 581 alio
1313 528 1369 595 jam
1384 541 1509 599 corpore,
1526 544 1607 586 sexus

127 611 266 666 lostabent
279 611 396 681 juvenes
412 610 565 668 Cbaldaam
579 610 696 669 educere
715 621 824 684 gentem
982 612 1125 671 llunificos
1139 613 1218 670 solito
1232 614 1398 687 dispungere
1412 616 1545 690 sanguine
1561 634 1679 677 menses.

127 699 167 754 Ex
184 698 322 765 Sodomis,
333 699 494 771 Justamqne
513 700 626 755 domum
641 700 744 758 donare
758 701 835 759 saluti
853 722 858 758 :
982 704 1121 775 Nusquam
1137 703 1464 777 suntSodomi,nusquam
1476 705 1581 761 illorum
1594 706 1677 780 impia
1687 710 1778 769 lucent

127 789 186 852 Eia,
203 803 263 863 age,
280 789 340 858 Lot,
360 804 479 863 exsurge
495 796 621 861 tuamque
639 790 753 848 adsume
765 791 892 865 iugalem,
982 792 1080 850 lloenia
1092 809 1165 862 ;cum
1177 792 1396 849 doniinisdomus
1406 793 1495 850 omnis
1509 794 1588 867 inops
1598 797 1634 853 ite
1645 815 1775 873 nusquam

127 885 162 941 iit
176 891 252 939 netes
266 882 398 954 duplices,
414 891 493 956 atquc
507 885 571 943 hinc
584 886 747 944 exterminus
760 886 809 944 ito.
982 884 1051 940 Tota
1063 899 1146 956 rogus
1159 882 1235 953 regio
1249 893 1290 940 est
1305 928 1313 954 ,
1333 884 1396 941 hinc
1409 890 1469 939 atro
1482 885 1593 941 horrore
1607 885 1715 956 favilla,

127 970 453 1028 PraevenicnsSodomnm
468 987 561 1042 poenas
575 973 709 1045 (manibus
722 974 931 1048 quoquejamicis
981 971 1103 1044 llincque
1116 971 1169 1028 situ
1179 987 1247 1029 cano
1260 971 1364 1030 cineres
1378 973 1502 1030 incendia
1516 973 1634 1049 signant.

128 1060 283 1117 Producunt
299 1060 433 1133 trepidos)
449 1068 529 1135 utque
538 1062 598 1118 lvaec
613 1062 659 1118 tibi
673 1072 771 1120 caetera
783 1064 900 1132 meudo,·
982 1061 1087 1120 Occidit
1100 1060 1147 1117 illa
1165 1062 1242 1134 prior
1255 1060 1381 1117 feritas⁶³
1390 1077 1471 1132 quam
1486 1063 1654 1138 prospiciens
1667 1065 1727 1133 Lot,

129 1151 224 1217 Serva,
240 1150 299 1221 Lot,
317 1151 444 1220 animem,
461 1166 496 1206 ne
510 1149 596 1208 visum
612 1151 640 1206 in
660 1159 734 1226 terga
744 1163 893 1210 retrorsum
981 1149 1077 1205 Nullus
1091 1157 1148 1206 arat
1162 1149 1261 1205 frustra
1272 1150 1360 1220 piceas
1370 1147 1482 1223 fuligine
1497 1149 1601 1225 glebas.

129 1238 242 1296 Vertere
258 1237 325 1296 forte
339 1238 417 1310 velie,
432 1248 550 1311 coeptum
563 1240 606 1297 vel
622 1240 717 1296 sistere
731 1257 862 1313 gressum.
924 1237 928 1243 '
982 1237 1195 1311 semiperempta
1208 1239 1288 1295 eriam
1304 1238 1327 1293 si
1337 1255 1392 1312 que
1409 1238 1464 1295 illie
1475 1241 1575 1313 jugera
1588 1240 1664 1299 laetos
1713 1270 1714 1275 κ

128 1330 158 1382 ln
168 1335 288 1383 montem
303 1343 427 1400 propera.
444 1327 548 1386 Timuit
565 1331 615 1385 Lot
626 1330 711 1385 ardna
721 1331 797 1387 turdo
981 1328 1108 1386 Autumni
1118 1338 1248 1386 conantur
1261 1344 1337 1400 opes,
1358 1327 1435 1385 facile
1448 1331 1550 1400 optime
1563 1346 1626 1387 sese

128 1416 255 1488 Ereptare
278 1433 373 1490 granu,
389 1417 514 1474 coelestes
528 1435 563 1476 ne
577 1420 654 1492 prius
668 1420 715 1475 irae
982 1419 1148 1476 Promittunt
1166 1418 1264 1485 oculis,
1279 1419 1349 1491 pire,
1362 1419 1477 1489 persica,
1488 1426 1516 1477 et
1529 1420 1620 1476 omnia
1638 1423 1716 1489 mala,

129 1503 333 1580 opprimerent,
348 1506 415 1562 alios
429 1506 514 1577 igitur
528 1507 678 1580 deposcere
692 1515 786 1579 portus
980 1506 1074 1564 Donec
1088 1515 1253 1577 carpuntur;
1268 1523 1329 1562 nam
1343 1507 1466 1580 protinus
1480 1507 1568 1566 indice
1583 1518 1683 1566 tactum

128 1594 304 1666 Adgreditur,
324 1611 433 1667 parvam
447 1613 527 1670 quam
545 1605 641 1653 contra
661 1605 802 1669 aspexerat
819 1598 925 1660 urbem.
980 1594 1099 1654 Solvitur
1112 1595 1140 1650 in
1154 1595 1282 1661 cinerem,
1297 1595 1326 1652 lit
1339 1612 1408 1653 vana
1423 1596 1566 1670 favillaque
1581 1613 1693 1669 pomum
1706 1599 1742 1655 66.

128 1679 197 1753 Ηυο,
212 1682 309 1754 inquit,
326 1684 460 1741 contendo
474 1684 564 1758 fugas,
579 1683 624 1741 vir
643 1687 783 1744 moenibus
800 1687 826 1727 66
838 1700 926 1748 exstat
981 1682 1028 1741 Sic
1042 1684 1127 1758 igitur
1141 1684 1210 1741 coelo
1225 1685 1326 1757 pariter
1338 1694 1465 1757 terraque
1478 1686 1604 1758 repullit,

128 1771 187 1826 Nec
200 1773 350 1845 longanae
358 1787 466 1847 magna.
482 1773 523 1828 lili
532 1771 622 1830 favere
636 1775 739 1845 petenti
753 1775 788 1844 ⁶¹,
943 1734 966 1813 B
980 1774 1035 1829 Nec
1049 1788 1125 1831 mare
1150 1774 1218 1833 vixit
1231 1774 1278 1840 ibi,
1293 1788 1366 1830 mors
1380 1785 1423 1831 est
1435 1774 1518 1831 maris
1532 1773 1577 1829 ille
1590 1774 1685 1848 quieti,

131 1857 210 1915 Urbis
225 1858 347 1930 etipsius
361 1860 459 1932 pariter
478 1876 586 1935 gessere
601 1863 725 1920 salutem.
981 1860 1061 1932 Quod
1074 1862 1165 1919 nullos
1175 1862 1273 1920 animat
1284 1861 1309 1901 ⁶⁵
1323 1878 1372 1936 per
1383 1862 1480 1918 anhela
1490 1861 1629 1919 volumina
1638 1862 1778 1930 fluctns⁶⁵;

130 1944 197 2000 Inde
212 1946 299 2018 Segor
309 1947 385 2005 vico:
405 1965 505 2006 nomen
519 1965 570 2007 vox
583 1951 699 2007 barbara
709 1951 793 2010 novit.
982 1950 1115 2024 Quodque
1128 1950 1208 2007 etiam
1228 1951 1314 2025 patrio
1334 1967 1474 2023 nunquam
1486 1950 1605 2023 suspirat
1625 1952 1659 2007 eb
1677 1961 1781 2019 austro,

130 2032 206 2088 Tunc
220 2035 270 2090 Lot
284 2035 438 2109 ingreditur
458 2040 553 2112 Segor;
569 2041 650 2096 simul
664 2043 784 2099 exoritur
796 2042 847 2108 sol,
982 2040 1117 2112 Quodque
1132 2041 1225 2112 nequit
1238 2039 1483 2113 proferrealiquam
1498 2041 1533 2096 de
1547 2038 1655 2113 gurgite
1673 2051 1782 2115 gentem

131 2121 299 2179 Ultimusille
312 2126 465 2197 quidem,in
478 2127 676 2202 sodomamque
691 2130 929 2188 incendiafcrvcns
983 2129 1195 2203 squamigeram,
1211 2129 1305 2186 laevive
1318 2128 1374 2185 cuti
1389 2129 1433 2185 vel
1447 2129 1547 2186 cortice
1560 2136 1674 2200 septam,

131 2209 215 2266 lnfert
232 2227 312 2279 ;nam
328 2221 400 2269 totos
414 2216 506 2272 radios
519 2225 671 2275 armaverat
685 2221 766 2292 ignis,
983 2219 1031 2275 Vel
1041 2218 1156 2289 crispam
1167 2219 1362 2285 conclamant
1371 2217 1472 2291 duplici
1481 2217 1641 2291 compagine
1651 2218 1780 2275 clausam.

130 2299 237 2356 AEmula
250 2302 424 2374 subsequitur
437 2305 525 2376 caligo
540 2306 677 2363 includere
691 2309 781 2366 lucem
983 2306 1078 2364 Solum
1092 2306 1146 2363 illic
1159 2306 1272 2380 proprio
1287 2307 1415 2363 mentitur
1431 2305 1509 2378 fruge
1523 2306 1656 2376 bitumen,

129 2389 267 2460 Coeptans,
288 2400 368 2462 atque
379 2393 476 2463 globos
490 2394 603 2450 mulceo
616 2395 740 2453 intexere
753 2398 837 2466 coelo;
982 2395 1077 2453 Exusti
1092 2395 1178 2468 fuligo
1190 2395 1295 2463 maris;
1317 2397 1390 2468 quod
1405 2395 1512 2452 vividus
1526 2396 1608 2453 ardor

130 2477 276 2534 Fumantes
285 2487 384 2535 coeunt
396 2481 493 2547 nubes,
513 2497 601 2538 novus
614 2483 693 2540 irruit
706 2484 801 2555 imber,
822 2486 926 2560 laetifer,
982 2485 1079 2543 Subter
1092 2493 1186 2559 stagna
1199 2499 1330 2558 coquens,
1361 2484 1396 2541 de
1406 2484 1546 2556 sulphuris
1561 2493 1588 2542 et
1600 2485 1665 2543 salis
1677 2496 1744 2544 cestu

134 2566 247 2625 1104
266 2569 401 2641 sulphura
419 2586 481 2628 cum
499 2570 615 2628 flammis
636 2573 813 2647 flagrantibus
833 2583 927 2632 estuat
981 2574 1125 2646 Temperat
1139 2574 1223 2648 inque
1237 2574 1326 2644 picem
1340 2574 1386 2630 dat
1400 2581 1480 2629 terrae
1508 2575 1610 2631 baerere
1641 2576 1783 2646 marinam,

129 2657 246 2713 Exustus
258 2658 372 2732 crepitat
385 2658 494 2731 liquidis
508 2660 650 2718 ardoribus
663 2664 756 2723 aether,
980 2665 1118 2723 Invehitur
1130 2663 1240 2736 proprio
1254 2677 1316 2718 cum
1331 2669 1452 2731 tempore
1467 2662 1568 2734 pingue
1581 2673 1706 2721 orcmatae

129 2745 199 2802 lline
214 2747 294 2804 babet
308 2747 336 2802 iu
351 2748 418 2805 falso
433 2750 546 2807 devoro
562 2749 653 2806 fabula
663 2750 760 2808 famam
982 2753 1062 2809 Virus
1077 2766 1165 2823 aquae,
1179 2751 1340 2823 spumisque
1354 2748 1426 2805 cutis
1439 2765 1524 2820 super
1538 2766 1647 2822 equora
1662 2753 1741 2825 nigra

132 2835 204 2892 Solis
219 2837 375 2910 progeniem
389 2853 484 2895 currus
498 2846 606 2910 optasse
620 2848 755 2910 petemos,
981 2840 1088 2899 1¹05
1103 2839 1226 2911 Texitur3
1239 2838 1377 2910 appellunt
1387 2838 1467 2911 queis
1480 2846 1522 2894 est
1536 2852 1567 2893 ea
1581 2840 1669 2911 captio
1678 2844 1787 2900 mercis.

131 2924 189 2980 Nec
203 2925 319 2982 valuisse
332 2926 420 2983 levem
435 2943 547 3000 puerum
566 2926 671 2984 frenare
687 2927 822 2999 superbos
981 2931 1128 2987 Acclimant
1137 2928 1331 2984 leveelatcrum
1341 2925 1482 2982 libramine
1491 2926 1607 2996 lembos,

131 3011 207 3084 Ignis
219 3029 316 3086 equos,
332 3015 431 3072 arsisse
442 3016 538 3072 orbem
551 3033 558 3086 ;
575 3022 639 3072 tunc
648 3016 758 3072 fulmine
767 3022 876 3087 raptum
983 3019 1020 3076 Ut
1032 3016 1113 3074 munel
1128 3015 1281 3087 impositam
1292 3016 1409 3073 doceant
1422 3012 1721 3075 conscendere¹venam

132 3100 262 3173 Aurigam
278 3122 286 3172 ;
303 3103 424 3160 illicitum
439 3106 572 3176 planctum
587 3113 708 3162 mutasse
722 3119 839 3162 sorores.
983 3110 1052 3166 Nam
1067 3122 1097 3164 se
1111 3116 1206 3177 sponte
1221 3104 1313 3162 levans
1327 3104 1436 3161 adnabit
1445 3105 1542 3161 mercis
1559 3106 1593 3162 od
1607 3122 1654 3164 ora

131 3191 238 3250 Viderit
251 3192 396 3264 Eridanus,
409 3194 432 3249 si
446 3210 501 3266 qna
515 3194 570 3250 illie
584 3196 701 3266 populus
709 3195 789 3263 albet,
985 3196 1105 3274 Navigii,
1122 3194 1297 3267 pretiumque
1316 3193 1392 3250 dabit
1406 3209 1455 3266 pro
1469 3209 1584 3250 munere
1598 3195 1683 3266 largo,

130 3279 189 3335 Aut
202 3279 299 3353 siquis
313 3282 418 3352 plumat
432 3282 509 3339 senio
529 3282 691 3339 modulatior
705 3284 772 3339 ales.
986 3285 1020 3341 Ni
1035 3286 1115 3358 plaga
1129 3282 1284 3354 contigerit,
1299 3298 1380 3355 quam
1394 3283 1494 3339 mensis
1503 3281 1606 3339 femine
1615 3282 1704 3342 vestit.

131 3369 183 3425 llic
193 3368 268 3426 aliter
279 3385 363 3426 versae
376 3378 491 3427 moerent
505 3370 631 3429 miracula
648 3370 753 3429 forma.
772 3390 775 3395 ·
854 3371 935 3446 [legis
989 3376 1059 3431 Ecce
1074 3372 1149 3430 aliud
1164 3378 1314 3427 monstrum
1329 3372 1416 3447 pelagi
1432 3371 1466 3429 de
1479 3371 1556 3427 clade
1573 3379 1701 3437 notatur;

129 3458 254 3531 Namque
269 3474 361 3516 comes
375 3461 489 3530 conjnx,
503 3462 557 3518 heu
578 3475 621 3516 me
637 3462 643 3516 l
660 3462 730 3517 male
750 3467 808 3516 tum
827 3475 935 3533 quoque
990 3462 1095 3519 Cuncta
1113 3460 1168 3517 illio
1183 3459 1303 3516 immissa
1317 3459 1342 3498 66
1356 3467 1449 3515 natant
1464 3476 1472 3531 ς
1488 3467 1585 3516 natura
1598 3459 1711 3516 recessit

131 3548 245 3603 Femina
259 3565 309 3604 non
326 3550 442 3621 patiens,
460 3550 552 3606 diviua
566 3550 600 3605 ad
616 3565 754 3607 murmura
768 3549 830 3607 coeli
994 3548 1111 3607 Ιίθθ
1124 3548 1277 3620 llergeudis
1289 3548 1351 3603 data
1367 3547 1542 3619 corporibus;
1556 3547 1580 3602 si
1596 3546 1712 3618 denique
1721 3553 1789 3602 teste

128 3635 256 3692 Audaces
269 3638 363 3695 oculos
378 3639 571 3711 nequidquam
586 3640 644 3697 sola
658 3642 776 3712 retorsit,
991 3638 1141 3698 Luciferam
1157 3652 1248 3694 narem
1261 3636 1400 3702 insistens,
1416 3652 1470 3708 qua
1484 3635 1596 3708 spiritus
1611 3637 1669 3709 igni
1684 3644 1736 3706 est,

128 3726 189 3782 Nec
199 3726 323 3782 habitura
338 3727 410 3801 loqui
424 3729 496 3800 qnod
510 3729 605 3786 viderit
620 3740 666 3799 ;et
677 3729 758 3786 simul
772 3729 827 3786 illic
993 3727 1141 3786 letificavit
1154 3742 1235 3800 apex,
1250 3726 1365 3782 flammae
1379 3727 1401 3781 si
1417 3724 1525 3780 flamma
1538 3733 1678 3797 perempta
1694 3731 1744 3789 est,

130 3817 162 3872 ln
177 3815 307 3890 fragilem
322 3826 423 3874 mutata
443 3820 682 3891 salemstctitipsa
696 3821 860 3892 sepulcrum,
993 3818 1044 3875 lbit
1059 3818 1153 3874 subter
1167 3831 1250 3888 aquas
1264 3813 1409 3872 destructio
1423 3813 1554 3887 naufraga
1569 3813 1646 3871 lucis.

132 3902 248 3977 ipsaque
258 3908 348 3981 imago
365 3908 416 3963 sibi
437 3907 552 3964 formam
572 3910 630 3965 sinc
644 3925 758 3981 corpore
779 3925 889 3969 servans
903 3909 938 3966 ⁶².
995 3908 1043 3963 llae
1058 3907 1206 3963 Sodomnm
1220 3915 1247 3962 et
1261 3905 1411 3962 Gociorum
1421 3902 1535 3976 signatae
1548 3902 1576 3958 in
1591 3901 1688 3958 saeculs
1702 3916 1790 3973 pccnae

129 3993 215 4048 Durat
229 3995 316 4051 adbuc
330 3997 434 4052 etenim
448 3996 523 4052 unda
536 3997 652 4053 statione
672 3998 722 4052 sub
737 3997 859 4063 aethram,
995 3996 1131 4052 Gentibus
1144 3994 1263 4066 iniustis,
1282 3993 1359 4066 queis
1372 4003 1481 4064 pectora
1495 3992 1562 4047 dura
1575 3992 1599 4030 ⁶⁷
1614 3991 1736 4047 timorem

130 4081 192 4138 Nec
207 4084 307 4153 pluviis
319 4084 422 4156 dilapsa
440 4086 504 4155 situ,
520 4101 570 4142 nec
588 4087 676 4142 diruta
694 4086 792 4143 ventis.
953 4080 977 4158 Β
994 4084 1144 4139 Deseruere
1158 4081 1227 4150 Dei,
1243 4081 1278 4136 do
1294 4080 1365 4137 coelo
1376 4080 1437 4149 jura
1448 4079 1527 4144 tucri,

126 4167 202 4237 Quin
218 4173 297 4229 etiam
312 4175 334 4228 si
355 4174 417 4247 quis
432 4175 598 4232 mutilaverit
612 4175 715 4232 advena
730 4174 853 4240 formam,
993 4172 1077 4243 loque
1093 4186 1175 4227 uuum
1192 4185 1283 4226 rerum
1296 4167 1440 4224 Dominum
1456 4175 1579 4239 spectare
1593 4165 1736 4223 docebunt.

814 4352 909 4416 Variae
925 4354 1081 4416 lectiones.

168 4508 195 4547 66
213 4513 299 4584 Fupn,
315 4514 341 4569 si
354 4519 430 4571 certe
446 4515 580 4572 munibus
595 4512 672 4569 Colb.
690 4511 715 4551 66
736 4510 803 4568 lfrbi
815 4514 881 4569 est:
905 4511 1002 4581 fovere
1016 4505 1147 4582 precanti
1161 4501 1239 4561 colb.
1256 4501 1325 4560 Vict.
1345 4504 1438 4571 llorel,
1459 4502 1515 4587 'nisi
1529 4507 1602 4577 quod
1627 4507 1676 4564 iste
1702 4509 1763 4580 legit
1781 4551 1788 4578 ,

128 4581 239 4652 [coeto.
255 4585 281 4621 66
298 4585 389 4641 Curae
401 4602 553 4644 reservans
566 4586 707 4642 cod.Colb.
728 4587 823 4654 formu
838 4581 933 4646 blorcl,
953 4595 1005 4654 pro
1027 4586 1160 4652 fororum.
1185 4577 1210 4614 ⁶²
1229 4576 1334 4634 Occidit
1353 4577 1403 4631 ille
1418 4592 1505 4658 prcor¹
1523 4578 1635 4647 sculfus.
1652 4580 1792 4636 Obscurus

130 4666 241 4721 versus,
257 4655 304 4709 ubi
314 4656 338 4710 si
352 4658 458 4726 furatos
473 4673 522 4727 pro
537 4659 670 4728 fortitote
683 4656 832 4725 accipiatur
846 4653 950 4710 ratione
972 4651 1109 4720 carminis,
1123 4648 1257 4707 constabit
1266 4664 1373 4718 seusus,
1390 4655 1429 4702 utr
1447 4649 1551 4717 [emtus
1565 4663 1582 4704 a
1591 4651 1705 4719 screudo
1718 4653 1790 4707 dica-

131 4729 191 4778 tur.
207 4725 265 4782 Vox
280 4741 314 4782 eo
329 4726 485 4800 significatu
500 4744 572 4784 nuuc
585 4726 801 4785 obsoletatus.
1192 4790 1198 4803 ‚
1252 4792 1257 4803 ,

171 4795 337 4868 corruptum
352 4801 444 4856 locum
458 4800 499 4855 sic
513 4798 653 4856 emendari
667 4807 695 4856 et
707 4800 810 4871 expleri
823 4812 905 4871 posse
922 4800 998 4870 putat
1011 4791 1099 4851 editor
1111 4789 1273 4865 Orontensrs
1289 4807 1296 4843 :

516 4924 625 4982 Occidit
636 4924 690 4980 illo
697 4925 778 4995 prior
791 4925 904 4997 species,
915 4937 1003 4994 quom
1014 4918 1189 4992 prospiciens
1203 4917 1254 4973 dot

511 4997 670 5054 deseruisse
683 4997 728 5068 pii
735 5000 831 5068 fertur
843 4994 1011 5051 commercia
1020 4991 1132 5061 [reims.
1146 4989 1246 5043 Banuz.

85 5122 88 5133 '
167 5116 193 5156 66
214 5117 300 5175 Vocati
309 5118 466 5191 favillaque
476 5121 556 5192 pomi
570 5118 625 5174 duo
641 5117 703 5174 cod.
719 5133 785 5173 mss.
797 5116 822 5156 66
835 5116 912 5186 Quod
924 5114 1019 5172 nullos
1030 5114 1141 5170 animat
1157 5110 1234 5166 Colb.
1249 5107 1343 5165 llorel.
1360 5108 1551 5183 ldqcenrrt'ruc
1564 5113 1673 5169 mullus
1687 5113 1790 5172 Febric.

128 5195 156 5243 ct
171 5186 240 5246 edit.
258 5186 348 5245 Oxou.
364 5190 390 5229 66
406 5192 501 5248 invite
515 5191 570 5247 duo
584 5190 645 5246 cod.
663 5205 730 5246 mss.
742 5189 766 5227 66
784 5188 872 5247 Corda
888 5187 996 5248 obduro
1007 5184 1100 5243 baluz.
1116 5183 1178 5242 eod.
1195 5180 1271 5239 Colb.
1286 5196 1402 5256 corpore
1422 5181 1494 5239 duro
1507 5183 1599 5240 ilorci.
1614 5187 1673 5241 cod.
1687 5186 1789 5243 Victor.

130 5258 214 5316 Paulo
228 5267 291 5336 post
304 5263 377 5333 juro
390 5263 487 5320 ceteri.
504 5261 580 5320 Colb.
