3840 6134
496 332 666 395 tetututx
698 334 741 394 tv.
761 365 797 378 -
814 333 1014 397 FRAGMENTA
1033 336 1078 396 EX
1097 334 1205 396 LIBRIS
1236 334 1442 398 BEPERRII'IS·
1717 336 1785 399 titt

488 489 595 555 LIBRI
614 486 665 554 BE
678 488 936 555 SPECTACULIS
947 488 1088 556 GRAECE
1108 489 1259 556 SCRIPTI
1274 490 1438 570 ulutatu,

648 626 1247 700 'mmmmmmmwm

170 744 215 802 Sic
229 744 318 818 itaque
333 755 360 803 et
373 749 447 804 circo
466 747 621 819 voluptates
641 750 874 823 Spectaculorum
890 751 929 806 iu·
980 750 1090 809 scicntia
1114 749 1354 809 autamdeliciunt.
1370 750 1466 810 Sedet
1484 752 1549 810 huic
1568 755 1694 823 matema,
1711 770 1778 828 pro-

130 833 231 890 lamala
244 836 364 892 conditio
388 845 429 894 est
443 836 477 893 ab
492 838 532 893 eis
558 837 604 911 qui
626 846 720 894 natura
742 840 861 910 quidem,
878 839 929 894 Dei
981 850 1041 914 pter
1059 840 1226 899 suaviludios
1249 850 1366 909 nostros,
1386 842 1483 900 Graeco
1505 859 1613 918 quoque
1637 846 1706 919 stylo
1730 863 1777 903 sa·

130 923 373 997 cantassemus,
396 926 547 998 exquibus
575 927 727 999 spectacula
746 927 927 997 instruuntur,
983 929 1145 987 tislocimus.
1416 942 1417 946 ’

165 1093 478 1166 Amplissimecamdom
488 1095 928 1154 materiamtractatamlnotesalr
982 1096 1050 1153 culis
1067 1113 1125 1155 aon
1140 1095 1173 1154 de
1188 1097 1235 1154 aa.
1251 1096 1285 1152 de
1299 1096 1406 1154 Corona
1429 1097 1534 1166 militis,
1550 1099 1639 1158 atam
1658 1104 1726 1159 ante
1740 1115 1784 1158 ma

130 1164 141 1219 t
160 1179 188 1221 so
203 1165 401 1249 auctoralibus
416 1168 516 1224 Latine
529 1169 688 1250 conscripto
701 1167 735 1250 dc
750 1167 927 1294 Spectaculis.
983 1169 1136 1226 Rhenanus
1150 1169 1308 1228 adnotavit.

154 1237 244 1296 tuero
259 1238 337 1310 tooat
352 1237 397 1293 luc
411 1241 555 1296 auctorem
569 1239 603 1296 te
617 1237 686 1295 doct.
704 1238 752 1297 lat.
786 1255 801 1295 e
816 1239 928 1310 sparta·

312 1415 419 1482 LIBRI
437 1417 488 1481 DE
507 1415 731 1483 VIRGINIBUS
750 1417 943 1483 VELANBIS
956 1415 1096 1482 GRAECE
1113 1417 1274 1495 SCRIPTI,
1292 1416 1473 1497 uetula,

681 1555 1251 1629 mmmmmmmm

166 1655 307 1727 Proprium
331 1655 389 1726 jam
416 1654 555 1728 negotium
576 1670 673 1726 passus
692 1670 759 1713 mese
781 1653 925 1727 opinionis.
981 1654 1034 1711 hoc
1055 1653 1164 1726 culpare
1187 1653 1337 1725 teutatem,
1357 1655 1401 1712 cui
1423 1671 1503 1714 namo
1525 1650 1704 1729 proscribere
1730 1668 1783 1727 po·

131 1745 227 1801 Latine
253 1759 362 1815 quoquc
389 1743 531 1800 ostendam
560 1744 684 1818 virgiaco
711 1751 818 1803 nostras
844 1743 929 1802 velari
983 1750 1045 1800 test.

132 1841 266 1905 oportere,
291 1848 323 1886 ox
345 1845 401 1904 quo
429 1831 575 1888 transitum
605 1833 694 1889 artatis
722 1849 778 1889 autc
798 1832 932 1904 iecerint3

167 1958 211 2010 Ec
225 1971 255 2011 co
270 1954 341 2026 qttod
359 1955 430 2010 dicit
452 1959 554 2010 auctor
576 1954 669 2011 Latiae
689 1971 743 2027 quo
765 1970 809 2020 ue,
825 1960 901 2011 recte
914 1970 976 2014 meo
993 1957 1103 2029 judicto
1122 1957 1232 2029 callipit
1249 1957 1410 2026 Rhotanos,
1422 1959 1508 2014 attteu
1525 1957 1619 2014 Gracc
1638 1957 1781 2029 scriptam

130 2026 220 2096 fuisso
235 2026 340 2081 libram
354 2027 479 2097 ejusdam
494 2027 585 2092 titali,
602 2026 636 2081 de
651 2025 753 2098 VirgIni
775 2042 807 2082 us
826 2026 958 2083 vetandis.

552 2174 603 2236 BE
622 2172 818 2240 BAPTISIIO
835 2175 1045 2241 BEPERBITI
1071 2177 1177 2242 LIBRI
1191 2176 1352 2256 uuoltin,

687 2323 729 2370 EX
747 2322 884 2371 EJUSBEII
904 2322 1001 2372 T1wt1
1017 2325 1104 2372 LIBRO
1118 2315 1189 2387 (cap.
1211 2313 1267 2386 lt).

166 2409 219 2465 Sed
235 2405 306 2464 circa
330 2405 472 2462 haereticos
494 2422 558 2463 sane
578 2406 644 2479 quid
665 2407 870 2465 custodiendum
885 2406 928 2477 sit,
983 2408 1057 2464 Deus
1078 2416 1119 2464 est
1137 2407 1215 2463 nobis
1237 2409 1348 2478 stillis,
1374 2425 1425 2468 nec
1448 2427 1518 2467 unus
1536 2409 1667 2480 Christus,
1693 2413 1720 2469 id
1744 2421 1786 2470 est

133 2496 215 2572 digne
244 2496 305 2567 quis
332 2502 490 2551 retractet:
515 2495 549 2551 ad
568 2511 618 2551 nos
646 2497 718 2553 enim
748 2496 849 2553 editum
877 2502 929 2551 est.
980 2495 1064 2552 idem.
1081 2496 1198 2570 Ideoque
1216 2512 1266 2554 uec
1283 2497 1433 2570 baptismus
1447 2515 1533 2572 uuus,
1548 2500 1613 2574 quia
1632 2516 1687 2558 non
1702 2501 1784 2557 idem.

132 2587 257 2645 Ilaeretici
280 2593 367 2641 autem
391 2585 497 2642 nullum
519 2585 619 2642 hubent
641 2586 806 2643 consortium
829 2593 930 2642 nostrae
984 2584 1069 2657 Quem
1088 2601 1150 2642 cum
1170 2587 1220 2643 rite
1243 2601 1297 2642 uon
1321 2587 1445 2659 habeant,
1467 2589 1525 2644 siue
1550 2588 1632 2645 dubio
1658 2605 1713 2645 non
1736 2591 1786 2644 ha·
1827 2603 1833 2611 ·

134 2675 301 2746 discipline,
329 2689 398 2746 quos
425 2682 572 2731 extraneos
605 2675 696 2748 utiquc
724 2683 838 2732 testatur
870 2675 931 2744 ipsa
984 2675 1066 2745 bent;
1091 2690 1142 2731 nec
1164 2675 1237 2746 capit
1260 2676 1396 2732 numerati
1418 2676 1491 2749 quod
1514 2692 1568 2733 non
1593 2677 1726 2744 hahetur;
1749 2679 1786 2734 ita

134 2765 269 2837 ademptio
289 2763 552 2823 communicationis.
570 2765 631 2820 Non
656 2764 743 2820 debeo
761 2762 787 2818 in
807 2763 861 2818 illis
879 2777 929 2818 co·
985 2778 1035 2819 nec
1047 2771 1161 2834 possunt
1180 2763 1393 2837 acciperemus
1411 2778 1467 2820 non
1481 2764 1593 2821 habent.
1609 2764 1663 2822 Sed
1681 2766 1784 2839 dequo

133 2869 263 2929 gnoscere
282 2855 354 2927 quod
370 2854 434 2910 milti
453 2860 619 2926 pracceptum
638 2862 689 2919 cst,
705 2853 769 2926 qula
787 2869 841 2910 non
860 2853 931 2908 icem
985 2851 1092 2924 plenius
1103 2853 1160 2923 jam
1174 2851 1253 2908 nobis
1268 2853 1300 2908 in
1316 2854 1410 2911 Graeco
1423 2852 1558 2925 digestum
1571 2855 1624 2909 est.

168 2994 216 3052 His
229 2995 322 3053 uerbis
344 2994 425 3052 etiam
446 2995 558 3052 materia
573 2993 711 3066 praecipua
728 3008 928 3052 commemora·
983 3011 1037 3067 qua
1051 3005 1077 3051 et
1095 3003 1250 3052 coaetaneos
1267 2995 1409 3069 episcopos
1427 2995 1570 3054 Africanos
1589 2996 1618 3053 in
1637 3010 1701 3053 eam
1720 3010 1784 3066 per-

134 3073 177 3124 tur
198 3066 288 3124 Graeei
311 3067 343 3122 de
367 3065 513 3138 Baptismo.
540 3065 766 3138 Quandoquidem
794 3080 861 3124 uero
879 3080 930 3121 nos
984 3067 1064 3129 traxit
1079 3066 1242 3137 opinionem.
1263 3066 1327 3124 Haec
1349 3068 1420 3124 enim
1442 3069 1508 3124 satis
1529 3067 1649 3124 indicare
1672 3068 1782 3125 videtur

132 3138 177 3195 hic
195 3144 357 3195 tractaturos
376 3138 487 3208 polliciti
505 3154 619 3202 snmus,
638 3153 699 3210 quae
718 3137 754 3192 sit
772 3136 929 3193 Tertulliani
983 3137 1027 3193 illc
1046 3137 1126 3208 epist.
1151 3140 1197 3208 to,
1221 3137 1257 3195 ad
1285 3140 1416 3207 Ianuar„
1439 3153 1503 3196 cum
1528 3139 1594 3195 dicit
1620 3138 1783 3195 senentiam

133 3209 266 3266 sententia
283 3210 317 3265 dc
342 3211 542 3267 aereticorum
565 3209 713 3281 baptismo,
734 3215 807 3264 certe
829 3223 929 3282 negare
984 3208 1055 3265 illam
1077 3210 1133 3279 jam
1161 3208 1267 3291 pridem
1292 3208 1326 3264 ah
1350 3210 1566 3266 anacessorions
1594 3215 1734 3275 statutam,
1759 3217 1786 3265 et

132 3295 187 3338 non
201 3297 346 3353 possumus
359 3279 477 3351 idipsum
490 3280 609 3336 sensisse
624 3279 695 3352 quod
710 3281 740 3335 B.
756 3278 927 3351 cyprianum
983 3280 1102 3351 apertius
1128 3289 1207 3351 aptat.
1231 3282 1277 3349 73,
1298 3280 1335 3337 ad
1358 3281 1542 3346 Iubalenam,
1567 3282 1666 3338 multos
1690 3280 1784 3336 dicens

134 3360 163 3407 et
176 3351 298 3408 lormssis
317 3359 459 3423 propterea
474 3368 505 3407 su
545 3367 651 3407 cessum
666 3350 752 3422 possit
764 3350 826 3423 quis
839 3349 929 3407 dicere
983 3366 1069 3408 annos
1091 3351 1321 3408 intercessissent
1345 3367 1400 3424 quo
1419 3354 1470 3408 sub
1492 3351 1645 3423 Agrippino
1663 3351 1784 3423 episcopi

134 3422 351 3489 huuclibdlum,
367 3439 429 3480 oum
448 3439 496 3496 per
538 3422 650 3478 icaenum
675 3421 817 3478 concilium
840 3429 928 3477 retra·
984 3423 1092 3491 plurimi
1119 3425 1171 3480 hoo
1199 3430 1357 3480 statuerunt.
1383 3422 1466 3493 Atqui
1495 3426 1565 3480 inter
1593 3430 1700 3494 tempus
1749 3436 1783 3478 uo

135 3500 206 3548 ctata
221 3500 263 3549 est
277 3508 310 3550 ea
326 3492 517 3550 Africanorum
539 3492 717 3566 quorumdam
739 3492 929 3565 episcoporum
983 3493 1167 3550 Tertullianus
1191 3502 1252 3549 ante
1270 3509 1377 3550 omnam
1396 3493 1522 3550 haeresIm
1550 3492 1650 3549 librum
1673 3493 1706 3549 de
1728 3440 1784 3549 En-

135 3564 279 3620 scntontia.
307 3566 363 3622 Nec
391 3580 454 3623 vero
468 3566 618 3621 mirandum
643 3563 666 3621 si
688 3563 753 3619 illud
810 3565 929 3620 radosoo
981 3567 1085 3640 ptismo
1108 3565 1279 3635 conscripsit,
1303 3573 1332 3621 et
1352 3562 1510 3622 Africanum
1533 3563 1651 3635 primurn
1669 3563 1704 3618 de
1720 3566 1783 3620 lla:

132 3635 276 3707 amplexus
299 3638 333 3692 sit
351 3635 546 3701 Tertullianus,
571 3651 632 3693 cum
654 3635 749 3692 eodem
784 3650 830 3691 ere
855 3643 928 3692 tam·
983 3638 1293 3719 reticoramltapttsmo
1302 3635 1445 3694 concilium
1456 3636 1645 3706 episcoporum
1654 3633 1785 3704 72‚qnod

132 3721 198 3779 pore
212 3708 379 3764 celebratum
393 3707 478 3764 tuisse
492 3707 616 3765 uideatur
638 3705 782 3763 concilium
797 3705 862 3762 illud
879 3707 929 3763 sub
983 3707 1148 3764 celebratum
1163 3706 1214 3764 lunt
1235 3723 1307 3763 anno
1332 3706 1440 3764 Domini
1464 3709 1527 3774 tta,
1543 3722 1630 3762 annos
1652 3705 1785 3761 interces-

132 3778 286 3850 Agrippino
314 3781 443 3851 episcopo
463 3777 685 3852 Carthaginensi,
705 3778 784 3848 cujus
806 3777 929 3833 meminit
983 3778 1066 3835 sisssa
1079 3777 1186 3836 circiter
1200 3780 1245 3847 50,
1261 3778 1339 3835 latius
1361 3779 1390 3834 iu
1408 3779 1463 3837 rita
1482 3778 1601 3836 auctoris
1622 3777 1785 3849 comproba·

130 3847 162 3904 B.
179 3849 263 3922 Cypr.
278 3850 360 3922 epist.
379 3851 424 3919 il,
441 3849 479 3908 ad
497 3851 652 3920 Quintam·
667 3848 739 3923 quod
753 3849 841 3921 ipsum
855 3864 928 3921 quo·
984 3858 1037 3905 tur.

613 4124 975 4243 APPENBIX
1017 4125 1304 4263 QUARTA

509 4457 732 4550 OPERUM
779 4459 834 4568 Q.
869 4456 914 4551 S.
960 4459 1007 4547 F·
1044 4456 1408 4549 Tuututtttut

397 4621 489 4695 eun
512 4619 816 4686 sustentarunt
839 4617 1089 4701 caucasum,
1111 4618 1256 4686 unurto
1280 4618 1329 4683 cr
1351 4615 1530 4684 aoruca.

445 4898 464 4949 1.
482 4898 524 4949 tu
541 4898 663 4952 AMICUM
680 4897 903 4953 PIIILOSOPIIUII
925 4896 967 4951 BE
990 4895 1175 4950 uattmauu
1192 4895 1359 4949 accustus
1374 4893 1469 4954 LIBRI,

770 5028 897 5090 NOIULAE
912 5027 953 5074 EX
968 5027 995 5073 B.
1011 5027 1137 5073 IIIERON.

162 5165 198 5221 Et
217 5162 245 5220 in
263 5163 394 5236 principio
417 5164 499 5222 libelli
521 5164 648 5236 praelatus
667 5181 727 5222 sum
746 5182 789 5222 me
810 5165 843 5222 de
864 5166 924 5222 Aa·
1015 5162 1144 5236 Cypriani
1156 5160 1448 5235 uolumenegrogium3
1461 5160 1783 5234 etl’apoeBamasisuper

125 5255 227 5325 prostit's
250 5255 419 5326 Nuptiarum
434 5260 479 5309 aut
494 5254 559 5309 nilril
578 5255 687 5312 omnino
702 5264 747 5311 aut
768 5270 863 5326 parum
880 5254 924 5308 di-
979 5254 1031 5310 hac
1046 5270 1076 5310 re
1091 5267 1171 5311 sorau
1192 5268 1225 5310 ac
1248 5267 1328 5324 prosa
1349 5251 1513 5324 composita,
1529 5263 1556 5310 et
1569 5253 1705 5308 Ambrosii
1732 5269 1781 5309 no-

126 5351 243 5411 cturum,
259 5352 286 5400 et
304 5359 376 5399 nunc
398 5343 491 5401 eadem
515 5342 649 5400 admoneo
663 5364 669 5411 ;
685 5352 715 5400 ut
728 5344 751 5401 si
766 5344 813 5399 tibi
838 5344 941 5416 placet.
979 5343 1029 5400 atri
1043 5360 1103 5417 quae
1117 5359 1204 5416 nuper
1218 5340 1326 5416 scripsit
1339 5342 1375 5399 ad
1391 5357 1513 5401 sororem
1531 5343 1665 5415 opuscula
1679 5343 1780 5414 (Epist.

127 5431 198 5488 scire
221 5440 288 5504 quot
311 5433 441 5490 molestiis
464 5432 542 5506 sicgo
565 5432 663 5505 libera,
677 5442 742 5506 quot
759 5450 827 5490 usur
841 5431 924 5490 astri-
978 5435 1025 5501 tt,
1041 5433 1077 5489 at
1092 5431 1246 5504 Bastouloi.

124 5527 170 5577 cta
182 5520 228 5590 sit,
237 5521 316 5594 legas
330 5521 524 5579 Tertullianum
539 5522 576 5578 ad
589 5523 719 5581 Amt'cum
727 5522 926 5597 pltitosopltum
1014 5523 1076 5579 Non
1091 5530 1131 5579 est
1145 5522 1227 5593 hujus
1240 5520 1291 5578 loci
1312 5523 1485 5595 Nuptiarum
1504 5522 1652 5592 anpastias
1672 5521 1778 5579 descri-

126 5608 300 5678 acriboutem
321 5618 348 5670 et
370 5611 403 5672 de
429 5613 595 5684 Vtrainitate
614 5611 682 5670 alios
704 5612 818 5679 libellos,
844 5620 871 5669 ot
892 5611 923 5669 B.
971 5611 1053 5678 -lsere,
1068 5617 1095 5670 et
1109 5611 1188 5684 quasi
1206 5610 1234 5669 in
1248 5611 1438 5670 communibus
1452 5609 1520 5670 loeis
1534 5609 1669 5670 mannan
1682 5612 1776 5671 cusul-
