3848 6120
127 282 179 342 739
447 274 681 355 ,tahtbttltal
717 274 848 338 apathia
868 276 951 338 atas
969 277 1003 340 tt.
1022 301 1059 321 -
1076 275 1189 340 saletas
1208 277 1230 346 l,
1244 274 1419 338 Potahlct.
1725 276 1781 338 tto

126 406 254 465 recunrlia
269 405 357 479 magis
381 406 516 478 pericliter
543 423 624 478 quam
651 405 820 476 probatione,
836 404 863 460 in
879 405 923 463 illo
939 393 963 472 fl
978 405 1067 473 rinus,
1087 410 1117 460 ut
1131 403 1242 460 Albinus
1257 402 1391 459 existimat
1418 401 1477 473 (88)
1503 407 1551 458 aut
1576 399 1707 458 Uenutii
1721 400 1779 459 for·

126 499 186 569 ipso
200 496 347 567 voluptatis
365 495 460 553 ultimo
485 503 549 552 aestu
566 496 622 566 (82)
651 510 704 566 quo
718 493 834 570 genitale
848 495 923 552 virus
979 495 1051 550 sitan
1065 493 1193 566 AEgyptii.
1209 492 1261 549 Sed
1288 491 1377 548 nultus
1401 503 1491 548 serato
1518 488 1635 560 divinus,
1660 490 1715 545 nisi
1728 491 1779 549 Dei

126 586 380 656 eupattttunnonne
407 585 506 656 aliquid
535 585 569 640 de
596 584 685 639 anima
714 584 922 654 quoquesenti-
977 582 1059 639 unius
1086 599 1140 654 quo
1156 584 1305 654 prophetia,
1331 596 1384 653 qao
1407 578 1531 651 apostoli,
1549 578 1681 651 quoipse
1696 579 1778 636 Chri-

127 690 186 732 mos
199 676 282 741 exire,
299 684 378 746 atque
406 675 474 730 adeo
502 673 694 730 marcescimus
721 681 749 728 et
772 672 923 746 devigesci-
977 680 1035 728 stus
1049 671 1174 728 intonuit.
1189 671 1274 728 Multo
1287 669 1424 742 antiquior
1436 670 1544 740 Moyses
1553 669 1634 724 ctiam
1644 667 1776 741 Saturna,

126 778 186 818 mus
200 778 262 818 cum
280 762 347 818 luris
360 762 545 819 detrimento?
567 762 622 818 lloc
636 762 687 817 erit
701 776 793 816 semea
807 761 924 817 animale
978 761 1120 836 nongentis
1146 759 1250 817 circiter
1264 759 1342 815 annis
1370 758 1438 832 (86),
1453 757 1552 814 nedum
1580 759 1778 830 pronepotibus

127 852 252 923 protinus
267 866 299 906 ex
313 851 409 906 animae
423 850 599 908 destillatione
624 848 691 922 (83),
716 850 786 907 sicut
808 859 835 906 et
851 849 924 906 viras
978 852 1051 922 ejus3
1076 857 1148 907 carte
1168 849 1283 906 divinior
1308 847 1403 916 multo,
1432 847 1478 919 qai
1505 847 1640 903 decursus
1668 848 1777 919 generis

128 939 193 997 illud
211 941 350 1010 corporale
366 957 458 997 semen
473 958 505 997 ex
520 939 609 996 carnis
632 939 816 996 defaecatione.
838 940 923 994 Fide·
978 939 1088 994 humani
1102 940 1136 994 ab
1158 938 1269 995 exordio
1298 937 1392 994 mundi
1416 951 1525 1009 quoque
1538 936 1564 974 ⁵⁵
1592 937 1775 1010 persingulas

127 1028 229 1083 lissima
243 1027 381 1099 primordii
397 1027 527 1099 exempla.
542 1029 582 1083 De
601 1027 665 1082 limo
679 1042 744 1083 caro
758 1026 787 1081 in
811 1026 898 1083 Adam
915 1044 922 1081 ε
977 1027 1130 1083 nativitates
1144 1026 1304 1083 nominatim
1330 1025 1554 1097 temporatimque
1567 1023 1693 1096 digessit,
1711 1027 1775 1082 satis

127 1115 280 1188 quidaliud
306 1116 395 1181 timus,
426 1131 505 1187 quam
522 1114 609 1186 liquor
636 1113 846 1185 opimusilnde
873 1113 924 1171 erit
978 1116 1096 1190 probans
1115 1116 1282 1173 divinitatem
1310 1114 1400 1186 operis
1438 1129 1472 1169 ax
1499 1112 1664 1170 divinatione
1687 1117 1773 1171 racis.

129 1205 249 1277 genitale
273 1205 358 1259 virus.
384 1205 421 1260 Ex
449 1203 547 1260 adflatu
563 1204 612 1260 Dei
639 1204 728 1259 anima
744 1221 751 1258 :
768 1203 833 1274 quid
850 1202 924 1259 aliud

128 1292 243 1349 adflatus
258 1293 314 1355 liei,
331 1309 409 1364 quam
425 1307 510 1362 vapor
523 1292 659 1363 spiritus?
682 1291 748 1348 Inde
772 1292 836 1358 erit,
851 1293 924 1366 quod

128 1397 177 1454 per
187 1381 259 1439 virus
273 1381 340 1436 illud
350 1380 482 1436 efflamus.
496 1382 562 1436 Cum
574 1381 657 1452 igitar
671 1380 856 1454 inprimordio
871 1381 924 1438 duo

978 1204 1007 1262 Si
1030 1220 1093 1264 vero
1113 1204 1221 1262 Samius
1248 1203 1376 1277 sophista
1398 1204 1457 1275 (st)
1486 1201 1594 1259 Platoni
1621 1211 1714 1260 aanor
1731 1216 1777 1261 est

978 1294 1128 1349 animarum
1142 1297 1175 1349 de
1200 1292 1348 1349 recidivatu
1377 1291 1519 1348 revolubili
1547 1307 1661 1363 semper
1684 1308 1718 1348 ex
1732 1293 1775 1348 al·

979 1391 1053 1437 torua
1097 1392 1264 1438 mortuorum
1299 1389 1379 1453 atque
1415 1380 1566 1437 viventium
1601 1379 1774 1447 suffectione,

128 1471 234 1526 diversa
253 1472 333 1539 atque
353 1468 450 1536 divisa,
471 1469 549 1525 limus
568 1469 702 1536 albatus,
729 1487 811 1526 unum
834 1469 924 1528 homi·

128 1574 189 1614 nem
209 1560 368 1629 coegissent,
398 1558 518 1613 confusae
545 1558 704 1614 substantiae
719 1558 806 1615 ambae
821 1561 877 1630 jara
896 1559 924 1615 in

128 1662 182 1703 uuo
200 1648 304 1702 semina
322 1662 429 1718 quoque
447 1662 498 1702 sua
527 1646 701 1714 miscuerunt,
722 1655 803 1720 atque
829 1648 925 1705 exinde
961 1661 1038 1701 ·rum
1057 1645 1137 1702 etiarn
1158 1647 1299 1703 temerario
1326 1644 1467 1703 mendacio
1492 1643 1776 1717 lomaniacense

128 1735 222 1809 generi
254 1737 430 1806 propagando
459 1735 571 1791 formam
592 1735 775 1805 tradiderunt;
806 1743 836 1792 ut
854 1752 926 1793 nuuc
943 1704 965 1783 Β
980 1735 1027 1807 qui
1054 1736 1152 1809 newis,
1181 1744 1207 1794 et
1233 1736 1312 1791 crede
1339 1736 1494 1793 nobiscum.
1522 1735 1640 1792 hfartern
1659 1734 1775 1805 simmei,

128 1825 191 1890 duo,
219 1822 282 1880 licet
313 1823 429 1890 diversa,
455 1822 532 1879 etiam
566 1825 642 1879 uuita
672 1825 773 1896 pariter
804 1823 925 1896 effluant,
980 1825 1158 1883 subterraneo
1195 1825 1290 1896 latitat,
1323 1823 1446 1896 septenni
1484 1839 1514 1879 se
1547 1822 1607 1880 illie
1650 1823 1775 1896 patientia

128 1911 282 1984 pariterque
296 1911 427 1966 iasiuuata
441 1912 515 1968 sulco
545 1919 572 1967 et
596 1927 662 1970 arvo
681 1930 740 1981 suo,
759 1914 859 1985 pariter
872 1917 926 1971 ho·
979 1913 1098 1981 damarat,
1114 1914 1218 1972 interes
1235 1931 1296 1988 qaae
1315 1914 1349 1969 de
1364 1913 1481 1986 posteris
1494 1909 1636 1969 defunctis
1650 1913 1685 1969 ad
1701 1912 1776 1970 fidem

129 2002 229 2056 minem
259 2015 292 2055 err
316 2009 428 2072 utraque
458 2003 604 2058 substantia
629 2000 792 2073 effruticent,
818 2003 845 2059 ia
873 2021 927 2078 quo
980 2002 1364 2070 rerumessetrelatnrus‚ah
1386 2003 1466 2058 unica
1483 2002 1591 2058 muscia
1607 2010 1637 2058 ct
1659 2002 1773 2059 minisrra

978 1480 1050 1527 certe
1065 1469 1111 1527 ille
1125 1471 1303 1544 Pythagoras,
1324 1470 1375 1526 etsi
1400 1467 1489 1526 bonas
1512 1477 1622 1535 cahra,
1638 1476 1728 1527 temen
1749 1480 1776 1526 ut

978 1558 1047 1613 bane
1070 1559 1227 1614 sententiam
1242 1566 1401 1624 exstrueret,
1425 1571 1480 1612 non
1509 1556 1580 1630 turpi
1609 1555 1702 1623 ruodo,
1731 1574 1774 1617 ve-

22 2092 25 2100 '
129 2106 225 2147 rursus
250 2104 343 2145 semen
371 2105 449 2145 suum
478 2089 541 2145 insit
564 2091 715 2149 secandum
737 2109 835 2165 genus,
856 2094 928 2151 sicut
982 2096 1066 2147 matre
1093 2091 1248 2162 cognoscin
1275 2099 1307 2148 ut
1334 2090 1397 2147 satis
1423 2090 1475 2146 sihi
1489 2089 1771 2159 risaseslcorpuleu-

128 2179 202 2236 omni
216 2179 363 2235 conditioni
378 2179 489 2252 genitali
515 2181 696 2253 praestitutum
720 2190 771 2240 est.
795 2182 880 2255 Igitur
894 2200 927 2240 ex
981 2179 1044 2235 tiam
1059 2179 1237 2252 interpolasse
1263 2181 1297 2237 ad
1312 2195 1421 2237 omnem
1447 2179 1547 2237 mortui
1569 2177 1670 2238 retem
1684 2178 1767 2236 harro

129 2283 185 2326 uno
199 2267 308 2323 homine
335 2275 392 2325 tota
418 2268 477 2324 haec
495 2270 644 2325 animarum
670 2270 845 2326 redundantia
871 2271 927 2344 agi·
980 2285 1048 2336 rem,
1064 2270 1097 2327 de
1124 2270 1211 2341 adytis
1225 2269 1341 2350 fallaciae
1361 2268 1488 2342 emugir,
1514 2269 1593 2326 atah
1613 2267 1707 2325 inferis
1720 2270 1765 2323 red

129 2365 175 2414 tur
202 2356 237 2421 ⁵²,
258 2358 418 2411 observante
446 2356 658 2413 scilicetnatura
689 2358 738 2412 Dei
766 2357 885 2414 edictam
916 2379 922 2416 :
980 2357 1064 2414 ditus.
1079 2359 1145 2430 Quis
1160 2375 1214 2416 uon
1234 2362 1358 2417 crederet
1373 2358 1513 2430 revixisse,
1529 2374 1613 2430 quern
1631 2355 1764 2416 crediderat

129 2446 297 2512 Graeciensi
307 2446 338 2501 in
348 2446 567 2502 multitudinem
576 2447 859 2519 proficite.Nametin
869 2447 927 2518 ipsa
979 2446 1088 2503 obisse?
1108 2446 1222 2504 audiens
1236 2446 1389 2518 praesertim
1403 2447 1439 2502 ah
1466 2461 1499 2502 co
1526 2462 1589 2519 quoe
1604 2446 1639 2501 de
1665 2445 1763 2519 posteris

131 2533 289 2604 praefatione
312 2533 403 2605 operis
425 2533 505 2589 auius
519 2535 599 2604 (Gen.
617 2535 637 2606 ι)
655 2552 661 2591 :
682 2536 823 2607 faeminas
839 2534 927 2593 hamb
980 2534 1095 2591 mortuis
1112 2534 1163 2592 aisi
1178 2536 1249 2606 apud
1266 2535 1370 2596 inferos
1389 2551 1444 2592 non
1459 2534 1599 2591 videretur
1612 2548 1763 2609 cognoscere

128 2639 205 2694 nem,
221 2622 343 2678 universa
357 2621 502 2692 posteritas
528 2622 667 2695 pluraliter
695 2623 840 2695 praedicata
860 2634 925 2681 cst:
980 2624 1113 2692 potuisse,
1129 2625 1168 2680 sic
1195 2639 1227 2679 er
1244 2626 1358 2680 mortuis
1386 2622 1462 2683 vivos
1489 2621 1560 2681 effici
1575 2623 1668 2681 sonitu
1690 2637 1762 2680 seraa
1806 2696 1808 2701 Ι

127 2713 289 2785 Etproese'rti
302 2712 424 2784 piscibus
434 2713 534 2768 maris.
546 2711 617 2767 Nihil
629 2711 737 2779 mirum,
749 2712 925 2786 repromissio
981 2722 1032 2769 est.
1048 2711 1118 2782 Quiri
1133 2711 1218 2777 enim,
1235 2711 1259 2767 si
1278 2720 1305 2768 et
1316 2710 1410 2781 junior
1421 2711 1436 2766 i
1448 2711 1543 2782 Neque
1557 2709 1661 2768 veritas
1674 2709 1762 2767 assde
1806 2728 1808 2761 ÷

128 2801 231 2874 segetis
245 2802 271 2856 in
287 2800 402 2857 semine.
980 2808 1021 2857 rat
1033 2807 1204 2864 uetustatem,
1221 2813 1310 2871 neque
1329 2798 1501 2855 mendacium
1520 2797 1622 2855 devitat
1635 2798 1762 2855 novellu·

984 2896 1047 2959 tem,
1064 2888 1155 2943 Teneo
1170 2887 1249 2959 plane
1272 2884 1359 2944 698
1380 2885 1488 2958 falsum,
1505 2885 1667 2959 antiquitate
1690 2901 1763 2959 genc-

340 2940 428 2999 ‘m
449 2941 561 2999 CAPUT
580 2943 706 3001 XXVIII·
944 2993 1089 3075 erasum3
1104 2976 1198 3049 quidni
1224 2974 1333 3045 falsum,
1364 2977 1443 3046 cujus
1470 2975 1763 3047 testimoniumqaoqae
1806 3030 1808 3039 ,

164 3065 231 3135 Quis
261 3064 304 3120 ille
337 3081 409 3123 auno
436 3078 514 3123 uetus
545 3082 634 3122 sermo
667 3068 737 3138 apul
770 3069 927 3125 memoriam
983 3082 1017 3122 err
1032 3064 1101 3121 falso
1116 3066 1179 3120 esta
1195 3063 1340 3133 Quomodo
1354 3066 1465 3122 credam
1489 3079 1542 3120 non
1558 3063 1669 3121 mentiri
1683 3065 1763 3137 Pytha·
1806 3108 1808 3115 .

129 3155 247 3211 Platonis
265 3155 322 3226 (84)
336 3157 369 3210 dc
385 3154 535 3212 animarum
552 3155 689 3227 reciproco
704 3156 839 3228 discursu,
854 3158 928 3229 quod
982 3171 1087 3227 gram,
1112 3155 1157 3226 qui
1185 3153 1316 3209 mentitur
1341 3161 1372 3210 ut
1396 3152 1504 3210 credam
1519 3154 1534 3207 l
1548 3152 1690 3220 Quomodo
1715 3151 1763 3209 mibi

127 3246 191 3302 hinc
205 3246 336 3300 abeuntes
364 3254 426 3303 caut
440 3245 513 3312 illuc,
534 3247 561 3301 el
588 3262 685 3302 rursus
699 3247 752 3303 hue
774 3247 881 3303 veniant
901 3254 929 3302 ct
982 3241 1155 3314 persuadebit
1184 3240 1345 3296 AEthalidem
1373 3241 1409 3308 ⁵⁵,
1433 3249 1459 3297 et
1473 3239 1763 3313 Euplrorbum,ethr

128 3336 228 3406 vivant,
245 3343 273 3390 at
291 3334 418 3391 dclriuce
443 3334 496 3389 sita
525 3335 629 3399 abeant,
654 3351 750 3391 rursus
765 3352 797 3391 ex
814 3335 927 3391 mortuis
983 3334 1060 3388 rlrum
1076 3331 1245 3404 piscatorem,
1274 3329 1499 3387 etHormotinum
1523 3330 1599 3388 ⁵⁵se
1622 3335 1765 3387 retroacte

127 3424 199 3482 ellici
215 3424 312 3483 vivos?
328 3424 532 3496 Pythagoricus,
548 3424 694 3489 avolant,
714 3423 779 3494 quin
794 3436 820 3480 ct
835 3425 860 3462 ⁵³
883 3424 929 3480 at·
983 3421 1163 3496 Pythagoram
1178 3418 1273 3491 fuisse,
1303 3426 1334 3474 ut
1348 3418 1509 3492 persuadeat
1525 3419 1600 3480 rivos
1619 3435 1655 3477 ex
1669 3415 1764 3476 manat

816 3566 913 3632 Variae
932 3569 1086 3631 lectiones.

129 3676 190 3803 P⁵²
203 3675 301 3750 Agitur
323 3675 409 3732 obesi.
421 3676 487 3730 Par.
508 3670 657 3740 ⁵⁵Quidam
677 3675 756 3729 Para.
779 3674 867 3731 Phen.
882 3675 907 3713 ⁵⁵
920 3674 1047 3746 Quosque
1059 3675 1127 3729 lua.
1143 3671 1168 3710 ⁵⁵
1182 3669 1354 3744 Ephaelidem
1372 3671 1465 3729 Paris.
1481 3671 1544 3729 alii.
1560 3670 1588 3712 ⁵⁵
1601 3671 1764 3748 llermippun

144 3764 209 3807 am.

826 3815 1076 3881 Commentarius.

165 3934 222 4003 (89.)
235 3930 397 4006 Iniiloipso
410 3931 564 4003 uoluptatis
576 3932 679 3990 uitiato
693 3936 778 3989 astu.
799 3931 927 4005 Augusti·
979 3930 1159 3987 Tertullianus
1174 3931 1288 4006 Apolop.
1311 3945 1371 4000 cap.
1392 3934 1438 3998 ts,
1465 3945 1520 3988 non
1547 3930 1692 3988 mirabitur
1707 3930 1766 4005 qaod

129 4019 192 4068 nus,
212 4004 259 4058 lib.
280 4017 330 4058 xrv
358 4005 392 4061 da
409 4002 466 4061 Cio.
493 4003 552 4069 Pei,
585 4020 644 4076 cap.
675 4006 708 4057 tc
735 4003 926 4060 :eblomento
980 4003 1025 4059 lrie
1043 4003 1133 4059 Mosen
1162 4005 1278 4060 Saturno
1297 4004 1349 4059 900
1371 4002 1479 4060 circiter
1502 4001 1580 4058 anuis
1598 4002 1767 4076 antiquiorem

130 4075 190 4146 ipso
205 4076 346 4146 temporis,
360 4090 414 4147 quo
442 4072 476 4130 ad
499 4073 560 4143 ejus
587 4074 746 4144 pervenitur
763 4083 924 4141 extremum,
980 4073 1065 4141 dicat3
1077 4074 1116 4129 ihi
1129 4074 1476 4132 enimhabetlfosenmiilc
1483 4074 1600 4132 circiter
1608 4091 1662 4131 an.
1673 4072 1767 4133 cladem

131 4160 201 4217 pene
214 4144 303 4201 omnis
316 4151 389 4204 acies
404 4151 432 4202 et
446 4146 523 4218 quasi
537 4145 630 4219 vigilia
643 4144 815 4218 rogitationis
829 4145 926 4204 obrui·
982 4147 1295 4203 Priamianiecassissa.
1309 4147 1387 4215 Num,
1403 4147 1443 4201 uti
1456 4146 1513 4216 jam
1527 4144 1593 4201 olim
1607 4162 1655 4202 res
1691 4145 1767 4202 ndist

132 4225 184 4275 tar.
199 4236 211 4267 r
229 4216 292 4272 llic.
339 4283 344 4293 ,
943 4216 1126 4298 nepistolam
1141 4219 1189 4272 hac
1203 4218 1237 4273 de
1257 4233 1287 4272 re
1315 4216 1450 4273 Francisci
1474 4216 1596 4272 Balduini
1610 4217 1635 4273 1.
1674 4216 1769 4273 .l·2ase

167 4290 222 4361 (83)
233 4289 278 4344 Ea
292 4298 400 4342 anemae
413 4286 616 4347 destillatione.
627 4287 730 4344 Eadem
738 4296 850 4359 apparet
863 4287 928 4358 Epi·
982 4288 1037 4351 bro,
1069 4289 1150 4355 heda,
1179 4304 1211 4345 ae
1238 4288 1390 4344 llermanrto
1417 4288 1561 4344 sonnacio
1575 4289 1701 4356 testibus,
1723 4300 1767 4343 aaa

131 4360 191 4416 curi
220 4355 362 4419 sententia.
390 4373 470 4428 quam
497 4374 584 4429 nuper
612 4361 839 4432 transcripsimus.
855 4359 928 4416 Con·

133 4430 232 4488 sentire
263 4424 443 4485 Ter-tullianus
481 4430 586 4486 ridetur
610 4429 645 4485 iis
673 4430 720 4503 qui
749 4431 866 4503 undique
894 4446 927 4486 ex

133 4500 262 4558 ornatibus
277 4498 391 4556 viventis
405 4501 531 4572 partibus
544 4500 659 4559 derivari
681 4517 771 4558 semen
787 4512 926 4572 putarunt,

133 4573 297 4646 quodetiam
312 4569 346 4623 de
369 4574 510 4641 corporeis
525 4572 553 4631 S.
583 4573 714 4628 Macarius
743 4572 833 4641 habet,
851 4580 879 4628 ct
894 4590 928 4629 ex

133 4644 234 4718 priscis
249 4642 418 4713 philosophis
429 4643 564 4699 nonnulli.
582 4645 646 4699 Lac.

170 4715 227 4785 (ab)
244 4715 309 4783 Quis
322 4714 369 4769 illi
382 4730 460 4771 nunc
476 4720 554 4773 aetus
569 4732 660 4772 sermo
671 4715 747 4789 apud
760 4719 928 4773 memoriam

133 4788 273 4846 Platonis.
290 4787 336 4840 Sic
350 4784 388 4838 ait
402 4786 527 4842 Socrates
551 4789 623 4858 apud
637 4778 776 4842 Platonem
790 4787 817 4842 in
844 4787 928 4844 Phra-

133 4859 204 4916 dona
233 4874 239 4910 ε
278 4855 386 4916 Παλαιὸς
414 4856 458 4928 μὲν
471 4854 509 4910 οὗν
542 4855 592 4912 ἔστί
622 4878 658 4920 τις
686 4858 791 4931 ὁλόγος
809 4858 881 4918 arisbe
897 4854 929 4915 eb

134 4927 287 5001 μεμνήμεθα,
320 4927 360 4989 ὡςΙ
390 4925 448 4981 εἰσὶν
489 4928 583 4984 {varvar
620 4929 764 5003 ἀφικόμεναι
796 4929 854 5003 ἐκεῖ,
888 4931 929 4983 καὶ

133 5002 207 5053 πάλιν
238 5018 266 5072 γε
298 5000 370 5069 δεῦρο
403 4997 569 5069 ἀφικνοῦνται,
602 5004 644 5055 ital
665 5003 792 5075 γίγνονται
824 5001 851 5055 ἐκ
881 5008 929 5055 τῶν

133 5072 283 5136 τεθνεώτων,
299 5079 352 5126 etc.
366 5069 429 5125 Rttt.

171 5144 225 5210 (85)
248 5144 279 5199 tit
291 5142 408 5198 Albinus
422 5145 581 5200 existimat.
597 5143 690 5199 albini
705 5144 838 5200 Platonici
852 5143 926 5200 libel-

134 5212 179 5268 las
195 5213 350 5286 isagogicas
366 5229 392 5267 m
412 5213 533 5272 Platonis
551 5216 679 5288 Diolopns
693 5216 817 5272 exstatin
832 5217 930 5272 biblio·

135 5286 212 5340 theca
226 5283 322 5358 Regia.
339 5286 372 5341 Et
388 5285 567 5341 Cassiodorus
589 5297 697 5343 serrator
710 5287 801 5343 aloini
817 5290 851 5345 de
866 5303 929 5343 mu·

133 5356 190 5414 sica
206 5356 305 5412 librum
319 5371 349 5410 se
372 5357 400 5410 ia
416 5357 579 5414 bibliotheca
593 5358 687 5414 Romae
714 5368 777 5415 ante
803 5358 930 5432 gentilem

132 5428 314 5487 incursionem
334 5426 459 5485 habuisse
472 5438 674 5487 commemorat.
689 5430 752 5486 Rra.

170 5502 227 5573 (86)
244 5500 328 5559 liclia
347 5501 494 5572 antiquior
507 5499 607 5573 dlayses
625 5502 714 5558 etiam
724 5502 858 5569 Satureio,
872 5516 931 5558 non

133 5574 226 5647 pentir
245 5573 363 5632 circiter
380 5587 428 5631 an.
453 5572 481 5629 st
499 5571 560 5643 quis
583 5573 734 5632 consideret
757 5571 831 5648 quod
850 5572 931 5631 hahet

983 4359 1033 4414 uisi
1062 4362 1113 4415 tho
1141 4359 1217 4414 annis
1243 4370 1305 4414 ante
1333 4360 1426 4416 AEaeae
1450 4360 1478 4415 iu
1504 4359 1612 4415 ltaliam
1638 4364 1768 4418 adventm

983 4430 1114 4486 Saturnus
1128 4446 1257 4502 regnasse
1280 4430 1391 4503 legitur.
1407 4430 1435 4487 Si
1459 4430 1551 4502 itaque
1566 4430 1642 4487 mille
1660 4447 1706 4488 aa.
1722 4430 1768 4487 clt-

982 4502 1041 4556 dem
1058 4501 1158 4557 Priami
1182 4503 1340 4569 antecessit,
1355 4501 1443 4558 Moses
1463 4502 1581 4558 Saturno
1596 4500 1769 4573 profectom-

983 4572 1082 4653 tiquior
1095 4581 1137 4629 est
1149 4576 1201 4629 988
1218 4574 1324 4630 circiter
1338 4573 1425 4632 aunis.
1442 4572 1504 4629 Scio
1520 4571 1633 4643 quidem
1688 4571 1769 4631 osdra

983 4644 1053 4698 ahos
1067 4643 1095 4698 iu
1109 4644 1158 4698 alia
1173 4659 1233 4699 esse
1257 4644 1405 4713 sententia3
1434 4659 1557 4701 verume
1575 4643 1662 4716 losep
1680 4660 1698 4701 o
1722 4644 1770 4701 bea

983 4714 1129 4841 {umppsisse
1144 4725 1267 4771 nostrum
1293 4726 1442 4786 auctorem,
1457 4717 1649 4773 adnotavimus
1667 4716 1698 4772 in
1713 4716 1772 4788 tre

995 4802 1036 4856 op.
1073 4800 1122 4841 aar.
1410 4820 1415 4833 ·

1018 4856 1077 4926 (87)
1092 4858 1123 4913 Si
1136 4874 1199 4916 aero
1223 4859 1336 4916 Samius
1352 4857 1491 4932 Sophiste.
1511 4856 1622 4915 Samius
1645 4859 1773 4933 epitheton

982 4933 1023 4982 ast
1049 4929 1207 5002 Pythagorae
1221 4945 1237 4985 a
1251 4930 1331 4987 Samo
1359 4931 1456 4994 insula,
1479 4928 1527 4986 ubi
1545 4930 1655 4998 claruit,
1670 4926 1773 4989 ethb-

983 5014 1041 5055 cam
1069 4999 1242 5072 disciplinam
1269 5001 1414 5072 asportarit
1445 5001 1472 5055 in
1502 5000 1640 5058 Graeciam
1660 5004 1773 5059 alteim

984 5070 1136 5142 Sophistam
1160 5088 1226 5129 vero
1252 5075 1374 5130 nominat
1399 5072 1475 5128 illum
1496 5070 1614 5129 fortasse
1639 5088 1697 5131 non
1716 5086 1775 5131 eon·

984 5149 1101 5212 temptas
1116 5160 1210 5213 causa3
1227 5158 1290 5198 nam
1318 5159 1385 5201 mox
1411 5142 1623 5201 honorificenter
1639 5144 1713 5203 illam
1735 5158 1776 5213 sp·

983 5213 1074 5284 pellat,
1104 5216 1260 5286 bonumque
1277 5214 1366 5271 dicit:
1393 5215 1514 5271 auditam
1544 5216 1621 5271 enim
1647 5216 1777 5292 supatru

984 5299 1082 5342 nomen
1105 5303 1161 5344 non
1187 5302 1297 5360 semper
1310 5287 1390 5351 male,
1406 5286 1455 5342 sed
1481 5286 1616 5344 interdum
1634 5297 1667 5345 ut
1687 5282 1777 5369 siquid·

984 5366 1090 5412 caretur
1125 5359 1258 5416 excellens
1292 5361 1332 5415 vir
1356 5357 1476 5441 ingenio,
1505 5367 1532 5414 ct
1564 5358 1779 5430 sapientissimus

983 5427 1099 5556 quisque
1130 5437 1321 5556 :quapropter
1358 5444 1475 5500 primam
1501 5430 1625 5487 annium
1659 5430 1780 5491 seim

1006 5502 1140 5572 ophtstam
1154 5517 1206 5559 sarr
1228 5509 1248 5556 tt
1273 5512 1403 5558 socrates.
1418 5502 1486 5559 Lea.
