3840 6134
80 300 133 367 ttt
477 376 478 380 ,
686 311 753 374 titt.
770 310 794 373 V
811 309 889 374 ibt.
908 309 1112 377 nudatam
1678 314 1733 383 tlt

80 427 121 490 vit
132 425 203 499 (tt).
220 426 250 484 st
263 427 441 502 Evanaaliuot
456 431 557 506 mem
571 448 627 493 non
639 435 807 511 adimplevit,
817 455 882 498 ecre
894 452 919 536 fl
931 449 1090 517 retorperet,
1101 443 1174 519 qood
1187 443 1220 501 in
1234 441 1539 515 aabdasaotereatar
1557 442 1590 498 io
1600 439 1730 499 aeremii

80 517 136 576 bsx
149 515 329 591 Evangelium
347 517 513 592 adimplevit.
537 525 611 582 Bene
632 535 726 585 antem
752 529 827 602 quod
855 539 883 587 et
936 532 1045 593 amiam
1058 535 1186 594 Domino.
1200 533 1331 609 Agnosco
1353 533 1397 589 his
1414 533 1473 603 iam
1496 540 1560 590 tuno
1579 530 1729 604 prospectis

80 605 242 665 malausnla
255 609 383 669 inland
399 610 506 670 Christi
518 615 711 684 comminatur,
727 619 822 692 utique
839 622 882 692 ju·
936 622 1029 680 mirari
1051 622 1214 680 substantias
1234 622 1363 680 eoelestes
1380 621 1466 693 ipsam
1490 619 1729 692 hierusalemque

83 696 189 755 diasat
205 697 311 766 ultoris,
330 699 425 774 ntique
439 702 573 763 Crantoris
588 727 596 777 ;
616 707 695 767 illum
713 717 789 768 certe
816 727 882 771 oon·
936 727 1044 769 sorsum
1059 713 1276 786 esttdatat.1v,
1300 713 1355 784 td),
1379 717 1408 768 et
1434 725 1483 782 per
1501 706 1598 763 isaiam
1626 709 1684 779 (ax,
1700 707 1729 782 8)

81 787 201 845 mouens
223 790 443 861 promerendum,
467 809 549 866 quem
572 795 687 856 intenta
709 800 880 873 timendum,
933 801 1110 874 pronuntiare
1130 800 1335 872 :Quinambac
1348 796 1640 864 oetatnobesootaot,
1665 801 1730 854 tan·

82 874 468 950 888888818888888888888·
934 908 1020 966 qaam
1029 892 1164 950 colombae
1172 909 1240 949 cam
1251 891 1341 965 pollis
1355 891 1392 948 ad
1410 903 1455 946 nte
1467 885 1569 945 illunc
1586 900 1729 943 ascensum

933 978 957 1036 si
975 978 1096 1038 Chattos
1109 978 1188 1037 nobis
1201 977 1372 1052 preparavit,
1387 976 1440 1034 erit
1452 974 1497 1033 ille
1515 972 1640 1031 Christm
1657 972 1691 1028 de
1703 971 1729 1012 88

377 1019 494 1082 CAPUT
511 1026 573 1085 XV·
934 1083 989 1140 qno
996 1067 1066 1125 Osee
1077 1069 1223 1141 (rimosas.
1232 1068 1277 1141 t),·
1292 1069 1345 1138 Qoi
1354 1079 1594 1126 asamoomaoam
1606 1061 1729 1132 oedififfli

114 1129 297 1204 Brevioribus
309 1162 419 1222 qnoque
432 1151 561 1222 ttptstotie
577 1169 636 1212 non
656 1153 762 1230 pigebit
787 1156 879 1216 inten-
934 1156 966 1215 t'n
975 1157 1068 1227 calos,
1087 1158 1179 1231 ntique
1192 1157 1243 1214 sibi
1258 1165 1287 1213 et
1299 1155 1365 1213 suis.
1380 1155 1494 1221 Exinde,
1508 1169 1524 1209 a
1536 1164 1592 1223 quo
1610 1149 1728 1222 sperabo

78 1231 145 1288 dere
160 1251 169 1288 a
185 1240 227 1289 est
241 1237 403 1306 saperetis
419 1240 522 1311 paucis.
545 1243 709 1302 Occiderant
722 1245 882 1321 tadoeipro·
934 1260 1016 1313 nunc,
1031 1246 1180 1321 nisiaquo
1194 1246 1383 1306 haeoaudivii
1403 1244 1489 1315 Quem
1503 1242 1637 1315 spiritam
1661 1252 1729 1309 pro·
1788 1255 1792 1264 ’

76 1319 183 1395 phetas
199 1337 276 1381 snos.
292 1323 405 1382 Possum
424 1329 515 1386 disere
531 1347 539 1388 :
566 1330 639 1399 Quid
661 1332 694 1388 ad
725 1336 881 1406 apostolum
935 1333 1008 1392 hibet
1026 1336 1195 1410 exstirpat?
1208 1343 1236 1393 et
1254 1352 1322 1409 quas
1334 1334 1499 1409 prophetias
1513 1336 1585 1387 vetet
1599 1327 1688 1385 nihili
1702 1327 1729 1367 88

77 1407 124 1466 dei
138 1409 261 1480 alterius,
276 1420 305 1471 et
319 1414 429 1487 quidem
442 1418 546 1491 optimi,
561 1421 608 1494 qui
629 1437 681 1480 nec
704 1435 814 1480 suornm
833 1425 881 1482 de·
935 1421 1155 1496 haberiiutique
1167 1440 1221 1481 non
1235 1423 1371 1482 creatoris
1385 1422 1522 1495 spiritum,
1541 1431 1592 1475 nea
1613 1416 1729 1474 Creato-

77 1495 145 1556 liota
171 1498 302 1560 damnare
324 1503 448 1574 dicatur,
474 1499 575 1582 quidne
596 1517 624 1568 et
644 1511 704 1582 ipsa
731 1513 880 1587 prophetas
935 1508 971 1565 ris
998 1514 1153 1584 prophetias
1175 1514 1324 1572 secondum
1351 1512 1621 1579 annonamque
1653 1505 1727 1569 enim

78 1587 201 1645 eosdem
219 1588 387 1651 destruendo
408 1596 608 1670 quodammodo
632 1600 781 1672 perimat?
808 1602 880 1673 Quid
933 1596 1077 1667 destruxit,
1096 1601 1154 1672 ipse
1179 1601 1235 1672 jam
1258 1601 1455 1678 exstinxit„et
1482 1596 1549 1655 nihil
1574 1593 1649 1660 lecit,
1676 1607 1728 1650 nee

78 1676 155 1734 enim
168 1678 194 1720 88
209 1679 275 1737 mali
288 1682 397 1740 admisit
410 1687 480 1757 apud
500 1687 577 1745 illurn
604 1690 700 1759 lsrael,
730 1691 754 1747 si
782 1692 881 1750 occidit
935 1696 1021 1761 potest
1034 1690 1178 1762 probibere
1208 1707 1270 1763 quse
1293 1691 1372 1747 nihili
1400 1689 1472 1747 lenit.
1496 1687 1568 1760 Ergo
1594 1682 1728 1740 incumbit

81 1768 254 1840 quoaetille
280 1774 460 1845 reprobavit?
487 1776 510 1833 si
537 1777 613 1851 prior
625 1778 763 1837 inimicam
781 1781 810 1837 io
831 1797 879 1840 eos
933 1777 1463 1850 dudoniexntherebtotrodteapud
1476 1773 1628 1834 Ecclesiam
1649 1787 1727 1829 mam

84 1857 245 1915 mutandam
280 1863 375 1919 statuit
402 1865 416 1920 i
448 1865 597 1940 Dereliquit
626 1868 698 1939 apud
725 1870 813 1928 Deum
837 1872 879 1944 ip·
930 1866 1030 1925 exinde
1043 1869 1168 1940 spiritum
1191 1867 1236 1925 dei
1263 1867 1366 1940 antiqui
1379 1882 1433 1924 non
1448 1866 1482 1923 sit
1502 1860 1725 1934 emungueodus.

87 1949 232 2005 sorumls
250 1950 275 1991 88
287 1952 450 2024 exprobavit
464 1954 645 2028 iniquitatem,
661 1957 696 2013 ad
710 1973 791 2030 quera
809 1976 877 2032 per·
932 1964 959 2012 et
986 1959 1140 2030 prophetias
1157 1973 1219 2031 qum
1241 1973 1296 2014 non
1320 1957 1375 2013 sint
1389 1954 1465 2012 nihili
1492 1951 1634 2011 habendae.
1657 1948 1690 2004 Et
1703 1947 1727 2004 si

83 2033 153 2091 tinet
167 2035 263 2105 lesum
287 2051 362 2098 carte
389 2042 476 2112 quivis
502 2045 582 2113 alius,
603 2062 684 2119 quum
708 2046 879 2105 adversariae
930 2045 1050 2103 exhibuit
1063 2047 1134 2119 qnod
1149 2056 1238 2120 putet,
1259 2048 1327 2105 sciat
1343 2047 1369 2088 88
1382 2061 1432 2105 nos
1453 2042 1642 2118 quodcumque
1661 2036 1726 2094 illud

77 2122 149 2179 laesi.
164 2125 219 2181 Sed
233 2141 284 2184 neo
298 2139 436 2188 onerasset
449 2130 534 2202 illos,
559 2134 717 2206 imputando
731 2135 811 2192 etiam
826 2136 878 2195 Do·
930 2140 964 2191 ad
978 2135 1090 2193 formam
1102 2134 1230 2208 spiritalis
1242 2144 1269 2193 et
1283 2137 1448 2210 propheticae
1464 2132 1558 2208 gratiae
1578 2136 1659 2201 atque
1673 2126 1727 2184 vir·

77 2212 147 2268 mini
162 2229 265 2287 necem,
279 2220 366 2291 quiet
387 2223 539 2281 Dominam
558 2226 775 2296 interfecerant,
791 2224 879 2285 500
931 2223 996 2278 tutis
1009 2233 1214 2297 provocaturos,
1232 2231 1261 2281 ut
1273 2232 1300 2281 et
1314 2224 1404 2280 lutura
1427 2219 1599 2294 pronuntiet,
1624 2224 1651 2272 et
1677 2230 1727 2271 oc-

76 2299 207 2377 dicendo,
227 2309 257 2363 et
267 2308 422 2383 propbetas
434 2328 498 2371 suos
515 2311 602 2382 ,·lioet
619 2330 684 2371 suos
703 2315 822 2386 adjectio
843 2314 878 2371 sit
930 2313 1101 2370 oultaoordis
1115 2314 1224 2380 revelet,
1247 2323 1274 2369 et
1299 2319 1468 2371 sacramenta
1491 2311 1631 2368 edisserat.
1658 2306 1727 2362 Cum

78 2393 212 2451 baeretici.
228 2395 299 2466 Quid
313 2400 387 2455 enim
411 2411 464 2459 tam
491 2404 630 2472 acerbum,
659 2404 683 2460 si
693 2404 805 2463 alterius
828 2404 878 2462 liei
930 2401 997 2457 nihil
1013 2403 1064 2458 tale
1080 2402 1221 2474 protulerit
1233 2417 1265 2459 ac
1280 2402 1418 2476 probauit,
1445 2416 1496 2459 nos
1519 2397 1688 2472 proteramus
1701 2404 1728 2451 et

79 2483 290 2552 praebitorem
304 2489 444 2546 Christum
471 2491 692 2560 intermoreruut,
706 2494 753 2567 qui
771 2494 813 2551 aui
828 2493 878 2550 Dei
930 2489 1052 2562 spiritum
1076 2500 1102 2548 ct
1125 2492 1280 2563 prophetias
1293 2491 1438 2558 creatoris,
1466 2487 1617 2547 secundum
1636 2486 1726 2558 ipsum

78 2573 226 2644 propbetas
253 2578 542 2638 contrucidaverunt?
564 2582 654 2639 Status
672 2591 762 2641 autem
792 2601 876 2659 exag-
929 2580 1115 2653 praedicantes.
1137 2583 1225 2653 Atque
1253 2581 1290 2637 ita
1313 2579 1449 2638 constabit
1475 2578 1622 2652 Apostolus
1643 2574 1669 2613 88
1692 2573 1727 2630 de

79 2661 239 2731 necationis,
254 2667 326 2735 quod
340 2675 368 2723 et
382 2668 528 2726 Dominum
547 2681 574 2728 et
601 2670 717 2728 famulos
734 2673 795 2744 ejus
811 2689 877 2744 per·
930 2670 1029 2740 quibus
1039 2670 1146 2737 dixerit,
1162 2671 1195 2726 de
1210 2671 1249 2728 eia
1263 2670 1365 2728 scilicet
1378 2686 1441 2742 qnae
1455 2662 1662 2725 intorserantin
1676 2662 1727 2718 lio·

77 2749 221 2808 emissent.
242 2754 375 2828 Denique,
392 2758 416 2813 si
435 2758 547 2816 alterius
561 2760 610 2818 Dei
635 2761 780 2832 Christum,
806 2763 876 2820 alte·
929 2757 1014 2813 alesia
1027 2759 1089 2829 ejus
1106 2757 1160 2826 dei,
1174 2757 1220 2831 qui
1234 2758 1300 2814 dum
1309 2764 1360 2824 est,
1374 2757 1485 2828 spiritus
1498 2768 1608 2827 quoque
1623 2753 1682 2822 eJus
1702 2750 1727 2848 ⁹¹.

79 2837 138 2895 rias
148 2842 298 2913 prophetas
310 2856 492 2916 peremerunt,
507 2849 624 2922 aequavit
638 2850 799 2922 impietates,
821 2865 876 2908 non
933 2854 1067 2918 oporatur,
1082 2855 1109 2904 et
1127 2847 1271 2918 promissio
1298 2847 1459 2903 celebratur.
1484 2845 1545 2920 Age
1569 2855 1729 2912 nuno,qu1

78 2932 264 3005 exaggeravit.
289 2933 431 3008 AEqoanda
444 2945 532 2994 annm
543 2953 597 2996 non
622 2938 671 2995 luit
687 2957 693 3007 ;
710 2955 775 3012 ergo
791 2955 877 3014 exag-
930 2935 1045 2991 salutern
1061 2937 1151 2992 cernis
1162 2936 1291 3002 abnuitis,
1306 2944 1333 2992 et
1350 2935 1497 3009 siquando
1511 2947 1612 3005 corpus
1627 2929 1656 2986 in
1674 2928 1727 2986 bv·

77 3019 169 3089 gerari
185 3035 240 3076 non
254 3025 345 3093 potuit
359 3066 366 3093 ,
385 3025 436 3082 nisi
455 3026 484 3083 iu
498 3029 624 3085 eumdem
635 3028 781 3086 Dominum
803 3045 875 3088 pom-
887 3027 910 3109 0
921 3022 1039 3093 jusmodi
1059 3024 1279 3096 praenominatur,
1295 3024 1366 3079 eliud
1385 3024 1478 3081 nescio
1496 3021 1561 3097 quid
1590 3020 1728 3089 interpro-

79 3106 343 3185 romanunque
357 3113 446 3172 titulo.
462 3118 537 3190 Ergo
550 3119 673 3189 ejusdem
691 3119 740 3175 Dei
755 3117 880 3177 Christus
932 3111 1024 3167 nmini
1047 3111 1126 3183 illud,
1154 3127 1235 3183 818888
1259 3112 1438 3169 888888888888
1463 3105 1727 3202 cat¹¹i⁸ill¹¹⁰¹¹¹fflio

79 3199 108 3250 et
120 3197 272 3266 prophetae.
288 3199 376 3270 Quam
390 3211 482 3259 autem
495 3207 681 3264 sanctitatem
694 3209 879 3264 nostramve·
932 3197 1081 3271 Apostolus
1094 3213 1189 3255 ornnes
1197 3199 1226 3254 in
1239 3198 1316 3257 novis
1329 3197 1488 3255 substantiis
1502 3195 1585 3254 cartis
1613 3195 1728 3251 nomint·
1752 3267 1757 3276 ι

81 3281 227 3343 anatem
251 3291 300 3346 Dei
332 3289 416 3358 dicat,
445 3309 477 3348 ex
499 3295 642 3352 contrariis
665 3310 726 3368 quae
754 3295 881 3367 prohibet
932 3287 984 3343 bus
998 3288 1165 3356 distinxit,et
1179 3303 1274 3344 ornnes
1288 3287 1316 3342 in
1330 3303 1385 3344 uno
1399 3292 1464 3344 voto
1477 3282 1728 3343 constituitsalutis

80 3385 261 3444 agnosceres.
272 3377 418 3439 Abstinere
427 3381 453 3421 88
467 3381 589 3455 inquito
603 3388 782 3458 stuprando
796 3399 879 3440 ama·
934 3384 1071 3452 optansot
1079 3379 1200 3452 spiritns
1207 3383 1304 3437 noster
1313 3382 1484 3453 etcorpaset
1493 3375 1659 3435 animosior
1666 3387 1728 3446 pac·

81 3460 221 3520 ammonio.
236 3465 314 3526 Scire
327 3484 557 3545 unamquemque
571 3489 657 3531 soom
670 3474 758 3531 oasin
774 3475 880 3532 nonore
933 3469 1036 3524 ralatio
1049 3468 1201 3526 adventum
1224 3469 1340 3525 Domini
1352 3471 1382 3526 tt
1403 3466 1621 3538 solvtifittitrt't
1636 3466 1728 3520 8888888

49 3542 54 3551 ’
84 3555 223 3613 tractare.
239 3553 402 3624 Quomooot
421 3561 492 3617 Dum
503 3576 558 3618 non
573 3562 601 3617 in
614 3561 735 3632 libidine,
747 3578 801 3635 que
814 3578 881 3636 gen·
936 3556 1042 3615 Christi
1051 3559 1353 3616 conservantariNam
1363 3564 1391 3613 et
1402 3557 1519 3613 animam
1532 3554 1728 3628 posuitetaor7

81 3647 145 3713 tes;
162 3641 246 3701 libido
260 3653 349 3704 autem
365 3664 415 3706 nec
430 3651 502 3722 apud
527 3658 623 3725 pontes
645 3653 817 3710 matrimonio
831 3655 881 3709 ad.
933 3661 995 3717 pus,
1013 3655 1067 3703 tam
1079 3646 1147 3703 duas
1175 3662 1219 3703 res
1241 3662 1323 3719 quam
1351 3646 1491 3703 diversas:
1512 3645 1577 3702 licet
1603 3643 1677 3700 enim
1700 3646 1728 3697 et

80 3729 220 3800 scribitur,
248 3736 538 3811 sedertraordinariis,
562 3748 590 3796 et
604 3756 658 3799 non
672 3743 841 3799 naturalibus
854 3750 881 3800 et
934 3736 1031 3792 animm
1049 3751 1149 3809 eorpus
1162 3736 1197 3793 sit
1211 3736 1321 3811 aliquod
1345 3752 1402 3793 suae
1428 3734 1577 3808 qualitatis,
1606 3732 1676 3790 sicut
1702 3736 1730 3787 et

79 3821 256 3888 portentosis.
280 3824 413 3882 Sanctitas
431 3827 545 3886 luxuriae
579 3837 621 3887 est
663 3831 791 3902 turpidioi
822 3832 880 3904 (at)
933 3826 1063 3898 spiritus;
1081 3842 1142 3885 com
1158 3834 1247 3884 tantm
1267 3835 1295 3884 et
1321 3841 1420 3898 eorpus
1436 3835 1463 3883 et
1485 3828 1574 3882 anima
1598 3823 1729 3883 disdnote

79 3921 192 3980 quoque
220 3909 397 3972 immunditiae
424 3917 449 3956 88
476 3918 634 3986 contrarie,
658 3935 718 3991 quae
746 3935 800 3976 non
820 3936 880 3976 ma·
903 3979 905 3983 ,
934 3917 1115 3984 nominantur,
1131 3917 1214 3974 hebet
1227 3916 1317 3974 anima
1336 3916 1363 3955 ⁹²
1385 3933 1465 3974 suum
1479 3914 1641 3975 vocabulum
1664 3926 1730 3986 pro·

79 3995 240 4055 trimodiam
255 4001 396 4071 excludat,
412 4003 460 4061 sed
490 4005 627 4063 libidinem
644 4024 652 4075 ;
668 4023 728 4081 quae
751 4024 800 4065 vus
814 4022 880 4065 nos·
934 4007 1032 4077 prium,
1048 4021 1103 4062 non
1122 4021 1206 4080 egens
1230 4007 1367 4064 communi
1381 4006 1513 4064 vocabulo
1536 4004 1661 4079 eorporis
1677 4024 1684 4074 ;
1701 4002 1729 4058 id

78 4085 194 4142 trumin
220 4088 321 4147 honore
347 4092 514 4149 matrimonii
543 4102 651 4153 tractet.
683 4097 759 4153 Hune
788 4105 878 4153 autem
932 4094 1095 4167 relinquitur
1108 4096 1194 4167 carni,
1209 4110 1269 4170 quta
1278 4111 1334 4153 non
1357 4098 1496 4153 nominata
1510 4096 1631 4168 proprio,
1651 4109 1729 4152 corn-

79 4172 183 4240 locnrn,
196 4176 275 4233 salva
295 4179 416 4251 alterius,
447 4180 475 4236 id
504 4190 545 4239 est
571 4186 701 4254 plenioris
728 4186 879 4242 sanctitatis
932 4184 1006 4238 muni
1020 4191 1108 4240 utatur
1121 4200 1234 4242 necesse
1251 4191 1306 4242 eat.
1320 4185 1426 4241 Etenim
1448 4185 1528 4240 aliam
1552 4181 1730 4239 substantiam

79 4263 247 4334 probatore,
265 4271 444 4339 tractaverim,
464 4274 656 4331 conunentiam
685 4287 712 4331 et
737 4275 877 4347 virginita-
933 4271 961 4328 in
975 4273 1086 4329 homine
1099 4288 1154 4327 non
1168 4272 1246 4329 video
1261 4281 1324 4344 past
1339 4272 1465 4343 spiritum
1483 4280 1511 4328 et
1533 4271 1661 4337 animam,
1685 4271 1730 4327 oui

78 4358 135 4407 tem
158 4356 261 4428 nuptiis
288 4367 455 4432 anteponens
478 4362 547 4434 (52),
571 4363 619 4420 sed
642 4379 696 4420 non
711 4363 853 4436 prohibitis
868 4389 876 4437 ;
894 4320 918 4402 n
933 4360 1093 4419 vocabulum
1112 4360 1475 4432 corporisaoeommodetur,
1496 4369 1595 4430 praeter
1608 4374 1729 4417 manem.
1772 4430 1775 4437 Ι

77 4439 263 4501 destructores
280 4446 354 4503 anim
376 4449 428 4505 Dei
456 4451 629 4523 nuptiarum,
660 4467 714 4508 non
734 4459 880 4511 amotores
933 4451 1008 4509 liano
1022 4451 1121 4509 totiens
1135 4450 1163 4504 in
1183 4448 1308 4520 corporis
1328 4448 1439 4505 nomine
1467 4447 1633 4523 intelligens,
1656 4463 1729 4519 quo·

76 4528 208 4586 oasdmds
223 4535 346 4592 retundo.
362 4537 407 4593 Ait
422 4554 467 4599 eos
481 4542 530 4613 qai
543 4546 712 4600 remaneant
728 4543 759 4599 in
774 4542 878 4600 aduen-
933 4541 1002 4598 tiens
1016 4556 1070 4598 non
1096 4539 1269 4612 nominator,
1294 4536 1478 4609 multomagis
1499 4535 1554 4606 hic,
1578 4552 1641 4596 cum
1669 4554 1730 4612 quae

79 4617 178 4675 ὶιωη85
191 4619 429 4692 Christioumem
440 4631 609 4701 quimorttti
619 4633 651 4688 io
667 4631 777 4689 Christo
787 4632 878 4704 primi
931 4630 1028 4688 dicitur
1051 4645 1161 4702 corpus,
1174 4643 1224 4686 suo
1239 4626 1515 4698 nomineappellntur.

766 4730 864 4794 Verisa
884 4733 1040 4797 lectiones.

112 4825 137 4863 ⁸¹
152 4825 231 4883 Enim
252 4830 353 4911 'omitt
368 4832 454 4890 Semi.
481 4833 507 4873 ⁸²
534 4833 568 4891 lit
580 4835 645 4893 odd.
671 4838 755 4897 Semi·
775 4839 801 4879 ⁸³
815 4837 892 4895 Enim
907 4838 973 4897 add.
991 4837 1101 4896 Obortis.
1111 4842 1174 4911 post
1188 4837 1273 4896 Senot.
1289 4838 1314 4876 ⁰⁴
1338 4834 1663 4922 lamentantis-Luxuria
1677 4844 1729 4908 est,

212 4903 745 5048 rossemannorot·
759 4909 1503 5043 transsumunturteoct-
1517 4909 1543 4950 ⁰
1791 4959 1799 4967 -

777 5082 1027 5148 Commentarius.

115 5177 173 5250 (50)
187 5181 328 5239 Ponticas
352 5183 497 5244 biornoth
515 5184 624 5256 Optime
633 5189 751 5260 conjecit
768 5189 877 5247 libens·
933 5204 1013 5247 omne
1026 5189 1105 5246 tollit.
1121 5189 1161 5247 bn
1179 5190 1230 5246 Pn.

77 5250 290 5324 perlegendum
305 5256 503 5329 Ponticaspro
517 5259 741 5328 renouauerat
755 5262 880 5319 Marcion
968 5263 1027 5336 (bi)
1046 5262 1261 5322 continentiam
1273 5266 1302 5319 at
1313 5263 1509 5336 oirpinitatam
1519 5268 1631 5340 nuptiis
1645 5269 1731 5323 ante·

76 5319 190 5378 el’onto
200 5323 345 5382 oriundus.
361 5326 400 5382 Ln
410 5327 459 5384 Pr.
931 5350 1049 5408 ponens.
1066 5333 1119 5404 Qui
1133 5333 1298 5408 virginitatis
1311 5344 1377 5392 vota
1404 5344 1432 5392 et
1452 5337 1625 5394 continentiae
1652 5336 1731 5393 inse·

114 5392 172 5461 (dl)
187 5396 334 5453 Sanctitas
349 5398 532 5458 tonnmoe’est
550 5401 735 5474 turpitudini,
749 5410 802 5462 etc.
818 5406 877 5462 Non
933 5412 1039 5462 ctantur
1053 5406 1182 5479 haeretici,
1199 5408 1234 5463 ad
1248 5409 1320 5464 huno
1333 5407 1420 5464 locum
1443 5408 1592 5474 advertant,
1609 5408 1731 5476 aliosque

76 5461 145 5520 adeo
156 5467 241 5521 textui
255 5469 428 5525 consentiunt
441 5472 488 5542 qui
500 5472 596 5545 legunt
616 5475 745 5540 lasona,
776 5485 804 5534 et
832 5476 880 5550 qui
935 5477 1064 5547 plurimos
1080 5479 1150 5551 apud
1166 5479 1418 5551 buncscriptorem,
1435 5479 1470 5535 de
1499 5480 1587 5536 datto
1599 5481 1682 5550 forn,
1696 5476 1731 5535 de

76 5533 147 5618 adan
163 5543 254 5594 notam
269 5539 438 5598 Tertulliano
451 5543 605 5619 impingunt
619 5546 687 5601 male
710 5546 795 5602 habiti
819 5563 878 5603 ma·
938 5550 1022 5625 Vtra,
1036 5551 1103 5614 oet,
1118 5557 1146 5605 et
1160 5551 1208 5607 lib.
1224 5550 1236 5607 l
1250 5551 1287 5608 ad
1299 5553 1427 5612 osorem
1442 5549 1481 5607 lm
1496 5551 1546 5606 Pa.

74 5608 200 5667 tremonia
215 5631 223 5682 ;
239 5625 303 5668 nam
317 5629 379 5688 quae
393 5615 517 5689 sequitur
532 5617 674 5692 particula,
690 5617 879 5687 non,dubiurn
