<?xml version="1.0" encoding="UTF-8"?>
<!DOCTYPE html PUBLIC "-//W3C//DTD XHTML 1.0 Transitional//EN"
    "http://www.w3.org/TR/xhtml1/DTD/xhtml1-transitional.dtd">
<html xmlns="http://www.w3.org/1999/xhtml" xml:lang="en" lang="en">
 <head>
  <title>
</title>
<meta http-equiv="Content-Type" content="text/html;charset=utf-8" />
  <meta name='ocr-system' content='tesseract 3.04.00' />
  <meta name='ocr-capabilities' content='ocr_page ocr_carea ocr_par ocr_line ocrx_word'/>
</head>
<body>
  <div class='ocr_page' id='page_1' title='image "./patrologiaecurs51unkngoog_0248.png"; bbox 0 0 3840 6134; ppageno 0'>
   <div class='ocr_carea' id='block_1_1' title="bbox 142 322 196 399">
    <p class='ocr_par' dir='ltr' id='par_1_1' title="bbox 142 322 196 399">
     <span class='ocr_line' id='line_1_1' title="bbox 142 322 196 399; baseline -0.019 -15"><span class='ocrx_word' id='word_1_1' title='bbox 142 322 196 399; x_wconf 66' lang='lat'>485</span> 
     </span>
    </p>
   </div>
   <div class='ocr_carea' id='block_1_2' title="bbox 750 319 1187 386">
    <p class='ocr_par' dir='ltr' id='par_1_2' title="bbox 750 319 1187 386">
     <span class='ocr_line' id='line_1_2' title="bbox 750 319 1187 386; baseline -0.002 -2"><span class='ocrx_word' id='word_1_2' title='bbox 750 325 813 384; x_wconf 79' lang='lat' dir='ltr'>hili.</span> <span class='ocrx_word' id='word_1_3' title='bbox 834 321 867 384; x_wconf 86' lang='lat' dir='ltr'>itt</span> <span class='ocrx_word' id='word_1_4' title='bbox 886 319 964 384; x_wconf 82' lang='lat' dir='ltr'>alit.</span> <span class='ocrx_word' id='word_1_5' title='bbox 984 323 1187 386; x_wconf 74' lang='lat' dir='ltr'>MARCIONEM.</span> 
     </span>
    </p>
   </div>
   <div class='ocr_carea' id='block_1_3' title="bbox 1739 337 1792 396">
    <p class='ocr_par' dir='ltr' id='par_1_3' title="bbox 1739 337 1792 396">
     <span class='ocr_line' id='line_1_3' title="bbox 1739 337 1792 396; baseline 0.038 -2"><span class='ocrx_word' id='word_1_6' title='bbox 1739 337 1792 396; x_wconf 81' lang='lat' dir='ltr'>iso</span> 
     </span>
    </p>
   </div>
   <div class='ocr_carea' id='block_1_4' title="bbox 142 449 1792 614">
    <p class='ocr_par' dir='ltr' id='par_1_4' title="bbox 142 449 1792 614">
     <span class='ocr_line' id='line_1_4' title="bbox 142 449 1792 548; baseline 0.007 -41"><span class='ocrx_word' id='word_1_7' title='bbox 142 462 192 522; x_wconf 93' lang='lat' dir='ltr'>tur,</span> <span class='ocrx_word' id='word_1_8' title='bbox 208 449 377 505; x_wconf 90' lang='lat' dir='ltr'>nondealio</span> <span class='ocrx_word' id='word_1_9' title='bbox 392 452 448 505; x_wconf 79' lang='lat' dir='ltr'>lieo</span> <span class='ocrx_word' id='word_1_10' title='bbox 471 450 679 523; x_wconf 86' lang='lat' dir='ltr'>interrogantes,</span> <span class='ocrx_word' id='word_1_11' title='bbox 703 467 753 508; x_wconf 91' lang='lat' dir='ltr'>uec</span> <span class='ocrx_word' id='word_1_12' title='bbox 772 453 806 509; x_wconf 91' lang='lat' dir='ltr'>de</span> <span class='ocrx_word' id='word_1_13' title='bbox 831 454 939 524; x_wconf 91' lang='lat' dir='ltr'>proprio</span> <span class='ocrx_word' id='word_1_14' title='bbox 955 468 980 548; x_wconf 64' lang='lat' dir='ltr'>fl</span> <span class='ocrx_word' id='word_1_15' title='bbox 995 453 1110 527; x_wconf 86' lang='lat' dir='ltr'>gloriam</span> <span class='ocrx_word' id='word_1_16' title='bbox 1134 460 1267 525; x_wconf 75' lang='lat' dir='ltr'>spectaret</span> <span class='ocrx_word' id='word_1_17' title='bbox 1291 452 1388 509; x_wconf 79' lang='lat' dir='ltr'>Christi</span> <span class='ocrx_word' id='word_1_18' title='bbox 1415 457 1440 493; x_wconf 81' lang='grc'>66</span> <span class='ocrx_word' id='word_1_19' title='bbox 1464 456 1607 527; x_wconf 87' lang='lat' dir='ltr'>Creatoris‚</span> <span class='ocrx_word' id='word_1_20' title='bbox 1624 460 1662 518; x_wconf 91' lang='lat' dir='ltr'>sic</span> <span class='ocrx_word' id='word_1_21' title='bbox 1686 464 1709 501; x_wconf 81' lang='grc'>66</span> <span class='ocrx_word' id='word_1_22' title='bbox 1739 482 1792 521; x_wconf 92' lang='lat' dir='ltr'>nori</span> 
     </span>
     <span class='ocr_line' id='line_1_5' title="bbox 142 541 1595 614; baseline 0.002 -17"><span class='ocrx_word' id='word_1_23' title='bbox 142 541 294 614; x_wconf 86' lang='lat' dir='ltr'>nuptiarum</span> <span class='ocrx_word' id='word_1_24' title='bbox 306 541 369 610; x_wconf 87' lang='lat' dir='ltr'>jure</span> <span class='ocrx_word' id='word_1_25' title='bbox 388 549 546 612; x_wconf 75' lang='lat' dir='ltr'>querentes.</span> <span class='ocrx_word' id='word_1_26' title='bbox 563 541 643 611; x_wconf 87' lang='lat' dir='ltr'>Quod</span> <span class='ocrx_word' id='word_1_27' title='bbox 669 542 691 598; x_wconf 93' lang='lat' dir='ltr'>si</span> <span class='ocrx_word' id='word_1_28' title='bbox 705 542 740 597; x_wconf 89' lang='lat' dir='ltr'>ad</span> <span class='ocrx_word' id='word_1_29' title='bbox 759 558 791 598; x_wconf 87' lang='lat' dir='ltr'>ea</span> <span class='ocrx_word' id='word_1_30' title='bbox 810 541 876 598; x_wconf 88' lang='lat' dir='ltr'>lacis</span> <span class='ocrx_word' id='word_1_31' title='bbox 892 560 937 599; x_wconf 89' lang='lat' dir='ltr'>re·</span> <span class='ocrx_word' id='word_1_32' title='bbox 994 541 1063 596; x_wconf 89' lang='lat' dir='ltr'>alius</span> <span class='ocrx_word' id='word_1_33' title='bbox 1074 549 1203 609; x_wconf 90' lang='lat' dir='ltr'>tueretur,</span> <span class='ocrx_word' id='word_1_34' title='bbox 1216 556 1297 613; x_wconf 91' lang='lat' dir='ltr'>quam</span> <span class='ocrx_word' id='word_1_35' title='bbox 1313 541 1435 598; x_wconf 91' lang='lat' dir='ltr'>Christus</span> <span class='ocrx_word' id='word_1_36' title='bbox 1450 545 1595 603; x_wconf 88' lang='lat' dir='ltr'>Creatoris.</span> 
     </span>
    </p>
   </div>
   <div class='ocr_carea' id='block_1_5' title="bbox 137 629 937 1672">
    <p class='ocr_par' dir='ltr' id='par_1_5' title="bbox 137 629 937 1672">
     <span class='ocr_line' id='line_1_6' title="bbox 141 629 937 703; baseline -0.003 -15"><span class='ocrx_word' id='word_1_37' title='bbox 141 629 277 703; x_wconf 91' lang='lat' dir='ltr'>spondere</span> <span class='ocrx_word' id='word_1_38' title='bbox 298 629 446 694; x_wconf 78' lang='lat' dir='ltr'>Christum,</span> <span class='ocrx_word' id='word_1_39' title='bbox 470 630 503 685; x_wconf 91' lang='lat' dir='ltr'>de</span> <span class='ocrx_word' id='word_1_40' title='bbox 527 630 625 703; x_wconf 91' lang='lat' dir='ltr'>quibus</span> <span class='ocrx_word' id='word_1_41' title='bbox 647 646 702 686; x_wconf 93' lang='lat' dir='ltr'>non</span> <span class='ocrx_word' id='word_1_42' title='bbox 724 640 766 688; x_wconf 90' lang='lat' dir='ltr'>est</span> <span class='ocrx_word' id='word_1_43' title='bbox 788 632 937 698; x_wconf 90' lang='lat' dir='ltr'>consultus,</span> 
     </span>
     <span class='ocr_line' id='line_1_7' title="bbox 141 717 937 792; baseline 0 -16"><span class='ocrx_word' id='word_1_44' title='bbox 141 734 225 792; x_wconf 86' lang='lat' dir='ltr'>negas</span> <span class='ocrx_word' id='word_1_45' title='bbox 238 733 301 776; x_wconf 91' lang='lat' dir='ltr'>euin</span> <span class='ocrx_word' id='word_1_46' title='bbox 320 717 355 772; x_wconf 89' lang='lat' dir='ltr'>de</span> <span class='ocrx_word' id='word_1_47' title='bbox 383 717 482 789; x_wconf 88' lang='lat' dir='ltr'>quibas</span> <span class='ocrx_word' id='word_1_48' title='bbox 503 717 685 792; x_wconf 84' lang='lat' dir='ltr'>interrogatus</span> <span class='ocrx_word' id='word_1_49' title='bbox 704 727 745 775; x_wconf 88' lang='lat' dir='ltr'>cst</span> <span class='ocrx_word' id='word_1_50' title='bbox 773 719 937 788; x_wconf 88' lang='lat' dir='ltr'>respondere</span> 
     </span>
     <span class='ocr_line' id='line_1_8' title="bbox 141 804 935 879; baseline 0.001 -18"><span class='ocrx_word' id='word_1_51' title='bbox 141 806 272 879; x_wconf 89' lang='lat' dir='ltr'>potuisse,</span> <span class='ocrx_word' id='word_1_52' title='bbox 297 804 510 860; x_wconf 83' lang='lat' dir='ltr'>sadduceorum</span> <span class='ocrx_word' id='word_1_53' title='bbox 533 804 635 861; x_wconf 90' lang='lat' dir='ltr'>scilicet</span> <span class='ocrx_word' id='word_1_54' title='bbox 662 806 794 877; x_wconf 88' lang='lat' dir='ltr'>sapientia</span> <span class='ocrx_word' id='word_1_55' title='bbox 816 814 935 879; x_wconf 90' lang='lat' dir='ltr'>captura.</span> 
     </span>
     <span class='ocr_line' id='line_1_9' title="bbox 139 893 936 967; baseline 0.003 -16"><span class='ocrx_word' id='word_1_56' title='bbox 139 895 176 951; x_wconf 80' lang='lat' dir='ltr'>lla</span> <span class='ocrx_word' id='word_1_57' title='bbox 190 893 340 951; x_wconf 79' lang='lat' dir='ltr'>abundanti</span> <span class='ocrx_word' id='word_1_58' title='bbox 354 908 428 950; x_wconf 92' lang='lat' dir='ltr'>nunc</span> <span class='ocrx_word' id='word_1_59' title='bbox 441 902 468 950; x_wconf 90' lang='lat' dir='ltr'>et</span> <span class='ocrx_word' id='word_1_60' title='bbox 489 900 549 967; x_wconf 91' lang='lat' dir='ltr'>post</span> <span class='ocrx_word' id='word_1_61' title='bbox 573 894 813 965; x_wconf 77' lang='lat' dir='ltr'>praescriptionem,</span> <span class='ocrx_word' id='word_1_62' title='bbox 834 903 936 953; x_wconf 84' lang='lat' dir='ltr'>retrac-</span> 
     </span>
     <span class='ocr_line' id='line_1_10' title="bbox 140 983 937 1054; baseline -0.001 -12"><span class='ocrx_word' id='word_1_63' title='bbox 140 987 200 1042; x_wconf 85' lang='lat' dir='ltr'>tabo</span> <span class='ocrx_word' id='word_1_64' title='bbox 227 984 358 1040; x_wconf 84' lang='lat' dir='ltr'>adversus</span> <span class='ocrx_word' id='word_1_65' title='bbox 379 983 628 1054; x_wconf 79' lang='lat' dir='ltr'>argumentationes</span> <span class='ocrx_word' id='word_1_66' title='bbox 654 985 829 1042; x_wconf 76' lang='lat' dir='ltr'>coherentes.</span> <span class='ocrx_word' id='word_1_67' title='bbox 858 985 937 1042; x_wconf 91' lang='lat' dir='ltr'>Nacti</span> 
     </span>
     <span class='ocr_line' id='line_1_11' title="bbox 139 1071 936 1145; baseline 0 -16"><span class='ocrx_word' id='word_1_68' title='bbox 139 1073 209 1130; x_wconf 91' lang='lat' dir='ltr'>enini</span> <span class='ocrx_word' id='word_1_69' title='bbox 224 1071 371 1141; x_wconf 85' lang='lat' dir='ltr'>Scripturas</span> <span class='ocrx_word' id='word_1_70' title='bbox 394 1079 505 1137; x_wconf 80' lang='lat' dir='ltr'>textum,</span> <span class='ocrx_word' id='word_1_71' title='bbox 527 1072 564 1128; x_wconf 88' lang='lat' dir='ltr'>ita</span> <span class='ocrx_word' id='word_1_72' title='bbox 588 1072 615 1125; x_wconf 91' lang='lat' dir='ltr'>ia</span> <span class='ocrx_word' id='word_1_73' title='bbox 635 1072 749 1145; x_wconf 87' lang='lat' dir='ltr'>legendo</span> <span class='ocrx_word' id='word_1_74' title='bbox 776 1073 936 1129; x_wconf 88' lang='lat' dir='ltr'>decucurre-</span> 
     </span>
     <span class='ocr_line' id='line_1_12' title="bbox 139 1159 935 1231; baseline -0.003 -13"><span class='ocrx_word' id='word_1_75' title='bbox 139 1169 222 1218; x_wconf 90' lang='lat' dir='ltr'>rant:</span> <span class='ocrx_word' id='word_1_76' title='bbox 252 1161 327 1228; x_wconf 78' lang='lat' dir='ltr'>Quos</span> <span class='ocrx_word' id='word_1_77' title='bbox 345 1162 444 1216; x_wconf 83' lang='lat' dir='ltr'>actem</span> <span class='ocrx_word' id='word_1_78' title='bbox 467 1159 603 1231; x_wconf 71' lang='lat' dir='ltr'>disiectas</span> <span class='ocrx_word' id='word_1_79' title='bbox 618 1164 660 1216; x_wconf 87' lang='lat' dir='ltr'>est</span> <span class='ocrx_word' id='word_1_80' title='bbox 674 1162 748 1216; x_wconf 79' lang='lat' dir='ltr'>liciis</span> <span class='ocrx_word' id='word_1_81' title='bbox 762 1161 844 1216; x_wconf 81' lang='lat' dir='ltr'>illitis</span> <span class='ocrx_word' id='word_1_82' title='bbox 863 1162 916 1217; x_wconf 85' lang='lat' dir='ltr'>mvi</span> <span class='ocrx_word' id='word_1_83' title='bbox 924 1181 935 1230; x_wconf 89' lang='lat'><em>;</em></span> 
     </span>
     <span class='ocr_line' id='line_1_13' title="bbox 138 1248 935 1322; baseline 0.001 -18"><span class='ocrx_word' id='word_1_84' title='bbox 138 1251 218 1308; x_wconf 83' lang='lat' dir='ltr'>illitis</span> <span class='ocrx_word' id='word_1_85' title='bbox 232 1250 287 1306; x_wconf 79' lang='lat' dir='ltr'>tevi</span> <span class='ocrx_word' id='word_1_86' title='bbox 300 1248 358 1303; x_wconf 85' lang='lat' dir='ltr'>Deo</span> <span class='ocrx_word' id='word_1_87' title='bbox 370 1248 531 1322; x_wconf 87' lang='lat' dir='ltr'>adjungunt,</span> <span class='ocrx_word' id='word_1_88' title='bbox 547 1248 619 1320; x_wconf 87' lang='lat' dir='ltr'>qnod</span> <span class='ocrx_word' id='word_1_89' title='bbox 638 1249 720 1304; x_wconf 91' lang='lat' dir='ltr'>alium</span> <span class='ocrx_word' id='word_1_90' title='bbox 735 1250 822 1304; x_wconf 91' lang='lat' dir='ltr'>Deum</span> <span class='ocrx_word' id='word_1_91' title='bbox 837 1249 935 1306; x_wconf 84' lang='lat' dir='ltr'>iaciant</span> 
     </span>
     <span class='ocr_line' id='line_1_14' title="bbox 137 1337 936 1410; baseline -0.004 -13"><span class='ocrx_word' id='word_1_92' title='bbox 137 1338 285 1409; x_wconf 81' lang='lat' dir='ltr'>illiusaeii;</span> <span class='ocrx_word' id='word_1_93' title='bbox 297 1354 360 1395; x_wconf 91' lang='lat' dir='ltr'>cum</span> <span class='ocrx_word' id='word_1_94' title='bbox 369 1337 408 1392; x_wconf 90' lang='lat' dir='ltr'>sic</span> <span class='ocrx_word' id='word_1_95' title='bbox 417 1337 471 1410; x_wconf 88' lang='lat' dir='ltr'>lagi</span> <span class='ocrx_word' id='word_1_96' title='bbox 493 1348 617 1408; x_wconf 88' lang='lat' dir='ltr'>oporteat</span> <span class='ocrx_word' id='word_1_97' title='bbox 629 1354 636 1391; x_wconf 91' lang='lat'>:</span> <span class='ocrx_word' id='word_1_98' title='bbox 650 1338 720 1407; x_wconf 82' lang='lat' dir='ltr'>Quos</span> <span class='ocrx_word' id='word_1_99' title='bbox 730 1343 827 1395; x_wconf 82' lang='lat' dir='ltr'>autem</span> <span class='ocrx_word' id='word_1_100' title='bbox 837 1337 936 1410; x_wconf 78' lang='lat' dir='ltr'>digno·</span> 
     </span>
     <span class='ocr_line' id='line_1_15' title="bbox 139 1422 933 1497; baseline -0.006 -14"><span class='ocrx_word' id='word_1_101' title='bbox 139 1433 182 1484; x_wconf 76' lang='lat' dir='ltr'>tiis</span> <span class='ocrx_word' id='word_1_102' title='bbox 197 1431 242 1486; x_wconf 83' lang='lat' dir='ltr'>est</span> <span class='ocrx_word' id='word_1_103' title='bbox 255 1428 339 1494; x_wconf 81' lang='lat' dir='ltr'>aeas,</span> <span class='ocrx_word' id='word_1_104' title='bbox 356 1431 385 1480; x_wconf 94' lang='lat' dir='ltr'>ut</span> <span class='ocrx_word' id='word_1_105' title='bbox 398 1422 468 1479; x_wconf 84' lang='lat' dir='ltr'>iacta</span> <span class='ocrx_word' id='word_1_106' title='bbox 495 1423 540 1478; x_wconf 91' lang='lat' dir='ltr'>bic</span> <span class='ocrx_word' id='word_1_107' title='bbox 553 1424 727 1480; x_wconf 90' lang='lat' dir='ltr'>distinctione</span> <span class='ocrx_word' id='word_1_108' title='bbox 749 1432 811 1497; x_wconf 90' lang='lat' dir='ltr'>post</span> <span class='ocrx_word' id='word_1_109' title='bbox 834 1425 933 1490; x_wconf 89' lang='lat' dir='ltr'>Deum,</span> 
     </span>
     <span class='ocr_line' id='line_1_16' title="bbox 137 1512 936 1587; baseline -0.005 -15"><span class='ocrx_word' id='word_1_110' title='bbox 137 1519 167 1572; x_wconf 85' lang='lat' dir='ltr'>ad</span> <span class='ocrx_word' id='word_1_111' title='bbox 180 1514 325 1587; x_wconf 86' lang='lat' dir='ltr'>sequentia</span> <span class='ocrx_word' id='word_1_112' title='bbox 334 1512 467 1585; x_wconf 88' lang='lat' dir='ltr'>pertineat</span> <span class='ocrx_word' id='word_1_113' title='bbox 479 1512 561 1569; x_wconf 81' lang='lat' dir='ltr'>iltius</span> <span class='ocrx_word' id='word_1_114' title='bbox 579 1513 642 1578; x_wconf 79' lang='lat' dir='ltr'>mvi,</span> <span class='ocrx_word' id='word_1_115' title='bbox 657 1512 747 1579; x_wconf 90' lang='lat' dir='ltr'>idest,</span> <span class='ocrx_word' id='word_1_116' title='bbox 762 1528 831 1585; x_wconf 88' lang='lat' dir='ltr'>quos</span> <span class='ocrx_word' id='word_1_117' title='bbox 841 1512 936 1586; x_wconf 88' lang='lat' dir='ltr'>digna·</span> 
     </span>
     <span class='ocr_line' id='line_1_17' title="bbox 138 1601 933 1672; baseline -0.005 -10"><span class='ocrx_word' id='word_1_118' title='bbox 138 1614 177 1663; x_wconf 91' lang='lat' dir='ltr'>tus</span> <span class='ocrx_word' id='word_1_119' title='bbox 192 1605 228 1660; x_wconf 91' lang='lat' dir='ltr'>sit</span> <span class='ocrx_word' id='word_1_120' title='bbox 237 1605 325 1672; x_wconf 86' lang='lat' dir='ltr'>Deus,</span> <span class='ocrx_word' id='word_1_121' title='bbox 337 1601 409 1657; x_wconf 92' lang='lat' dir='ltr'>illius</span> <span class='ocrx_word' id='word_1_122' title='bbox 428 1601 479 1656; x_wconf 84' lang='lat' dir='ltr'>aevi</span> <span class='ocrx_word' id='word_1_123' title='bbox 499 1602 667 1672; x_wconf 82' lang='lat' dir='ltr'>possessione</span> <span class='ocrx_word' id='word_1_124' title='bbox 687 1609 715 1657; x_wconf 92' lang='lat' dir='ltr'>et</span> <span class='ocrx_word' id='word_1_125' title='bbox 729 1602 933 1658; x_wconf 85' lang='lat' dir='ltr'>resurrectione.</span> 
     </span>
    </p>
   </div>
   <div class='ocr_carea' id='block_1_6' title="bbox 990 629 1842 1416">
    <p class='ocr_par' dir='ltr' id='par_1_6' title="bbox 1259 629 1525 688">
     <span class='ocr_line' id='line_1_18' title="bbox 1259 629 1525 688; baseline 0.015 -4"><span class='ocrx_word' id='word_1_126' title='bbox 1259 629 1372 687; x_wconf 77' lang='lat' dir='ltr'>CAPUT</span> <span class='ocrx_word' id='word_1_127' title='bbox 1391 632 1525 688; x_wconf 85' lang='lat' dir='ltr'><strong>XXXIX.</strong></span> 
     </span>
    </p>

    <p class='ocr_par' dir='ltr' id='par_1_7' title="bbox 990 718 1842 1416">
     <span class='ocr_line' id='line_1_19' title="bbox 1028 718 1789 798; baseline 0.017 -23"><span class='ocrx_word' id='word_1_128' title='bbox 1028 718 1097 775; x_wconf 90' lang='lat' dir='ltr'>Olim</span> <span class='ocrx_word' id='word_1_129' title='bbox 1110 719 1186 789; x_wconf 84' lang='lat' dir='ltr'>(liic.</span> <span class='ocrx_word' id='word_1_130' title='bbox 1198 721 1259 786; x_wconf 84' lang='lat' dir='ltr'>iiiii)</span> <span class='ocrx_word' id='word_1_131' title='bbox 1274 720 1397 776; x_wconf 89' lang='lat' dir='ltr'>constitit</span> <span class='ocrx_word' id='word_1_132' title='bbox 1411 721 1444 778; x_wconf 90' lang='lat' dir='ltr'>de</span> <span class='ocrx_word' id='word_1_133' title='bbox 1459 723 1601 780; x_wconf 88' lang='lat' dir='ltr'>nominum</span> <span class='ocrx_word' id='word_1_134' title='bbox 1617 728 1789 798; x_wconf 84' lang='lat' dir='ltr'>proprietate,</span> 
     </span>
     <span class='ocr_line' id='line_1_20' title="bbox 991 807 1790 882; baseline 0.014 -18"><span class='ocrx_word' id='word_1_135' title='bbox 991 815 1018 864; x_wconf 89' lang='lat' dir='ltr'>et</span> <span class='ocrx_word' id='word_1_136' title='bbox 1032 807 1106 864; x_wconf 91' lang='lat' dir='ltr'>illam</span> <span class='ocrx_word' id='word_1_137' title='bbox 1117 816 1270 880; x_wconf 89' lang='lat' dir='ltr'>competere</span> <span class='ocrx_word' id='word_1_138' title='bbox 1283 810 1317 876; x_wconf 79' lang='lat'>⁶⁶,</span> <span class='ocrx_word' id='word_1_139' title='bbox 1334 809 1380 882; x_wconf 90' lang='lat' dir='ltr'>qui</span> <span class='ocrx_word' id='word_1_140' title='bbox 1404 811 1477 882; x_wconf 92' lang='lat' dir='ltr'>prior</span> <span class='ocrx_word' id='word_1_141' title='bbox 1502 824 1529 868; x_wconf 90' lang='lat' dir='ltr'>ct</span> <span class='ocrx_word' id='word_1_142' title='bbox 1551 814 1686 869; x_wconf 82' lang='lat' dir='ltr'>Christum</span> <span class='ocrx_word' id='word_1_143' title='bbox 1712 836 1790 875; x_wconf 91' lang='lat' dir='ltr'>siium</span> 
     </span>
     <span class='ocr_line' id='line_1_21' title="bbox 990 894 1789 969; baseline 0.015 -19"><span class='ocrx_word' id='word_1_144' title='bbox 990 894 1017 950; x_wconf 90' lang='lat' dir='ltr'>iii</span> <span class='ocrx_word' id='word_1_145' title='bbox 1039 897 1164 953; x_wconf 90' lang='lat' dir='ltr'>homines</span> <span class='ocrx_word' id='word_1_146' title='bbox 1190 897 1371 969; x_wconf 83' lang='lat' dir='ltr'>annuntiaret,</span> <span class='ocrx_word' id='word_1_147' title='bbox 1386 907 1412 954; x_wconf 91' lang='lat' dir='ltr'>et</span> <span class='ocrx_word' id='word_1_148' title='bbox 1438 900 1527 955; x_wconf 85' lang='lat' dir='ltr'>iesum</span> <span class='ocrx_word' id='word_1_149' title='bbox 1555 905 1789 962; x_wconf 81' lang='lat' dir='ltr'>transnominaret.</span> 
     </span>
     <span class='ocr_line' id='line_1_22' title="bbox 990 986 1790 1062; baseline 0.013 -20"><span class='ocrx_word' id='word_1_150' title='bbox 990 987 1129 1042; x_wconf 88' lang='lat' dir='ltr'>Constabit</span> <span class='ocrx_word' id='word_1_151' title='bbox 1143 986 1232 1058; x_wconf 88' lang='lat' dir='ltr'>itaque</span> <span class='ocrx_word' id='word_1_152' title='bbox 1249 994 1275 1043; x_wconf 93' lang='lat' dir='ltr'>et</span> <span class='ocrx_word' id='word_1_153' title='bbox 1298 986 1331 1041; x_wconf 93' lang='lat' dir='ltr'>de</span> <span class='ocrx_word' id='word_1_154' title='bbox 1345 986 1513 1059; x_wconf 88' lang='lat' dir='ltr'>impudentia</span> <span class='ocrx_word' id='word_1_155' title='bbox 1529 989 1598 1058; x_wconf 83' lang='lat' dir='ltr'>ejus,</span> <span class='ocrx_word' id='word_1_156' title='bbox 1620 990 1666 1062; x_wconf 89' lang='lat' dir='ltr'>qui</span> <span class='ocrx_word' id='word_1_157' title='bbox 1685 996 1790 1051; x_wconf 84' lang='lat' dir='ltr'>maltos</span> 
     </span>
     <span class='ocr_line' id='line_1_23' title="bbox 990 1071 1789 1152; baseline 0.015 -26"><span class='ocrx_word' id='word_1_158' title='bbox 990 1071 1061 1127; x_wconf 88' lang='lat' dir='ltr'>dicat</span> <span class='ocrx_word' id='word_1_159' title='bbox 1075 1077 1209 1132; x_wconf 80' lang='lat' dir='ltr'>uenturos</span> <span class='ocrx_word' id='word_1_160' title='bbox 1224 1074 1254 1128; x_wconf 86' lang='lat' dir='ltr'>iii</span> <span class='ocrx_word' id='word_1_161' title='bbox 1264 1075 1381 1132; x_wconf 83' lang='lat' dir='ltr'>nominc</span> <span class='ocrx_word' id='word_1_162' title='bbox 1391 1077 1497 1148; x_wconf 61' lang='lat' dir='ltr'>ipsium·</span> <span class='ocrx_word' id='word_1_163' title='bbox 1508 1077 1581 1148; x_wconf 85' lang='lat' dir='ltr'>quod</span> <span class='ocrx_word' id='word_1_164' title='bbox 1589 1094 1643 1134; x_wconf 95' lang='lat' dir='ltr'>non</span> <span class='ocrx_word' id='word_1_165' title='bbox 1651 1079 1686 1136; x_wconf 89' lang='lat' dir='ltr'>sit</span> <span class='ocrx_word' id='word_1_166' title='bbox 1695 1082 1789 1152; x_wconf 92' lang='lat' dir='ltr'>ipsius,</span> 
     </span>
     <span class='ocr_line' id='line_1_24' title="bbox 990 1161 1842 1241; baseline 0.014 -25"><span class='ocrx_word' id='word_1_167' title='bbox 990 1161 1013 1216; x_wconf 92' lang='lat' dir='ltr'>si</span> <span class='ocrx_word' id='word_1_168' title='bbox 1028 1176 1081 1216; x_wconf 92' lang='lat' dir='ltr'>non</span> <span class='ocrx_word' id='word_1_169' title='bbox 1097 1162 1223 1217; x_wconf 88' lang='lat' dir='ltr'>Christus</span> <span class='ocrx_word' id='word_1_170' title='bbox 1234 1170 1260 1217; x_wconf 91' lang='lat' dir='ltr'>et</span> <span class='ocrx_word' id='word_1_171' title='bbox 1270 1163 1350 1217; x_wconf 81' lang='lat' dir='ltr'>iesus</span> <span class='ocrx_word' id='word_1_172' title='bbox 1364 1164 1500 1221; x_wconf 90' lang='lat' dir='ltr'>Creatoris</span> <span class='ocrx_word' id='word_1_173' title='bbox 1514 1175 1566 1234; x_wconf 88' lang='lat' dir='ltr'>est,</span> <span class='ocrx_word' id='word_1_174' title='bbox 1581 1168 1614 1222; x_wconf 89' lang='lat' dir='ltr'>ad</span> <span class='ocrx_word' id='word_1_175' title='bbox 1625 1183 1703 1240; x_wconf 83' lang='lat' dir='ltr'>quem</span> <span class='ocrx_word' id='word_1_176' title='bbox 1723 1186 1790 1241; x_wconf 91' lang='lat' dir='ltr'>pro·</span> <span class='ocrx_word' id='word_1_177' title='bbox 1837 1178 1842 1185; x_wconf 83' lang='lat'><strong><em>&#39;</em></strong></span> 
     </span>
     <span class='ocr_line' id='line_1_25' title="bbox 990 1249 1792 1330; baseline 0.017 -27"><span class='ocrx_word' id='word_1_178' title='bbox 990 1249 1088 1320; x_wconf 80' lang='lat' dir='ltr'>prietes</span> <span class='ocrx_word' id='word_1_179' title='bbox 1109 1250 1250 1306; x_wconf 89' lang='lat' dir='ltr'>nominum</span> <span class='ocrx_word' id='word_1_180' title='bbox 1277 1251 1413 1323; x_wconf 88' lang='lat' dir='ltr'>pertinet;</span> <span class='ocrx_word' id='word_1_181' title='bbox 1443 1254 1571 1325; x_wconf 86' lang='lat' dir='ltr'>amplius,</span> <span class='ocrx_word' id='word_1_182' title='bbox 1594 1263 1621 1311; x_wconf 89' lang='lat' dir='ltr'>et</span> <span class='ocrx_word' id='word_1_183' title='bbox 1649 1257 1792 1330; x_wconf 88' lang='lat' dir='ltr'>prohibeat</span> 
     </span>
     <span class='ocr_line' id='line_1_26' title="bbox 990 1337 1790 1416; baseline 0.013 -22"><span class='ocrx_word' id='word_1_184' title='bbox 990 1353 1038 1394; x_wconf 89' lang='lat' dir='ltr'>eos</span> <span class='ocrx_word' id='word_1_185' title='bbox 1052 1337 1147 1411; x_wconf 85' lang='lat' dir='ltr'>recipi,</span> <span class='ocrx_word' id='word_1_186' title='bbox 1159 1354 1276 1410; x_wconf 90' lang='lat' dir='ltr'>quorum</span> <span class='ocrx_word' id='word_1_187' title='bbox 1291 1348 1318 1394; x_wconf 91' lang='lat' dir='ltr'>et</span> <span class='ocrx_word' id='word_1_188' title='bbox 1336 1340 1396 1410; x_wconf 85' lang='lat' dir='ltr'>ipsa</span> <span class='ocrx_word' id='word_1_189' title='bbox 1411 1341 1517 1412; x_wconf 88' lang='lat' dir='ltr'>parsit,</span> <span class='ocrx_word' id='word_1_190' title='bbox 1534 1350 1563 1397; x_wconf 94' lang='lat' dir='ltr'>ut</span> <span class='ocrx_word' id='word_1_191' title='bbox 1573 1344 1619 1416; x_wconf 91' lang='lat' dir='ltr'>qui</span> <span class='ocrx_word' id='word_1_192' title='bbox 1635 1346 1747 1415; x_wconf 89' lang='lat' dir='ltr'>proinde</span> <span class='ocrx_word' id='word_1_193' title='bbox 1761 1349 1790 1405; x_wconf 91' lang='lat' dir='ltr'>in</span> 
     </span>
    </p>
   </div>
   <div class='ocr_carea' id='block_1_7' title="bbox 989 1421 1897 1500">
    <p class='ocr_par' dir='ltr' id='par_1_8' title="bbox 989 1421 1897 1500">
     <span class='ocr_line' id='line_1_27' title="bbox 989 1421 1897 1500; baseline 0.017 -19"><span class='ocrx_word' id='word_1_194' title='bbox 989 1426 1098 1482; x_wconf 90' lang='lat' dir='ltr'>nornine</span> <span class='ocrx_word' id='word_1_195' title='bbox 1116 1426 1188 1483; x_wconf 87' lang='lat' dir='ltr'>veuit</span> <span class='ocrx_word' id='word_1_196' title='bbox 1203 1427 1301 1496; x_wconf 89' lang='lat' dir='ltr'>alieno,</span> <span class='ocrx_word' id='word_1_197' title='bbox 1318 1427 1343 1482; x_wconf 90' lang='lat' dir='ltr'>si</span> <span class='ocrx_word' id='word_1_198' title='bbox 1360 1444 1416 1484; x_wconf 91' lang='lat' dir='ltr'>noa</span> <span class='ocrx_word' id='word_1_199' title='bbox 1431 1429 1519 1500; x_wconf 90' lang='lat' dir='ltr'>ipsius</span> <span class='ocrx_word' id='word_1_200' title='bbox 1536 1443 1593 1488; x_wconf 92' lang='lat' dir='ltr'>erat</span> <span class='ocrx_word' id='word_1_201' title='bbox 1614 1449 1629 1487; x_wconf 88' lang='lat' dir='ltr'>a</span> <span class='ocrx_word' id='word_1_202' title='bbox 1649 1437 1790 1494; x_wconf 88' lang='lat' dir='ltr'>mendacio</span> <span class='ocrx_word' id='word_1_203' title='bbox 1895 1421 1897 1424; x_wconf 6' lang='grc' dir='ltr'><em>Α</em></span> 
     </span>
    </p>
   </div>
   <div class='ocr_carea' id='block_1_8' title="bbox 989 1515 1789 1686">
    <p class='ocr_par' dir='ltr' id='par_1_9' title="bbox 989 1515 1789 1686">
     <span class='ocr_line' id='line_1_28' title="bbox 989 1515 1789 1594; baseline 0.016 -24"><span class='ocrx_word' id='word_1_204' title='bbox 989 1515 1107 1570; x_wconf 90' lang='lat' dir='ltr'>nominis</span> <span class='ocrx_word' id='word_1_205' title='bbox 1122 1516 1269 1586; x_wconf 71' lang='lat' dir='ltr'>prevenire</span> <span class='ocrx_word' id='word_1_206' title='bbox 1282 1517 1440 1588; x_wconf 89' lang='lat' dir='ltr'>discipulos,</span> <span class='ocrx_word' id='word_1_207' title='bbox 1455 1520 1502 1591; x_wconf 88' lang='lat' dir='ltr'>qui</span> <span class='ocrx_word' id='word_1_208' title='bbox 1527 1535 1576 1590; x_wconf 90' lang='lat' dir='ltr'>pcr</span> <span class='ocrx_word' id='word_1_209' title='bbox 1596 1525 1789 1594; x_wconf 89' lang='lat' dir='ltr'>proprietatem</span> 
     </span>
     <span class='ocr_line' id='line_1_29' title="bbox 990 1602 1789 1686; baseline 0.018 -29"><span class='ocrx_word' id='word_1_210' title='bbox 990 1602 1106 1658; x_wconf 90' lang='lat' dir='ltr'>nominis</span> <span class='ocrx_word' id='word_1_211' title='bbox 1120 1602 1277 1673; x_wconf 85' lang='lat' dir='ltr'>possidebat</span> <span class='ocrx_word' id='word_1_212' title='bbox 1294 1606 1435 1660; x_wconf 82' lang='lat' dir='ltr'>veritatem</span> <span class='ocrx_word' id='word_1_213' title='bbox 1450 1607 1518 1675; x_wconf 86' lang='lat' dir='ltr'>ejas,</span> <span class='ocrx_word' id='word_1_214' title='bbox 1541 1610 1654 1667; x_wconf 79' lang='lat' dir='ltr'>l&#39;eiiieiit</span> <span class='ocrx_word' id='word_1_215' title='bbox 1670 1613 1789 1686; x_wconf 88' lang='lat' dir='ltr'>denique</span> 
     </span>
    </p>
   </div>
   <div class='ocr_carea' id='block_1_9' title="bbox 137 1690 1790 2840">
    <p class='ocr_par' dir='ltr' id='par_1_10' title="bbox 137 1690 1790 2840">
     <span class='ocr_line' id='line_1_30' title="bbox 138 1690 1785 1775; baseline 0.004 -23"><span class='ocrx_word' id='word_1_216' title='bbox 138 1694 280 1752; x_wconf 83' lang='lat' dir='ltr'>lioneaim</span> <span class='ocrx_word' id='word_1_217' title='bbox 295 1692 329 1748; x_wconf 92' lang='lat' dir='ltr'>de</span> <span class='ocrx_word' id='word_1_218' title='bbox 343 1691 412 1759; x_wconf 84' lang='lat' dir='ltr'>Deo,</span> <span class='ocrx_word' id='word_1_219' title='bbox 427 1690 476 1746; x_wconf 88' lang='lat' dir='ltr'>sed</span> <span class='ocrx_word' id='word_1_220' title='bbox 493 1691 526 1746; x_wconf 93' lang='lat' dir='ltr'>de</span> <span class='ocrx_word' id='word_1_221' title='bbox 541 1699 610 1746; x_wconf 85' lang='lat' dir='ltr'>stetu</span> <span class='ocrx_word' id='word_1_222' title='bbox 625 1691 697 1747; x_wconf 91' lang='lat' dir='ltr'>illius</span> <span class='ocrx_word' id='word_1_223' title='bbox 711 1691 762 1750; x_wconf 85' lang='lat' dir='ltr'>aeii</span> <span class='ocrx_word' id='word_1_224' title='bbox 774 1692 936 1749; x_wconf 90' lang='lat' dir='ltr'>consuleba·</span> <span class='ocrx_word' id='word_1_225' title='bbox 991 1693 1048 1762; x_wconf 87' lang='lat' dir='ltr'>illi,</span> <span class='ocrx_word' id='word_1_226' title='bbox 1060 1693 1204 1749; x_wconf 81' lang='lat' dir='ltr'>dicentes:</span> <span class='ocrx_word' id='word_1_227' title='bbox 1220 1694 1275 1763; x_wconf 79' lang='lat' dir='ltr'>ligo</span> <span class='ocrx_word' id='word_1_228' title='bbox 1290 1708 1355 1748; x_wconf 85' lang='lat' dir='ltr'>sum</span> <span class='ocrx_word' id='word_1_229' title='bbox 1371 1695 1509 1751; x_wconf 83' lang='lat' dir='ltr'>Christos.</span> <span class='ocrx_word' id='word_1_230' title='bbox 1528 1697 1652 1769; x_wconf 85' lang='lat' dir='ltr'>Recipies</span> <span class='ocrx_word' id='word_1_231' title='bbox 1666 1716 1724 1768; x_wconf 89' lang='lat' dir='ltr'>cos,</span> <span class='ocrx_word' id='word_1_232' title='bbox 1738 1704 1785 1775; x_wconf 88' lang='lat' dir='ltr'>qui</span> 
     </span>
     <span class='ocr_line' id='line_1_31' title="bbox 140 1762 1790 1854; baseline 0.004 -13"><span class='ocrx_word' id='word_1_233' title='bbox 140 1793 191 1851; x_wconf 90' lang='lat' dir='ltr'>tur,</span> <span class='ocrx_word' id='word_1_234' title='bbox 215 1785 292 1854; x_wconf 88' lang='lat' dir='ltr'>cujus</span> <span class='ocrx_word' id='word_1_235' title='bbox 314 1795 383 1836; x_wconf 87' lang='lat' dir='ltr'>iiiior</span> <span class='ocrx_word' id='word_1_236' title='bbox 397 1779 486 1836; x_wconf 85' lang='lat' dir='ltr'>lutura</span> <span class='ocrx_word' id='word_1_237' title='bbox 505 1789 576 1836; x_wconf 89' lang='lat' dir='ltr'>esset</span> <span class='ocrx_word' id='word_1_238' title='bbox 592 1791 653 1851; x_wconf 89' lang='lat' dir='ltr'>post</span> <span class='ocrx_word' id='word_1_239' title='bbox 667 1780 895 1838; x_wconf 87' lang='lat' dir='ltr'>resurrectionem</span> <span class='ocrx_word' id='word_1_240' title='bbox 911 1782 938 1837; x_wconf 92' lang='lat' dir='ltr'>ia</span> <span class='ocrx_word' id='word_1_241' title='bbox 955 1762 978 1840; x_wconf 77' lang='grc' dir='ltr'><strong><em>Β</em></strong></span> <span class='ocrx_word' id='word_1_242' title='bbox 992 1780 1159 1839; x_wconf 86' lang='lat' dir='ltr'>consimilem</span> <span class='ocrx_word' id='word_1_243' title='bbox 1170 1780 1305 1851; x_wconf 86' lang='lat' dir='ltr'>recepisti.</span> <span class='ocrx_word' id='word_1_244' title='bbox 1321 1781 1356 1836; x_wconf 89' lang='lat' dir='ltr'>Et</span> <span class='ocrx_word' id='word_1_245' title='bbox 1369 1781 1412 1837; x_wconf 89' lang='lat' dir='ltr'>hie</span> <span class='ocrx_word' id='word_1_246' title='bbox 1425 1782 1497 1838; x_wconf 91' lang='lat' dir='ltr'>enim</span> <span class='ocrx_word' id='word_1_247' title='bbox 1511 1783 1538 1837; x_wconf 96' lang='lat' dir='ltr'>in</span> <span class='ocrx_word' id='word_1_248' title='bbox 1553 1787 1660 1843; x_wconf 91' lang='lat' dir='ltr'>nomine</span> <span class='ocrx_word' id='word_1_249' title='bbox 1674 1806 1724 1847; x_wconf 91' lang='lat' dir='ltr'>suo</span> <span class='ocrx_word' id='word_1_250' title='bbox 1743 1808 1790 1848; x_wconf 86' lang='lat' dir='ltr'>ve·</span> 
     </span>
     <span class='ocr_line' id='line_1_32' title="bbox 144 1868 1788 1943; baseline 0.002 -12"><span class='ocrx_word' id='word_1_251' title='bbox 144 1877 187 1932; x_wconf 89' lang='lat' dir='ltr'>illo</span> <span class='ocrx_word' id='word_1_252' title='bbox 201 1888 268 1930; x_wconf 74' lang='lat' dir='ltr'>aro.</span> <span class='ocrx_word' id='word_1_253' title='bbox 283 1872 327 1928; x_wconf 90' lang='lat' dir='ltr'>Sic</span> <span class='ocrx_word' id='word_1_254' title='bbox 339 1879 367 1927; x_wconf 91' lang='lat' dir='ltr'>et</span> <span class='ocrx_word' id='word_1_255' title='bbox 381 1870 415 1927; x_wconf 92' lang='lat' dir='ltr'>de</span> <span class='ocrx_word' id='word_1_256' title='bbox 429 1870 497 1941; x_wconf 91' lang='lat' dir='ltr'>ipsis</span> <span class='ocrx_word' id='word_1_257' title='bbox 511 1869 613 1941; x_wconf 91' lang='lat' dir='ltr'>nuptiis</span> <span class='ocrx_word' id='word_1_258' title='bbox 635 1886 796 1943; x_wconf 88' lang='lat' dir='ltr'>responsum</span> <span class='ocrx_word' id='word_1_259' title='bbox 817 1871 933 1927; x_wconf 81' lang='lat' dir='ltr'>subscr·</span> <span class='ocrx_word' id='word_1_260' title='bbox 989 1869 1039 1924; x_wconf 91' lang='lat' dir='ltr'>nit.</span> <span class='ocrx_word' id='word_1_261' title='bbox 1049 1868 1119 1938; x_wconf 78' lang='lat' dir='ltr'>Quid</span> <span class='ocrx_word' id='word_1_262' title='bbox 1134 1885 1208 1925; x_wconf 94' lang='lat' dir='ltr'>nunc</span> <span class='ocrx_word' id='word_1_263' title='bbox 1223 1870 1294 1940; x_wconf 90' lang='lat' dir='ltr'>quod</span> <span class='ocrx_word' id='word_1_264' title='bbox 1313 1877 1341 1924; x_wconf 91' lang='lat' dir='ltr'>et</span> <span class='ocrx_word' id='word_1_265' title='bbox 1361 1869 1420 1940; x_wconf 89' lang='lat' dir='ltr'>ipse</span> <span class='ocrx_word' id='word_1_266' title='bbox 1434 1871 1524 1926; x_wconf 87' lang='lat' dir='ltr'>veniet</span> <span class='ocrx_word' id='word_1_267' title='bbox 1538 1877 1675 1931; x_wconf 91' lang='lat' dir='ltr'>nominum</span> <span class='ocrx_word' id='word_1_268' title='bbox 1692 1879 1788 1936; x_wconf 88' lang='lat' dir='ltr'>Domi-</span> 
     </span>
     <span class='ocr_line' id='line_1_33' title="bbox 144 1956 1789 2033; baseline -0.001 -12"><span class='ocrx_word' id='word_1_269' title='bbox 144 1971 225 2021; x_wconf 91' lang='lat' dir='ltr'>tunt:</span> <span class='ocrx_word' id='word_1_270' title='bbox 243 1964 274 2020; x_wconf 82' lang='lat' dir='ltr'>lit</span> <span class='ocrx_word' id='word_1_271' title='bbox 284 1960 339 2031; x_wconf 73' lang='lat' dir='ltr'>fitis·</span> <span class='ocrx_word' id='word_1_272' title='bbox 348 1961 432 2033; x_wconf 82' lang='lat' dir='ltr'>hcjiis</span> <span class='ocrx_word' id='word_1_273' title='bbox 443 1961 615 2017; x_wconf 84' lang='lat' dir='ltr'>oeviaabiiiit</span> <span class='ocrx_word' id='word_1_274' title='bbox 626 1962 654 2017; x_wconf 85' lang='lat' dir='ltr'>at</span> <span class='ocrx_word' id='word_1_275' title='bbox 668 1957 831 2028; x_wconf 78' lang='lat' dir='ltr'>uehuntur,</span> <span class='ocrx_word' id='word_1_276' title='bbox 845 1959 936 2014; x_wconf 88' lang='lat' dir='ltr'>daho·</span> <span class='ocrx_word' id='word_1_277' title='bbox 989 1972 1041 2012; x_wconf 93' lang='lat' dir='ltr'>nus</span> <span class='ocrx_word' id='word_1_278' title='bbox 1055 1956 1176 2013; x_wconf 84' lang='lat' dir='ltr'>Christus</span> <span class='ocrx_word' id='word_1_279' title='bbox 1192 1961 1218 2012; x_wconf 92' lang='lat' dir='ltr'>et</span> <span class='ocrx_word' id='word_1_280' title='bbox 1237 1956 1262 1995; x_wconf 93' lang='lat'>⁶⁶</span> <span class='ocrx_word' id='word_1_281' title='bbox 1271 1956 1350 2012; x_wconf 86' lang='lat' dir='ltr'>iesus</span> <span class='ocrx_word' id='word_1_282' title='bbox 1364 1956 1523 2014; x_wconf 78' lang='lat' dir='ltr'>Creatoris‘l</span> <span class='ocrx_word' id='word_1_283' title='bbox 1546 1958 1665 2030; x_wconf 82' lang='lat' dir='ltr'>llejicies</span> <span class='ocrx_word' id='word_1_284' title='bbox 1687 1965 1789 2025; x_wconf 73' lang='lat' dir='ltr'>illurn?</span> 
     </span>
     <span class='ocr_line' id='line_1_34' title="bbox 143 2045 1788 2121; baseline -0.006 -11"><span class='ocrx_word' id='word_1_285' title='bbox 143 2052 257 2110; x_wconf 84' lang='lat' dir='ltr'>minibus</span> <span class='ocrx_word' id='word_1_286' title='bbox 274 2051 376 2107; x_wconf 90' lang='lat' dir='ltr'>dictum</span> <span class='ocrx_word' id='word_1_287' title='bbox 398 2057 439 2105; x_wconf 89' lang='lat' dir='ltr'>est</span> <span class='ocrx_word' id='word_1_288' title='bbox 455 2049 602 2119; x_wconf 82' lang='lat' dir='ltr'>Crantoris,</span> <span class='ocrx_word' id='word_1_289' title='bbox 621 2049 716 2119; x_wconf 90' lang='lat' dir='ltr'>nuptia</span> <span class='ocrx_word' id='word_1_290' title='bbox 743 2046 934 2120; x_wconf 88' lang='lat' dir='ltr'>permittentis,</span> <span class='ocrx_word' id='word_1_291' title='bbox 988 2048 1022 2103; x_wconf 89' lang='lat' dir='ltr'>Et</span> <span class='ocrx_word' id='word_1_292' title='bbox 1032 2062 1112 2118; x_wconf 90' lang='lat' dir='ltr'>quam</span> <span class='ocrx_word' id='word_1_293' title='bbox 1127 2045 1259 2119; x_wconf 91' lang='lat' dir='ltr'>iniquum,</span> <span class='ocrx_word' id='word_1_294' title='bbox 1273 2062 1354 2118; x_wconf 89' lang='lat' dir='ltr'>quarn</span> <span class='ocrx_word' id='word_1_295' title='bbox 1380 2046 1524 2117; x_wconf 87' lang='lat' dir='ltr'>injustum,</span> <span class='ocrx_word' id='word_1_296' title='bbox 1548 2055 1574 2105; x_wconf 91' lang='lat' dir='ltr'>et</span> <span class='ocrx_word' id='word_1_297' title='bbox 1597 2050 1701 2121; x_wconf 83' lang='lat' dir='ltr'>optimo</span> <span class='ocrx_word' id='word_1_298' title='bbox 1730 2055 1788 2112; x_wconf 71' lang='lat' dir='ltr'>Deo</span> 
     </span>
     <span class='ocr_line' id='line_1_35' title="bbox 139 2136 1788 2212; baseline -0.002 -11"><span class='ocrx_word' id='word_1_299' title='bbox 139 2160 165 2202; x_wconf 90' lang='lat' dir='ltr'>sc</span> <span class='ocrx_word' id='word_1_300' title='bbox 178 2151 274 2198; x_wconf 79' lang='lat' dir='ltr'>autern</span> <span class='ocrx_word' id='word_1_301' title='bbox 289 2153 359 2212; x_wconf 90' lang='lat' dir='ltr'>quos</span> <span class='ocrx_word' id='word_1_302' title='bbox 374 2139 446 2194; x_wconf 86' lang='lat' dir='ltr'>Deus</span> <span class='ocrx_word' id='word_1_303' title='bbox 456 2138 529 2194; x_wconf 90' lang='lat' dir='ltr'>illius</span> <span class='ocrx_word' id='word_1_304' title='bbox 543 2138 606 2206; x_wconf 85' lang='lat' dir='ltr'>ieri,</span> <span class='ocrx_word' id='word_1_305' title='bbox 620 2137 693 2193; x_wconf 91' lang='lat' dir='ltr'>alter</span> <span class='ocrx_word' id='word_1_306' title='bbox 706 2136 817 2200; x_wconf 86' lang='lat' dir='ltr'>scilicet,</span> <span class='ocrx_word' id='word_1_307' title='bbox 836 2137 935 2210; x_wconf 90' lang='lat' dir='ltr'>digna·</span> <span class='ocrx_word' id='word_1_308' title='bbox 988 2136 1140 2208; x_wconf 87' lang='lat' dir='ltr'>indignum,</span> <span class='ocrx_word' id='word_1_309' title='bbox 1164 2145 1193 2192; x_wconf 89' lang='lat' dir='ltr'>ut</span> <span class='ocrx_word' id='word_1_310' title='bbox 1206 2151 1260 2191; x_wconf 93' lang='lat' dir='ltr'>non</span> <span class='ocrx_word' id='word_1_311' title='bbox 1279 2136 1392 2208; x_wconf 91' lang='lat' dir='ltr'>recipias</span> <span class='ocrx_word' id='word_1_312' title='bbox 1406 2153 1469 2194; x_wconf 91' lang='lat' dir='ltr'>cuia</span> <span class='ocrx_word' id='word_1_313' title='bbox 1490 2138 1517 2193; x_wconf 94' lang='lat' dir='ltr'>in</span> <span class='ocrx_word' id='word_1_314' title='bbox 1540 2139 1649 2196; x_wconf 88' lang='lat' dir='ltr'>nomiae</span> <span class='ocrx_word' id='word_1_315' title='bbox 1677 2158 1726 2199; x_wconf 93' lang='lat' dir='ltr'>suo</span> <span class='ocrx_word' id='word_1_316' title='bbox 1742 2161 1788 2202; x_wconf 88' lang='lat' dir='ltr'>ve·</span> 
     </span>
     <span class='ocr_line' id='line_1_36' title="bbox 137 2225 1789 2301; baseline 0 -10"><span class='ocrx_word' id='word_1_317' title='bbox 137 2243 178 2290; x_wconf 91' lang='lat' dir='ltr'>tas</span> <span class='ocrx_word' id='word_1_318' title='bbox 196 2228 450 2296; x_wconf 86' lang='lat' dir='ltr'>sitrasurrectione,</span> <span class='ocrx_word' id='word_1_319' title='bbox 463 2228 522 2297; x_wconf 76' lang='lat' dir='ltr'>iarn</span> <span class='ocrx_word' id='word_1_320' title='bbox 546 2236 572 2283; x_wconf 90' lang='lat' dir='ltr'>et</span> <span class='ocrx_word' id='word_1_321' title='bbox 596 2227 641 2282; x_wconf 92' lang='lat' dir='ltr'>hic</span> <span class='ocrx_word' id='word_1_322' title='bbox 662 2239 717 2281; x_wconf 93' lang='lat' dir='ltr'>non</span> <span class='ocrx_word' id='word_1_323' title='bbox 732 2227 843 2294; x_wconf 90' lang='lat' dir='ltr'>nubere,</span> <span class='ocrx_word' id='word_1_324' title='bbox 872 2225 936 2298; x_wconf 89' lang='lat' dir='ltr'>quia</span> <span class='ocrx_word' id='word_1_325' title='bbox 988 2227 1117 2293; x_wconf 85' lang='lat' dir='ltr'>aientem,</span> <span class='ocrx_word' id='word_1_326' title='bbox 1128 2225 1173 2300; x_wconf 79' lang='lat' dir='ltr'>qui</span> <span class='ocrx_word' id='word_1_327' title='bbox 1188 2225 1267 2282; x_wconf 68' lang='lat' dir='ltr'>alium</span> <span class='ocrx_word' id='word_1_328' title='bbox 1278 2225 1302 2264; x_wconf 80' lang='lat' dir='ltr'>tit</span> <span class='ocrx_word' id='word_1_329' title='bbox 1311 2225 1339 2280; x_wconf 71' lang='lat' dir='ltr'>jn</span> <span class='ocrx_word' id='word_1_330' title='bbox 1351 2228 1460 2285; x_wconf 64' lang='lat' dir='ltr'>nomine</span> <span class='ocrx_word' id='word_1_331' title='bbox 1475 2229 1666 2301; x_wconf 82' lang='lat' dir='ltr'>ejmreeepisti</span> <span class='ocrx_word' id='word_1_332' title='bbox 1676 2232 1682 2288; x_wconf 95' lang='lat' dir='ltr'>l</span> <span class='ocrx_word' id='word_1_333' title='bbox 1694 2232 1789 2291; x_wconf 84' lang='lat' dir='ltr'>Videa-</span> 
     </span>
     <span class='ocr_line' id='line_1_37' title="bbox 137 2312 1785 2395; baseline -0.004 -15"><span class='ocrx_word' id='word_1_334' title='bbox 137 2337 189 2380; x_wconf 90' lang='lat' dir='ltr'>non</span> <span class='ocrx_word' id='word_1_335' title='bbox 203 2320 257 2376; x_wconf 86' lang='lat' dir='ltr'>sint</span> <span class='ocrx_word' id='word_1_336' title='bbox 279 2316 328 2374; x_wconf 89' lang='lat' dir='ltr'>filii</span> <span class='ocrx_word' id='word_1_337' title='bbox 348 2316 428 2387; x_wconf 87' lang='lat' dir='ltr'>hujus</span> <span class='ocrx_word' id='word_1_338' title='bbox 446 2315 520 2373; x_wconf 86' lang='lat' dir='ltr'>aeii:</span> <span class='ocrx_word' id='word_1_339' title='bbox 545 2315 655 2387; x_wconf 87' lang='lat' dir='ltr'>quando</span> <span class='ocrx_word' id='word_1_340' title='bbox 680 2313 715 2370; x_wconf 86' lang='lat' dir='ltr'>de</span> <span class='ocrx_word' id='word_1_341' title='bbox 732 2314 833 2387; x_wconf 91' lang='lat' dir='ltr'>nuptiis</span> <span class='ocrx_word' id='word_1_342' title='bbox 861 2312 936 2370; x_wconf 88' lang='lat' dir='ltr'>illius</span> <span class='ocrx_word' id='word_1_343' title='bbox 988 2334 1050 2374; x_wconf 92' lang='lat' dir='ltr'>mus</span> <span class='ocrx_word' id='word_1_344' title='bbox 1066 2326 1092 2372; x_wconf 88' lang='lat' dir='ltr'>et</span> <span class='ocrx_word' id='word_1_345' title='bbox 1105 2332 1166 2388; x_wconf 88' lang='lat' dir='ltr'>quae</span> <span class='ocrx_word' id='word_1_346' title='bbox 1174 2316 1250 2391; x_wconf 86' lang='lat' dir='ltr'>signa</span> <span class='ocrx_word' id='word_1_347' title='bbox 1259 2316 1426 2388; x_wconf 90' lang='lat' dir='ltr'>temporibus</span> <span class='ocrx_word' id='word_1_348' title='bbox 1438 2319 1568 2390; x_wconf 88' lang='lat' dir='ltr'>imponat,</span> <span class='ocrx_word' id='word_1_349' title='bbox 1580 2322 1785 2395; x_wconf 68' lang='lat' dir='ltr'>Betimopiiior,</span> 
     </span>
     <span class='ocr_line' id='line_1_38' title="bbox 137 2403 1785 2485; baseline -0.001 -14"><span class='ocrx_word' id='word_1_350' title='bbox 137 2410 185 2470; x_wconf 87' lang='lat' dir='ltr'>teri</span> <span class='ocrx_word' id='word_1_351' title='bbox 198 2407 351 2474; x_wconf 85' lang='lat' dir='ltr'>consultus,</span> <span class='ocrx_word' id='word_1_352' title='bbox 363 2421 418 2463; x_wconf 93' lang='lat' dir='ltr'>non</span> <span class='ocrx_word' id='word_1_353' title='bbox 432 2406 465 2461; x_wconf 93' lang='lat' dir='ltr'>de</span> <span class='ocrx_word' id='word_1_354' title='bbox 479 2405 569 2476; x_wconf 87' lang='lat' dir='ltr'>hujus,</span> <span class='ocrx_word' id='word_1_355' title='bbox 585 2419 631 2460; x_wconf 86' lang='lat' dir='ltr'>eas</span> <span class='ocrx_word' id='word_1_356' title='bbox 654 2411 799 2477; x_wconf 86' lang='lat' dir='ltr'>negavcmt</span> <span class='ocrx_word' id='word_1_357' title='bbox 820 2404 854 2458; x_wconf 88' lang='lat' dir='ltr'>de</span> <span class='ocrx_word' id='word_1_358' title='bbox 872 2403 935 2476; x_wconf 90' lang='lat' dir='ltr'>qui·</span> <span class='ocrx_word' id='word_1_359' title='bbox 989 2414 1017 2467; x_wconf 83' lang='lat' dir='ltr'>et</span> <span class='ocrx_word' id='word_1_360' title='bbox 1032 2424 1149 2479; x_wconf 79' lang='lat' dir='ltr'>regnum</span> <span class='ocrx_word' id='word_1_361' title='bbox 1163 2421 1248 2479; x_wconf 82' lang='lat' dir='ltr'>seper</span> <span class='ocrx_word' id='word_1_362' title='bbox 1261 2423 1389 2479; x_wconf 83' lang='lat' dir='ltr'>regnem.</span> <span class='ocrx_word' id='word_1_363' title='bbox 1403 2411 1432 2463; x_wconf 85' lang='lat' dir='ltr'>et</span> <span class='ocrx_word' id='word_1_364' title='bbox 1444 2412 1556 2480; x_wconf 80' lang='lat' dir='ltr'>pentem</span> <span class='ocrx_word' id='word_1_365' title='bbox 1566 2426 1652 2482; x_wconf 84' lang='lat' dir='ltr'>super</span> <span class='ocrx_word' id='word_1_366' title='bbox 1663 2417 1785 2485; x_wconf 80' lang='lat' dir='ltr'>gentem,</span> 
     </span>
     <span class='ocr_line' id='line_1_39' title="bbox 139 2494 1785 2572; baseline -0.003 -8"><span class='ocrx_word' id='word_1_367' title='bbox 139 2501 184 2559; x_wconf 74' lang='lat' dir='ltr'>biis</span> <span class='ocrx_word' id='word_1_368' title='bbox 197 2497 401 2558; x_wconf 73' lang='lat' dir='ltr'>consulebatur.</span> <span class='ocrx_word' id='word_1_369' title='bbox 416 2497 508 2570; x_wconf 87' lang='lat' dir='ltr'>ltaque</span> <span class='ocrx_word' id='word_1_370' title='bbox 521 2495 569 2568; x_wconf 91' lang='lat' dir='ltr'>qui</span> <span class='ocrx_word' id='word_1_371' title='bbox 591 2495 677 2566; x_wconf 90' lang='lat' dir='ltr'>ipsam</span> <span class='ocrx_word' id='word_1_372' title='bbox 692 2497 746 2550; x_wconf 89' lang='lat' dir='ltr'>iiia</span> <span class='ocrx_word' id='word_1_373' title='bbox 768 2501 795 2550; x_wconf 89' lang='lat' dir='ltr'>et</span> <span class='ocrx_word' id='word_1_374' title='bbox 814 2494 889 2551; x_wconf 82' lang='lat' dir='ltr'>iocis</span> <span class='ocrx_word' id='word_1_375' title='bbox 909 2503 935 2551; x_wconf 87' lang='lat' dir='ltr'>et</span> <span class='ocrx_word' id='word_1_376' title='bbox 989 2502 1018 2556; x_wconf 87' lang='lat' dir='ltr'>et</span> <span class='ocrx_word' id='word_1_377' title='bbox 1023 2500 1143 2572; x_wconf 85' lang='lat' dir='ltr'>pestem,</span> <span class='ocrx_word' id='word_1_378' title='bbox 1155 2499 1185 2552; x_wconf 85' lang='lat' dir='ltr'>et</span> <span class='ocrx_word' id='word_1_379' title='bbox 1192 2498 1293 2568; x_wconf 78' lang='lat' dir='ltr'>sanies,</span> <span class='ocrx_word' id='word_1_380' title='bbox 1306 2501 1444 2571; x_wconf 83' lang='lat' dir='ltr'>tcrroeqiic</span> <span class='ocrx_word' id='word_1_381' title='bbox 1453 2503 1557 2565; x_wconf 85' lang='lat' dir='ltr'>motas,</span> <span class='ocrx_word' id='word_1_382' title='bbox 1569 2503 1598 2556; x_wconf 84' lang='lat' dir='ltr'>et</span> <span class='ocrx_word' id='word_1_383' title='bbox 1606 2502 1785 2571; x_wconf 69' lang='lat' dir='ltr'>[arentellam.</span> 
     </span>
     <span class='ocr_line' id='line_1_40' title="bbox 138 2581 1787 2666; baseline -0.004 -15"><span class='ocrx_word' id='word_1_384' title='bbox 138 2587 361 2666; x_wconf 88' lang='lat' dir='ltr'>pronuntiationis</span> <span class='ocrx_word' id='word_1_385' title='bbox 392 2592 421 2643; x_wconf 92' lang='lat' dir='ltr'>et</span> <span class='ocrx_word' id='word_1_386' title='bbox 457 2581 646 2642; x_wconf 80' lang='lat' dir='ltr'>distinctionis</span> <span class='ocrx_word' id='word_1_387' title='bbox 662 2594 833 2656; x_wconf 87' lang='lat' dir='ltr'>exceperant,</span> <span class='ocrx_word' id='word_1_388' title='bbox 868 2584 936 2642; x_wconf 93' lang='lat' dir='ltr'>nihil</span> <span class='ocrx_word' id='word_1_389' title='bbox 987 2592 1016 2647; x_wconf 83' lang='lat' dir='ltr'>et</span> <span class='ocrx_word' id='word_1_390' title='bbox 1028 2587 1157 2660; x_wconf 76' lang='lat' dir='ltr'>prodigio</span> <span class='ocrx_word' id='word_1_391' title='bbox 1172 2584 1205 2642; x_wconf 87' lang='lat' dir='ltr'>de</span> <span class='ocrx_word' id='word_1_392' title='bbox 1214 2586 1373 2658; x_wconf 82' lang='lat' dir='ltr'>coelo;quae</span> <span class='ocrx_word' id='word_1_393' title='bbox 1383 2585 1475 2641; x_wconf 89' lang='lat' dir='ltr'>omnia</span> <span class='ocrx_word' id='word_1_394' title='bbox 1484 2602 1578 2645; x_wconf 85' lang='lat' dir='ltr'>sciero</span> <span class='ocrx_word' id='word_1_395' title='bbox 1593 2595 1620 2644; x_wconf 91' lang='lat' dir='ltr'>et</span> <span class='ocrx_word' id='word_1_396' title='bbox 1634 2593 1718 2646; x_wconf 90' lang='lat' dir='ltr'>atroci</span> <span class='ocrx_word' id='word_1_397' title='bbox 1728 2592 1787 2649; x_wconf 89' lang='lat' dir='ltr'>Deo</span> 
     </span>
     <span class='ocr_line' id='line_1_41' title="bbox 139 2673 1786 2749; baseline -0.021 -9"><span class='ocrx_word' id='word_1_398' title='bbox 139 2684 208 2740; x_wconf 88' lang='lat' dir='ltr'>aliud</span> <span class='ocrx_word' id='word_1_399' title='bbox 221 2684 376 2744; x_wconf 86' lang='lat' dir='ltr'>senserunt,</span> <span class='ocrx_word' id='word_1_400' title='bbox 393 2690 473 2748; x_wconf 87' lang='lat' dir='ltr'>quam</span> <span class='ocrx_word' id='word_1_401' title='bbox 490 2675 563 2747; x_wconf 90' lang='lat' dir='ltr'>quod</span> <span class='ocrx_word' id='word_1_402' title='bbox 586 2675 620 2730; x_wconf 87' lang='lat' dir='ltr'>ed</span> <span class='ocrx_word' id='word_1_403' title='bbox 639 2674 777 2731; x_wconf 90' lang='lat' dir='ltr'>materiam</span> <span class='ocrx_word' id='word_1_404' title='bbox 802 2677 935 2732; x_wconf 91' lang='lat' dir='ltr'>consulta·</span> <span class='ocrx_word' id='word_1_405' title='bbox 988 2673 1184 2747; x_wconf 82' lang='lat' dir='ltr'>congruunt·⁶⁶.</span> <span class='ocrx_word' id='word_1_406' title='bbox 1196 2674 1259 2729; x_wconf 88' lang='lat' dir='ltr'>llaec</span> <span class='ocrx_word' id='word_1_407' title='bbox 1272 2689 1334 2729; x_wconf 90' lang='lat' dir='ltr'>cuni</span> <span class='ocrx_word' id='word_1_408' title='bbox 1348 2674 1560 2744; x_wconf 58' lang='lat' dir='ltr'>adjiciiosepam</span> <span class='ocrx_word' id='word_1_409' title='bbox 1575 2684 1701 2749; x_wconf 54' lang='lat' dir='ltr'>omem</span> <span class='ocrx_word' id='word_1_410' title='bbox 1715 2677 1786 2749; x_wconf 52' lang='lat' dir='ltr'>fimi,</span> 
     </span>
     <span class='ocr_line' id='line_1_42' title="bbox 138 2763 1787 2840; baseline -0.005 -11"><span class='ocrx_word' id='word_1_411' title='bbox 138 2773 214 2831; x_wconf 87' lang='lat' dir='ltr'>tionis</span> <span class='ocrx_word' id='word_1_412' title='bbox 243 2767 403 2840; x_wconf 87' lang='lat' dir='ltr'>pertinebat.</span> <span class='ocrx_word' id='word_1_413' title='bbox 434 2768 522 2837; x_wconf 78' lang='lat' dir='ltr'>Atque</span> <span class='ocrx_word' id='word_1_414' title='bbox 542 2763 610 2820; x_wconf 87' lang='lat' dir='ltr'>adeo</span> <span class='ocrx_word' id='word_1_415' title='bbox 634 2763 728 2820; x_wconf 83' lang='lat' dir='ltr'>seriose</span> <span class='ocrx_word' id='word_1_416' title='bbox 753 2784 759 2822; x_wconf 94' lang='lat'><strong>:</strong></span> <span class='ocrx_word' id='word_1_417' title='bbox 790 2765 933 2839; x_wconf 80' lang='lat' dir='ltr'>llopister,</span> <span class='ocrx_word' id='word_1_418' title='bbox 987 2782 1067 2839; x_wconf 85' lang='lat' dir='ltr'>quem</span> <span class='ocrx_word' id='word_1_419' title='bbox 1085 2781 1113 2821; x_wconf 92' lang='lat' dir='ltr'>se</span> <span class='ocrx_word' id='word_1_420' title='bbox 1127 2771 1247 2836; x_wconf 79' lang='lat' dir='ltr'>prestat,</span> <span class='ocrx_word' id='word_1_421' title='bbox 1262 2764 1456 2820; x_wconf 87' lang='lat' dir='ltr'>destructorem</span> <span class='ocrx_word' id='word_1_422' title='bbox 1471 2765 1687 2836; x_wconf 82' lang='lat' dir='ltr'>approbatorem</span> <span class='ocrx_word' id='word_1_423' title='bbox 1703 2768 1787 2826; x_wconf 84' lang='lat' dir='ltr'>Crea-</span> 
     </span>
    </p>
   </div>
   <div class='ocr_carea' id='block_1_10' title="bbox 136 2852 1898 2935">
    <p class='ocr_par' dir='ltr' id='par_1_11' title="bbox 136 2852 1898 2935">
     <span class='ocr_line' id='line_1_43' title="bbox 136 2852 1898 2935; baseline -0.001 -19"><span class='ocrx_word' id='word_1_424' title='bbox 136 2860 268 2935; x_wconf 90' lang='lat' dir='ltr'>inquiant,</span> <span class='ocrx_word' id='word_1_425' title='bbox 288 2856 356 2912; x_wconf 80' lang='lat' dir='ltr'>berre</span> <span class='ocrx_word' id='word_1_426' title='bbox 378 2855 489 2911; x_wconf 80' lang='lat' dir='ltr'>dixisti.</span> <span class='ocrx_word' id='word_1_427' title='bbox 516 2852 726 2910; x_wconf 84' lang='lat' dir='ltr'>Confirmaverat</span> <span class='ocrx_word' id='word_1_428' title='bbox 753 2852 823 2910; x_wconf 88' lang='lat' dir='ltr'>enim</span> <span class='ocrx_word' id='word_1_429' title='bbox 839 2869 933 2909; x_wconf 88' lang='lat' dir='ltr'>resur·</span> <span class='ocrx_word' id='word_1_430' title='bbox 988 2855 1077 2913; x_wconf 78' lang='lat' dir='ltr'>toris?</span> <span class='ocrx_word' id='word_1_431' title='bbox 1091 2855 1170 2925; x_wconf 89' lang='lat' dir='ltr'>cajus</span> <span class='ocrx_word' id='word_1_432' title='bbox 1183 2853 1374 2925; x_wconf 88' lang='lat' dir='ltr'>dispositiones</span> <span class='ocrx_word' id='word_1_433' title='bbox 1388 2852 1530 2910; x_wconf 85' lang='lat' dir='ltr'>confirmat</span> <span class='ocrx_word' id='word_1_434' title='bbox 1548 2853 1656 2928; x_wconf 85' lang='lat' dir='ltr'>impleri</span> <span class='ocrx_word' id='word_1_435' title='bbox 1679 2867 1787 2930; x_wconf 89' lang='lat' dir='ltr'>oporte·</span> <span class='ocrx_word' id='word_1_436' title='bbox 1894 2916 1898 2921; x_wconf 74' lang='grc'>,</span> 
     </span>
    </p>
   </div>
   <div class='ocr_carea' id='block_1_11' title="bbox 129 2942 1787 4182">
    <p class='ocr_par' dir='ltr' id='par_1_12' title="bbox 129 2942 1787 4182">
     <span class='ocr_line' id='line_1_44' title="bbox 137 2942 1786 3018; baseline -0.01 -8"><span class='ocrx_word' id='word_1_437' title='bbox 137 2950 294 3018; x_wconf 86' lang='lat' dir='ltr'>rectionem,</span> <span class='ocrx_word' id='word_1_438' title='bbox 306 2949 420 3002; x_wconf 87' lang='lat' dir='ltr'>lerinam</span> <span class='ocrx_word' id='word_1_439' title='bbox 429 2948 488 3014; x_wconf 86' lang='lat' dir='ltr'>ejus</span> <span class='ocrx_word' id='word_1_440' title='bbox 503 2943 609 3000; x_wconf 88' lang='lat' dir='ltr'>edendo</span> <span class='ocrx_word' id='word_1_441' title='bbox 623 2943 754 3000; x_wconf 84' lang='lat' dir='ltr'>adversus</span> <span class='ocrx_word' id='word_1_442' title='bbox 768 2943 931 3000; x_wconf 82' lang='lat' dir='ltr'>siidilucaeo-</span> <span class='ocrx_word' id='word_1_443' title='bbox 984 2960 1026 3015; x_wconf 92' lang='lat' dir='ltr'>re,</span> <span class='ocrx_word' id='word_1_444' title='bbox 1055 2958 1123 3016; x_wconf 90' lang='lat' dir='ltr'>quas</span> <span class='ocrx_word' id='word_1_445' title='bbox 1146 2952 1176 2999; x_wconf 90' lang='lat' dir='ltr'>ut</span> <span class='ocrx_word' id='word_1_446' title='bbox 1199 2943 1319 3015; x_wconf 90' lang='lat' dir='ltr'>optimus</span> <span class='ocrx_word' id='word_1_447' title='bbox 1344 2950 1396 2998; x_wconf 88' lang='lat' dir='ltr'>tarn</span> <span class='ocrx_word' id='word_1_448' title='bbox 1419 2942 1510 3000; x_wconf 89' lang='lat' dir='ltr'>tristes</span> <span class='ocrx_word' id='word_1_449' title='bbox 1535 2960 1615 3016; x_wconf 90' lang='lat' dir='ltr'>quain</span> <span class='ocrx_word' id='word_1_450' title='bbox 1637 2947 1663 2985; x_wconf 90' lang='grc'>66</span> <span class='ocrx_word' id='word_1_451' title='bbox 1681 2955 1786 3005; x_wconf 67' lang='lat' dir='ltr'>atroces</span> 
     </span>
     <span class='ocr_line' id='line_1_45' title="bbox 137 3031 1787 3110; baseline -0.005 -13"><span class='ocrx_word' id='word_1_452' title='bbox 137 3057 194 3098; x_wconf 89' lang='lat' dir='ltr'>runi</span> <span class='ocrx_word' id='word_1_453' title='bbox 217 3037 388 3110; x_wconf 90' lang='lat' dir='ltr'>opinionem.</span> <span class='ocrx_word' id='word_1_454' title='bbox 408 3033 532 3104; x_wconf 84' lang='lat' dir='ltr'>Denique</span> <span class='ocrx_word' id='word_1_455' title='bbox 564 3031 749 3088; x_wconf 91' lang='lat' dir='ltr'>testimonium</span> <span class='ocrx_word' id='word_1_456' title='bbox 771 3047 864 3089; x_wconf 89' lang='lat' dir='ltr'>eorum</span> <span class='ocrx_word' id='word_1_457' title='bbox 884 3033 931 3104; x_wconf 92' lang='lat' dir='ltr'>qui</span> <span class='ocrx_word' id='word_1_458' title='bbox 984 3032 1140 3090; x_wconf 86' lang='lat' dir='ltr'>abstulisset</span> <span class='ocrx_word' id='word_1_459' title='bbox 1169 3032 1260 3102; x_wconf 89' lang='lat' dir='ltr'>potius</span> <span class='ocrx_word' id='word_1_460' title='bbox 1279 3049 1361 3104; x_wconf 85' lang='lat' dir='ltr'>quarn</span> <span class='ocrx_word' id='word_1_461' title='bbox 1384 3034 1579 3104; x_wconf 88' lang='lat' dir='ltr'>constituisset,</span> <span class='ocrx_word' id='word_1_462' title='bbox 1594 3036 1618 3091; x_wconf 92' lang='lat' dir='ltr'>si</span> <span class='ocrx_word' id='word_1_463' title='bbox 1632 3053 1687 3094; x_wconf 91' lang='lat' dir='ltr'>aon</span> <span class='ocrx_word' id='word_1_464' title='bbox 1702 3038 1787 3110; x_wconf 86' lang='lat' dir='ltr'>ipsius</span> 
     </span>
     <span class='ocr_line' id='line_1_46' title="bbox 136 3119 1787 3197; baseline -0.007 -11"><span class='ocrx_word' id='word_1_465' title='bbox 136 3131 172 3186; x_wconf 87' lang='lat' dir='ltr'>ita</span> <span class='ocrx_word' id='word_1_466' title='bbox 184 3143 248 3185; x_wconf 91' lang='lat' dir='ltr'>eum</span> <span class='ocrx_word' id='word_1_467' title='bbox 262 3124 435 3196; x_wconf 86' lang='lat' dir='ltr'>respondisse</span> <span class='ocrx_word' id='word_1_468' title='bbox 451 3129 687 3192; x_wconf 78' lang='lat' dir='ltr'>presumpserant,</span> <span class='ocrx_word' id='word_1_469' title='bbox 711 3135 764 3177; x_wconf 92' lang='lat' dir='ltr'>noa</span> <span class='ocrx_word' id='word_1_470' title='bbox 788 3123 930 3180; x_wconf 87' lang='lat' dir='ltr'>recusavit.</span> <span class='ocrx_word' id='word_1_471' title='bbox 985 3122 1111 3178; x_wconf 89' lang='lat' dir='ltr'>luissent.</span> <span class='ocrx_word' id='word_1_472' title='bbox 1124 3119 1195 3176; x_wconf 82' lang='lat' dir='ltr'>hate</span> <span class='ocrx_word' id='word_1_473' title='bbox 1210 3121 1268 3175; x_wconf 79' lang='lat' dir='ltr'>liaeo</span> <span class='ocrx_word' id='word_1_474' title='bbox 1282 3128 1370 3176; x_wconf 90' lang='lat' dir='ltr'>autem</span> <span class='ocrx_word' id='word_1_475' title='bbox 1385 3123 1590 3190; x_wconf 86' lang='lat' dir='ltr'>persecutiones</span> <span class='ocrx_word' id='word_1_476' title='bbox 1605 3126 1644 3180; x_wconf 90' lang='lat' dir='ltr'>eis</span> <span class='ocrx_word' id='word_1_477' title='bbox 1659 3128 1787 3197; x_wconf 77' lang='lat' dir='ltr'>praedlcai</span> 
     </span>
     <span class='ocr_line' id='line_1_47' title="bbox 137 3208 1787 3284; baseline -0.012 -7"><span class='ocrx_word' id='word_1_478' title='bbox 137 3219 164 3277; x_wconf 85' lang='lat' dir='ltr'>Si</span> <span class='ocrx_word' id='word_1_479' title='bbox 177 3229 268 3276; x_wconf 87' lang='lat' dir='ltr'>autem</span> <span class='ocrx_word' id='word_1_480' title='bbox 283 3214 384 3271; x_wconf 89' lang='lat' dir='ltr'>Scribae</span> <span class='ocrx_word' id='word_1_481' title='bbox 410 3213 548 3270; x_wconf 85' lang='lat' dir='ltr'>Christum</span> <span class='ocrx_word' id='word_1_482' title='bbox 576 3209 661 3266; x_wconf 86' lang='lat' dir='ltr'>lilium</span> <span class='ocrx_word' id='word_1_483' title='bbox 689 3209 776 3265; x_wconf 88' lang='lat' dir='ltr'>David</span> <span class='ocrx_word' id='word_1_484' title='bbox 795 3212 932 3268; x_wconf 84' lang='lat' dir='ltr'>existima·</span> <span class='ocrx_word' id='word_1_485' title='bbox 985 3219 1012 3268; x_wconf 92' lang='lat' dir='ltr'>et</span> <span class='ocrx_word' id='word_1_486' title='bbox 1031 3209 1173 3282; x_wconf 87' lang='lat' dir='ltr'>passiones</span> <span class='ocrx_word' id='word_1_487' title='bbox 1186 3218 1326 3276; x_wconf 81' lang='lat' dir='ltr'>venturas,</span> <span class='ocrx_word' id='word_1_488' title='bbox 1342 3208 1370 3262; x_wconf 93' lang='lat' dir='ltr'>in</span> <span class='ocrx_word' id='word_1_489' title='bbox 1384 3210 1542 3282; x_wconf 86' lang='lat' dir='ltr'>martyrium</span> <span class='ocrx_word' id='word_1_490' title='bbox 1558 3213 1650 3284; x_wconf 81' lang='lat' dir='ltr'>utique</span> <span class='ocrx_word' id='word_1_491' title='bbox 1663 3226 1689 3270; x_wconf 80' lang='lat' dir='ltr'>ei</span> <span class='ocrx_word' id='word_1_492' title='bbox 1704 3215 1732 3270; x_wconf 75' lang='lat' dir='ltr'>in</span> <span class='ocrx_word' id='word_1_493' title='bbox 1745 3232 1787 3273; x_wconf 63' lang='lat' dir='ltr'>sa.</span> 
     </span>
     <span class='ocr_line' id='line_1_48' title="bbox 135 3296 1784 3378; baseline -0.005 -13"><span class='ocrx_word' id='word_1_494' title='bbox 135 3309 208 3378; x_wconf 85' lang='lat' dir='ltr'>baal,</span> <span class='ocrx_word' id='word_1_495' title='bbox 237 3307 296 3377; x_wconf 89' lang='lat' dir='ltr'>ipse</span> <span class='ocrx_word' id='word_1_496' title='bbox 314 3311 403 3359; x_wconf 89' lang='lat' dir='ltr'>autem</span> <span class='ocrx_word' id='word_1_497' title='bbox 427 3301 513 3358; x_wconf 88' lang='lat' dir='ltr'>David</span> <span class='ocrx_word' id='word_1_498' title='bbox 541 3300 688 3356; x_wconf 88' lang='lat' dir='ltr'>Dominum</span> <span class='ocrx_word' id='word_1_499' title='bbox 707 3315 768 3355; x_wconf 89' lang='lat' dir='ltr'>cum</span> <span class='ocrx_word' id='word_1_500' title='bbox 797 3301 930 3374; x_wconf 88' lang='lat' dir='ltr'>appellet;</span> <span class='ocrx_word' id='word_1_501' title='bbox 984 3299 1078 3356; x_wconf 85' lang='lat' dir='ltr'>tutem.</span> <span class='ocrx_word' id='word_1_502' title='bbox 1104 3298 1203 3370; x_wconf 80' lang='lat' dir='ltr'>Accipe</span> <span class='ocrx_word' id='word_1_503' title='bbox 1219 3296 1394 3368; x_wconf 88' lang='lat' dir='ltr'>praedicatum</span> <span class='ocrx_word' id='word_1_504' title='bbox 1424 3298 1450 3354; x_wconf 95' lang='lat' dir='ltr'>in</span> <span class='ocrx_word' id='word_1_505' title='bbox 1478 3300 1606 3356; x_wconf 88' lang='lat' dir='ltr'>Zacharia</span> <span class='ocrx_word' id='word_1_506' title='bbox 1629 3302 1680 3372; x_wconf 85' lang='lat' dir='ltr'>(tii,</span> <span class='ocrx_word' id='word_1_507' title='bbox 1716 3304 1784 3376; x_wconf 83' lang='lat' dir='ltr'>l5):</span> 
     </span>
     <span class='ocr_line' id='line_1_49' title="bbox 129 3387 1787 3473; baseline -0.005 -18"><span class='ocrx_word' id='word_1_508' title='bbox 129 3399 196 3473; x_wconf 83' lang='lat' dir='ltr'>quid</span> <span class='ocrx_word' id='word_1_509' title='bbox 216 3398 269 3453; x_wconf 90' lang='lat' dir='ltr'>hoc</span> <span class='ocrx_word' id='word_1_510' title='bbox 282 3395 316 3450; x_wconf 88' lang='lat' dir='ltr'>ad</span> <span class='ocrx_word' id='word_1_511' title='bbox 332 3391 490 3449; x_wconf 80' lang='lat' dir='ltr'>Christum?</span> <span class='ocrx_word' id='word_1_512' title='bbox 512 3391 573 3447; x_wconf 90' lang='lat' dir='ltr'>Non</span> <span class='ocrx_word' id='word_1_513' title='bbox 592 3389 677 3448; x_wconf 82' lang='lat' dir='ltr'>David</span> <span class='ocrx_word' id='word_1_514' title='bbox 692 3405 811 3448; x_wconf 88' lang='lat' dir='ltr'>errorem</span> <span class='ocrx_word' id='word_1_515' title='bbox 825 3392 932 3449; x_wconf 88' lang='lat' dir='ltr'>Scriba·</span> <span class='ocrx_word' id='word_1_516' title='bbox 984 3392 1132 3455; x_wconf 79' lang='lat' dir='ltr'>hominiis,</span> <span class='ocrx_word' id='word_1_517' title='bbox 1143 3387 1239 3460; x_wconf 89' lang='lat' dir='ltr'>inquit,</span> <span class='ocrx_word' id='word_1_518' title='bbox 1250 3390 1428 3461; x_wconf 81' lang='lat' dir='ltr'>omnipotens</span> <span class='ocrx_word' id='word_1_519' title='bbox 1441 3394 1571 3462; x_wconf 81' lang='lat' dir='ltr'>proteget</span> <span class='ocrx_word' id='word_1_520' title='bbox 1584 3407 1649 3459; x_wconf 79' lang='lat' dir='ltr'>cos,-</span> <span class='ocrx_word' id='word_1_521' title='bbox 1662 3399 1690 3449; x_wconf 86' lang='lat' dir='ltr'>et</span> <span class='ocrx_word' id='word_1_522' title='bbox 1700 3392 1787 3450; x_wconf 72' lang='lat' dir='ltr'>⁴¹5ss</span> 
     </span>
     <span class='ocr_line' id='line_1_50' title="bbox 134 3476 1786 3560; baseline -0.008 -11"><span class='ocrx_word' id='word_1_523' title='bbox 134 3504 194 3545; x_wconf 84' lang='lat' dir='ltr'>rum</span> <span class='ocrx_word' id='word_1_524' title='bbox 211 3488 270 3560; x_wconf 74' lang='lat'>(59)</span> <span class='ocrx_word' id='word_1_525' title='bbox 286 3483 461 3550; x_wconf 87' lang='lat' dir='ltr'>obtundebat,</span> <span class='ocrx_word' id='word_1_526' title='bbox 486 3482 534 3538; x_wconf 88' lang='lat' dir='ltr'>sed</span> <span class='ocrx_word' id='word_1_527' title='bbox 562 3483 692 3537; x_wconf 89' lang='lat' dir='ltr'>honorem</span> <span class='ocrx_word' id='word_1_528' title='bbox 715 3479 821 3537; x_wconf 87' lang='lat' dir='ltr'>Christo</span> <span class='ocrx_word' id='word_1_529' title='bbox 844 3482 930 3539; x_wconf 86' lang='lat' dir='ltr'>David</span> <span class='ocrx_word' id='word_1_530' title='bbox 984 3484 1150 3538; x_wconf 82' lang='lat' dir='ltr'>consument</span> <span class='ocrx_word' id='word_1_531' title='bbox 1164 3478 1238 3542; x_wconf 87' lang='lat' dir='ltr'>illos,</span> <span class='ocrx_word' id='word_1_532' title='bbox 1255 3481 1283 3535; x_wconf 87' lang='lat' dir='ltr'>ct</span> <span class='ocrx_word' id='word_1_533' title='bbox 1301 3476 1467 3551; x_wconf 85' lang='lat' dir='ltr'>lapidabant</span> <span class='ocrx_word' id='word_1_534' title='bbox 1484 3481 1622 3552; x_wconf 82' lang='lat' dir='ltr'>lapidibus</span> <span class='ocrx_word' id='word_1_535' title='bbox 1636 3481 1746 3553; x_wconf 74' lang='lat' dir='ltr'>funde,</span> <span class='ocrx_word' id='word_1_536' title='bbox 1757 3485 1786 3538; x_wconf 86' lang='lat' dir='ltr'>et</span> 
     </span>
     <span class='ocr_line' id='line_1_51' title="bbox 134 3565 1786 3652; baseline -0.018 0"><span class='ocrx_word' id='word_1_537' title='bbox 134 3578 305 3652; x_wconf 65' lang='grc'><strong>6666666666,</strong></span> <span class='ocrx_word' id='word_1_538' title='bbox 320 3590 402 3647; x_wconf 86' lang='lat' dir='ltr'>quem</span> <span class='ocrx_word' id='word_1_539' title='bbox 411 3572 557 3630; x_wconf 68' lang='lat' dir='ltr'>D0mi¹¹ttm</span> <span class='ocrx_word' id='word_1_540' title='bbox 571 3569 707 3627; x_wconf 73' lang='lat' dir='ltr'>Christum</span> <span class='ocrx_word' id='word_1_541' title='bbox 715 3571 739 3609; x_wconf 79' lang='lat'>⁶²</span> <span class='ocrx_word' id='word_1_542' title='bbox 750 3570 837 3642; x_wconf 76' lang='lat' dir='ltr'>magis</span> <span class='ocrx_word' id='word_1_543' title='bbox 849 3588 929 3645; x_wconf 89' lang='lat' dir='ltr'>quarn</span> <span class='ocrx_word' id='word_1_544' title='bbox 984 3570 1077 3626; x_wconf 84' lang='lat' dir='ltr'>biberit</span> <span class='ocrx_word' id='word_1_545' title='bbox 1086 3568 1256 3638; x_wconf 80' lang='lat' dir='ltr'>sanguine-iri</span> <span class='ocrx_word' id='word_1_546' title='bbox 1265 3565 1470 3624; x_wconf 82' lang='lat' dir='ltr'>ittoromiichit</span> <span class='ocrx_word' id='word_1_547' title='bbox 1480 3568 1587 3635; x_wconf 84' lang='lat' dir='ltr'>oiocm,</span> <span class='ocrx_word' id='word_1_548' title='bbox 1599 3571 1626 3625; x_wconf 87' lang='lat' dir='ltr'>et</span> <span class='ocrx_word' id='word_1_549' title='bbox 1636 3569 1786 3643; x_wconf 76' lang='lat' dir='ltr'>replebunt</span> 
     </span>
     <span class='ocr_line' id='line_1_52' title="bbox 138 3655 1785 3732; baseline -0.004 -9"><span class='ocrx_word' id='word_1_550' title='bbox 138 3666 217 3724; x_wconf 89' lang='lat' dir='ltr'>lilium</span> <span class='ocrx_word' id='word_1_551' title='bbox 232 3665 320 3723; x_wconf 83' lang='lat' dir='ltr'>David</span> <span class='ocrx_word' id='word_1_552' title='bbox 336 3663 529 3729; x_wconf 79' lang='lat' dir='ltr'>confirmabat3</span> <span class='ocrx_word' id='word_1_553' title='bbox 548 3659 684 3732; x_wconf 90' lang='lat' dir='ltr'>quodnoa</span> <span class='ocrx_word' id='word_1_554' title='bbox 700 3667 862 3732; x_wconf 84' lang='lat' dir='ltr'>congrueret</span> <span class='ocrx_word' id='word_1_555' title='bbox 883 3661 931 3716; x_wconf 88' lang='lat' dir='ltr'>de-</span> <span class='ocrx_word' id='word_1_556' title='bbox 981 3663 1098 3732; x_wconf 85' lang='lat' dir='ltr'>poteres</span> <span class='ocrx_word' id='word_1_557' title='bbox 1112 3657 1194 3729; x_wconf 81' lang='lat' dir='ltr'>quasi</span> <span class='ocrx_word' id='word_1_558' title='bbox 1208 3655 1351 3726; x_wconf 64' lang='lat' dir='ltr'>attonite</span> <span class='ocrx_word' id='word_1_559' title='bbox 1363 3656 1542 3715; x_wconf 82' lang='lat' dir='ltr'>staalooseos</span> <span class='ocrx_word' id='word_1_560' title='bbox 1553 3659 1785 3729; x_wconf 67' lang='lat' dir='ltr'>focietDomi&#39;iiiis</span> 
     </span>
     <span class='ocr_line' id='line_1_53' title="bbox 139 3746 1785 3822; baseline -0.021 -6"><span class='ocrx_word' id='word_1_561' title='bbox 139 3756 259 3815; x_wconf 87' lang='lat' dir='ltr'>stmctori</span> <span class='ocrx_word' id='word_1_562' title='bbox 273 3753 419 3810; x_wconf 84' lang='lat' dir='ltr'>Crantoris.</span> <span class='ocrx_word' id='word_1_563' title='bbox 436 3752 471 3807; x_wconf 81' lang='lat' dir='ltr'>At</span> <span class='ocrx_word' id='word_1_564' title='bbox 485 3767 520 3806; x_wconf 88' lang='lat' dir='ltr'>ex</span> <span class='ocrx_word' id='word_1_565' title='bbox 535 3756 627 3806; x_wconf 88' lang='lat' dir='ltr'>nostra</span> <span class='ocrx_word' id='word_1_566' title='bbox 651 3758 737 3821; x_wconf 89' lang='lat' dir='ltr'>parte,</span> <span class='ocrx_word' id='word_1_567' title='bbox 760 3764 840 3820; x_wconf 87' lang='lat' dir='ltr'>quain</span> <span class='ocrx_word' id='word_1_568' title='bbox 868 3765 932 3809; x_wconf 90' lang='lat' dir='ltr'>con·</span> <span class='ocrx_word' id='word_1_569' title='bbox 983 3748 1035 3804; x_wconf 83' lang='lat' dir='ltr'>illo</span> <span class='ocrx_word' id='word_1_570' title='bbox 1049 3746 1103 3812; x_wconf 86' lang='lat' dir='ltr'>die,</span> <span class='ocrx_word' id='word_1_571' title='bbox 1119 3746 1283 3812; x_wconf 80' lang='lat' dir='ltr'>celatores,</span> <span class='ocrx_word' id='word_1_572' title='bbox 1299 3746 1435 3818; x_wconf 81' lang='lat' dir='ltr'>poputum</span> <span class='ocrx_word' id='word_1_573' title='bbox 1450 3762 1546 3811; x_wconf 67' lang='lat' dir='ltr'>supin,</span> <span class='ocrx_word' id='word_1_574' title='bbox 1558 3748 1623 3820; x_wconf 65' lang='lat' dir='ltr'>quta</span> <span class='ocrx_word' id='word_1_575' title='bbox 1634 3748 1659 3786; x_wconf 85' lang='lat' dir='ltr'>ia</span> <span class='ocrx_word' id='word_1_576' title='bbox 1680 3749 1785 3822; x_wconf 54' lang='lat' dir='ltr'>lapid„</span> 
     </span>
     <span class='ocr_line' id='line_1_54' title="bbox 141 3835 1786 3913; baseline -0.011 -2"><span class='ocrx_word' id='word_1_577' title='bbox 141 3847 245 3904; x_wconf 71' lang='lat' dir='ltr'>leniens</span> <span class='ocrx_word' id='word_1_578' title='bbox 261 3842 345 3901; x_wconf 67' lang='grc'>455</span> <span class='ocrx_word' id='word_1_579' title='bbox 361 3842 547 3913; x_wconf 81' lang='lat' dir='ltr'>interpretatio</span> <span class='ocrx_word' id='word_1_580' title='bbox 561 3842 567 3895; x_wconf 90' lang='lat' dir='ltr'>i</span> <span class='ocrx_word' id='word_1_581' title='bbox 582 3840 650 3896; x_wconf 92' lang='lat' dir='ltr'>Nam</span> <span class='ocrx_word' id='word_1_582' title='bbox 673 3838 719 3910; x_wconf 90' lang='lat' dir='ltr'>qui</span> <span class='ocrx_word' id='word_1_583' title='bbox 740 3838 804 3896; x_wconf 90' lang='lat' dir='ltr'>olim</span> <span class='ocrx_word' id='word_1_584' title='bbox 825 3855 841 3894; x_wconf 89' lang='lat' dir='ltr'>a</span> <span class='ocrx_word' id='word_1_585' title='bbox 858 3855 930 3897; x_wconf 85' lang='lat' dir='ltr'>caeco</span> <span class='ocrx_word' id='word_1_586' title='bbox 983 3838 1077 3894; x_wconf 80' lang='lat' dir='ltr'>sancti</span> <span class='ocrx_word' id='word_1_587' title='bbox 1086 3836 1268 3892; x_wconf 73' lang='lat' dir='ltr'>voluteritlit</span> <span class='ocrx_word' id='word_1_588' title='bbox 1278 3835 1498 3908; x_wconf 83' lang='lat' dir='ltr'>aeputesbaecin</span> <span class='ocrx_word' id='word_1_589' title='bbox 1510 3836 1649 3906; x_wconf 88' lang='lat' dir='ltr'>passiones</span> <span class='ocrx_word' id='word_1_590' title='bbox 1660 3838 1786 3909; x_wconf 78' lang='lat' dir='ltr'>predica·</span> 
     </span>
     <span class='ocr_line' id='line_1_55' title="bbox 142 3924 1783 4000; baseline -0.007 -9"><span class='ocrx_word' id='word_1_591' title='bbox 142 3935 182 3994; x_wconf 90' lang='lat' dir='ltr'>illo</span> <span class='ocrx_word' id='word_1_592' title='bbox 208 3934 280 3991; x_wconf 89' lang='lat' dir='ltr'>lilius</span> <span class='ocrx_word' id='word_1_593' title='bbox 302 3932 388 3991; x_wconf 86' lang='lat' dir='ltr'>David</span> <span class='ocrx_word' id='word_1_594' title='bbox 412 3932 501 3988; x_wconf 89' lang='lat' dir='ltr'>luerat</span> <span class='ocrx_word' id='word_1_595' title='bbox 514 3931 664 3997; x_wconf 83' lang='lat' dir='ltr'>invocatus,</span> <span class='ocrx_word' id='word_1_596' title='bbox 680 3926 753 3999; x_wconf 91' lang='lat' dir='ltr'>quod</span> <span class='ocrx_word' id='word_1_597' title='bbox 780 3934 844 3984; x_wconf 93' lang='lat' dir='ltr'>tuac</span> <span class='ocrx_word' id='word_1_598' title='bbox 866 3927 931 3984; x_wconf 91' lang='lat' dir='ltr'>reti·</span> <span class='ocrx_word' id='word_1_599' title='bbox 983 3927 1018 4000; x_wconf 77' lang='lat' dir='ltr'>ri,</span> <span class='ocrx_word' id='word_1_600' title='bbox 1028 3941 1089 3999; x_wconf 83' lang='lat' dir='ltr'>quae</span> <span class='ocrx_word' id='word_1_601' title='bbox 1099 3927 1158 3982; x_wconf 88' lang='lat' dir='ltr'>illos</span> <span class='ocrx_word' id='word_1_602' title='bbox 1172 3936 1212 3982; x_wconf 93' lang='lat' dir='ltr'>tot</span> <span class='ocrx_word' id='word_1_603' title='bbox 1221 3924 1358 3981; x_wconf 88' lang='lat' dir='ltr'>bellorum</span> <span class='ocrx_word' id='word_1_604' title='bbox 1369 3925 1477 3981; x_wconf 89' lang='lat' dir='ltr'>nomiae</span> <span class='ocrx_word' id='word_1_605' title='bbox 1487 3926 1521 3980; x_wconf 90' lang='lat' dir='ltr'>ab</span> <span class='ocrx_word' id='word_1_606' title='bbox 1532 3924 1677 3999; x_wconf 83' lang='lat' dir='ltr'>allophylis</span> <span class='ocrx_word' id='word_1_607' title='bbox 1687 3943 1783 3985; x_wconf 85' lang='lat' dir='ltr'>inane-</span> 
     </span>
     <span class='ocr_line' id='line_1_56' title="bbox 142 4014 1785 4093; baseline -0.007 -8"><span class='ocrx_word' id='word_1_608' title='bbox 142 4029 197 4093; x_wconf 85' lang='lat' dir='ltr'>cuit,</span> <span class='ocrx_word' id='word_1_609' title='bbox 212 4041 269 4083; x_wconf 93' lang='lat' dir='ltr'>non</span> <span class='ocrx_word' id='word_1_610' title='bbox 286 4024 389 4080; x_wconf 89' lang='lat' dir='ltr'>liabens</span> <span class='ocrx_word' id='word_1_611' title='bbox 409 4021 436 4076; x_wconf 92' lang='lat' dir='ltr'>in</span> <span class='ocrx_word' id='word_1_612' title='bbox 460 4019 603 4093; x_wconf 88' lang='lat' dir='ltr'>praesentia</span> <span class='ocrx_word' id='word_1_613' title='bbox 629 4018 739 4084; x_wconf 88' lang='lat' dir='ltr'>scribas,</span> <span class='ocrx_word' id='word_1_614' title='bbox 764 4033 837 4076; x_wconf 94' lang='lat' dir='ltr'>nunc</span> <span class='ocrx_word' id='word_1_615' title='bbox 860 4019 931 4075; x_wconf 93' lang='lat' dir='ltr'>ultro</span> <span class='ocrx_word' id='word_1_616' title='bbox 984 4015 1059 4080; x_wconf 88' lang='lat' dir='ltr'>bant,</span> <span class='ocrx_word' id='word_1_617' title='bbox 1075 4015 1180 4088; x_wconf 91' lang='lat' dir='ltr'>respice</span> <span class='ocrx_word' id='word_1_618' title='bbox 1202 4014 1362 4087; x_wconf 89' lang='lat' dir='ltr'>adspecies.</span> <span class='ocrx_word' id='word_1_619' title='bbox 1377 4016 1462 4072; x_wconf 90' lang='lat' dir='ltr'>Nemo</span> <span class='ocrx_word' id='word_1_620' title='bbox 1477 4014 1507 4070; x_wconf 89' lang='lat' dir='ltr'>in</span> <span class='ocrx_word' id='word_1_621' title='bbox 1522 4016 1711 4087; x_wconf 89' lang='lat' dir='ltr'>praedicatione</span> <span class='ocrx_word' id='word_1_622' title='bbox 1726 4019 1785 4074; x_wconf 88' lang='lat' dir='ltr'>bel-</span> 
     </span>
     <span class='ocr_line' id='line_1_57' title="bbox 142 4101 1784 4182; baseline -0.008 -7"><span class='ocrx_word' id='word_1_623' title='bbox 142 4132 223 4175; x_wconf 86' lang='lat' dir='ltr'>corim</span> <span class='ocrx_word' id='word_1_624' title='bbox 236 4117 276 4172; x_wconf 88' lang='lat' dir='ltr'>eis</span> <span class='ocrx_word' id='word_1_625' title='bbox 290 4117 325 4171; x_wconf 92' lang='lat' dir='ltr'>de</span> <span class='ocrx_word' id='word_1_626' title='bbox 339 4111 472 4168; x_wconf 89' lang='lat' dir='ltr'>industria</span> <span class='ocrx_word' id='word_1_627' title='bbox 487 4109 599 4182; x_wconf 92' lang='lat' dir='ltr'>protulit</span> <span class='ocrx_word' id='word_1_628' title='bbox 614 4125 622 4164; x_wconf 77' lang='grc' dir='ltr'><strong><em>ε</em></strong></span> <span class='ocrx_word' id='word_1_629' title='bbox 639 4116 670 4165; x_wconf 92' lang='lat' dir='ltr'>ut</span> <span class='ocrx_word' id='word_1_630' title='bbox 684 4123 724 4180; x_wconf 89' lang='lat' dir='ltr'>ee,</span> <span class='ocrx_word' id='word_1_631' title='bbox 740 4123 820 4179; x_wconf 89' lang='lat' dir='ltr'>quem</span> <span class='ocrx_word' id='word_1_632' title='bbox 840 4121 931 4165; x_wconf 81' lang='lat' dir='ltr'>caecus</span> <span class='ocrx_word' id='word_1_633' title='bbox 982 4101 1070 4160; x_wconf 92' lang='lat' dir='ltr'>loiurn</span> <span class='ocrx_word' id='word_1_634' title='bbox 1084 4102 1213 4174; x_wconf 78' lang='lat' dir='ltr'>legitimis</span> <span class='ocrx_word' id='word_1_635' title='bbox 1235 4102 1318 4159; x_wconf 91' lang='lat' dir='ltr'>arinis</span> <span class='ocrx_word' id='word_1_636' title='bbox 1338 4103 1568 4172; x_wconf 85' lang='lat' dir='ltr'>debellandorum,</span> <span class='ocrx_word' id='word_1_637' title='bbox 1592 4105 1784 4177; x_wconf 88' lang='lat' dir='ltr'>lapidationem</span> 
     </span>
    </p>
   </div>
   <div class='ocr_carea' id='block_1_12' title="bbox 142 4190 1901 4276">
    <p class='ocr_par' dir='ltr' id='par_1_13' title="bbox 142 4190 1901 4276">
     <span class='ocr_line' id='line_1_58' title="bbox 142 4190 1901 4276; baseline -0.009 -10"><span class='ocrx_word' id='word_1_638' title='bbox 142 4208 284 4266; x_wconf 81' lang='lat' dir='ltr'>secandum</span> <span class='ocrx_word' id='word_1_639' title='bbox 298 4205 449 4261; x_wconf 91' lang='lat' dir='ltr'>scribarum</span> <span class='ocrx_word' id='word_1_640' title='bbox 462 4202 611 4258; x_wconf 87' lang='lat' dir='ltr'>doctrinam</span> <span class='ocrx_word' id='word_1_641' title='bbox 630 4199 716 4254; x_wconf 87' lang='lat' dir='ltr'>lilium</span> <span class='ocrx_word' id='word_1_642' title='bbox 743 4206 846 4254; x_wconf 85' lang='lat' dir='ltr'>tantuin</span> <span class='ocrx_word' id='word_1_643' title='bbox 874 4200 929 4254; x_wconf 85' lang='lat' dir='ltr'>lla·</span> <span class='ocrx_word' id='word_1_644' title='bbox 986 4200 1124 4248; x_wconf 87' lang='lat' dir='ltr'>enumerat</span> <span class='ocrx_word' id='word_1_645' title='bbox 1138 4190 1316 4263; x_wconf 90' lang='lat' dir='ltr'>popularibus</span> <span class='ocrx_word' id='word_1_646' title='bbox 1338 4192 1453 4248; x_wconf 90' lang='lat' dir='ltr'>coetibus</span> <span class='ocrx_word' id='word_1_647' title='bbox 1474 4192 1559 4266; x_wconf 86' lang='lat' dir='ltr'>magis</span> <span class='ocrx_word' id='word_1_648' title='bbox 1578 4201 1605 4249; x_wconf 90' lang='lat' dir='ltr'>et</span> <span class='ocrx_word' id='word_1_649' title='bbox 1625 4194 1725 4253; x_wconf 90' lang='lat' dir='ltr'>inermi</span> <span class='ocrx_word' id='word_1_650' title='bbox 1738 4203 1783 4252; x_wconf 91' lang='lat' dir='ltr'>tu·</span> <span class='ocrx_word' id='word_1_651' title='bbox 1889 4260 1901 4276; x_wconf 67' lang='lat'>.</span> 
     </span>
    </p>
   </div>
   <div class='ocr_carea' id='block_1_13' title="bbox 141 4276 1785 4636">
    <p class='ocr_par' dir='ltr' id='par_1_14' title="bbox 141 4276 1785 4636">
     <span class='ocr_line' id='line_1_59' title="bbox 142 4276 1785 4369; baseline -0.008 -17"><span class='ocrx_word' id='word_1_652' title='bbox 142 4297 180 4355; x_wconf 93' lang='lat' dir='ltr'>iid</span> <span class='ocrx_word' id='word_1_653' title='bbox 197 4296 370 4369; x_wconf 88' lang='lat' dir='ltr'>praedicarat,</span> <span class='ocrx_word' id='word_1_654' title='bbox 386 4292 529 4349; x_wconf 88' lang='lat' dir='ltr'>Dominum</span> <span class='ocrx_word' id='word_1_655' title='bbox 544 4306 651 4364; x_wconf 88' lang='lat' dir='ltr'>quoquc</span> <span class='ocrx_word' id='word_1_656' title='bbox 679 4290 738 4359; x_wconf 88' lang='lat' dir='ltr'>ejus</span> <span class='ocrx_word' id='word_1_657' title='bbox 757 4287 932 4357; x_wconf 78' lang='lat' dir='ltr'>ostenderat3</span> <span class='ocrx_word' id='word_1_658' title='bbox 984 4279 1082 4335; x_wconf 89' lang='lat' dir='ltr'>multui</span> <span class='ocrx_word' id='word_1_659' title='bbox 1095 4276 1262 4335; x_wconf 89' lang='lat' dir='ltr'>lamitiarem.</span> <span class='ocrx_word' id='word_1_660' title='bbox 1276 4280 1362 4335; x_wconf 89' lang='lat' dir='ltr'>Nemo</span> <span class='ocrx_word' id='word_1_661' title='bbox 1376 4287 1447 4334; x_wconf 90' lang='lat' dir='ltr'>tanta</span> <span class='ocrx_word' id='word_1_662' title='bbox 1460 4279 1488 4334; x_wconf 92' lang='lat' dir='ltr'>in</span> <span class='ocrx_word' id='word_1_663' title='bbox 1498 4280 1570 4336; x_wconf 87' lang='lat' dir='ltr'>bello</span> <span class='ocrx_word' id='word_1_664' title='bbox 1580 4282 1721 4354; x_wconf 87' lang='lat' dir='ltr'>sanguinis</span> <span class='ocrx_word' id='word_1_665' title='bbox 1731 4282 1785 4339; x_wconf 91' lang='lat' dir='ltr'>ilu-</span> 
     </span>
     <span class='ocr_line' id='line_1_60' title="bbox 141 4348 1783 4457; baseline -0.007 -16"><span class='ocrx_word' id='word_1_666' title='bbox 141 4391 300 4444; x_wconf 79' lang='lat' dir='ltr'>mmanerata</span> <span class='ocrx_word' id='word_1_667' title='bbox 314 4383 424 4457; x_wconf 90' lang='lat' dir='ltr'>quidem</span> <span class='ocrx_word' id='word_1_668' title='bbox 439 4380 492 4438; x_wconf 90' lang='lat' dir='ltr'>lide</span> <span class='ocrx_word' id='word_1_669' title='bbox 504 4380 579 4448; x_wconf 81' lang='lat' dir='ltr'>ceci,</span> <span class='ocrx_word' id='word_1_670' title='bbox 596 4395 650 4452; x_wconf 87' lang='lat' dir='ltr'>qua</span> <span class='ocrx_word' id='word_1_671' title='bbox 664 4378 750 4433; x_wconf 88' lang='lat' dir='ltr'>tilium</span> <span class='ocrx_word' id='word_1_672' title='bbox 764 4376 851 4436; x_wconf 85' lang='lat' dir='ltr'>David</span> <span class='ocrx_word' id='word_1_673' title='bbox 865 4391 929 4434; x_wconf 89' lang='lat' dir='ltr'>cre·</span> <span class='ocrx_word' id='word_1_674' title='bbox 944 4348 968 4428; x_wconf 76' lang='lat' dir='ltr'>C</span> <span class='ocrx_word' id='word_1_675' title='bbox 982 4370 1056 4427; x_wconf 89' lang='lat' dir='ltr'>mina</span> <span class='ocrx_word' id='word_1_676' title='bbox 1070 4377 1223 4443; x_wconf 86' lang='lat' dir='ltr'>paterarum</span> <span class='ocrx_word' id='word_1_677' title='bbox 1237 4368 1381 4438; x_wconf 81' lang='lat' dir='ltr'>capacitate</span> <span class='ocrx_word' id='word_1_678' title='bbox 1403 4369 1523 4439; x_wconf 86' lang='lat' dir='ltr'>metitur,</span> <span class='ocrx_word' id='word_1_679' title='bbox 1547 4376 1595 4426; x_wconf 88' lang='lat' dir='ltr'>aut</span> <span class='ocrx_word' id='word_1_680' title='bbox 1618 4371 1700 4428; x_wconf 91' lang='lat' dir='ltr'>unias</span> <span class='ocrx_word' id='word_1_681' title='bbox 1717 4373 1783 4429; x_wconf 88' lang='lat' dir='ltr'>alta·</span> 
     </span>
     <span class='ocr_line' id='line_1_61' title="bbox 142 4455 1785 4543; baseline -0.007 -13"><span class='ocrx_word' id='word_1_682' title='bbox 142 4472 236 4532; x_wconf 84' lang='lat' dir='ltr'>diderat</span> <span class='ocrx_word' id='word_1_683' title='bbox 250 4474 346 4540; x_wconf 80' lang='lat' dir='ltr'>illum3</span> <span class='ocrx_word' id='word_1_684' title='bbox 362 4472 541 4543; x_wconf 88' lang='lat' dir='ltr'>pulsataiiaro</span> <span class='ocrx_word' id='word_1_685' title='bbox 555 4468 700 4527; x_wconf 89' lang='lat' dir='ltr'>traditione</span> <span class='ocrx_word' id='word_1_686' title='bbox 719 4465 744 4505; x_wconf 91' lang='grc'>66</span> <span class='ocrx_word' id='word_1_687' title='bbox 762 4465 927 4533; x_wconf 87' lang='lat' dir='ltr'>Scribarum,</span> <span class='ocrx_word' id='word_1_688' title='bbox 983 4459 1022 4518; x_wconf 88' lang='lat' dir='ltr'>iis</span> <span class='ocrx_word' id='word_1_689' title='bbox 1040 4456 1220 4518; x_wconf 86' lang='lat' dir='ltr'>cruentationi</span> <span class='ocrx_word' id='word_1_690' title='bbox 1243 4457 1269 4498; x_wconf 84' lang='grc'>66</span> <span class='ocrx_word' id='word_1_691' title='bbox 1288 4455 1421 4530; x_wconf 79' lang='lat' dir='ltr'>adaquat.</span> <span class='ocrx_word' id='word_1_692' title='bbox 1453 4457 1542 4513; x_wconf 89' lang='lat' dir='ltr'>Nemo</span> <span class='ocrx_word' id='word_1_693' title='bbox 1574 4473 1641 4515; x_wconf 84' lang='lat' dir='ltr'>oves</span> <span class='ocrx_word' id='word_1_694' title='bbox 1667 4461 1785 4533; x_wconf 89' lang='lat' dir='ltr'>appellet</span> 
     </span>
     <span class='ocr_line' id='line_1_62' title="bbox 142 4544 1782 4636; baseline -0.01 -14"><span class='ocrx_word' id='word_1_695' title='bbox 142 4579 190 4636; x_wconf 85' lang='lat' dir='ltr'>qna</span> <span class='ocrx_word' id='word_1_696' title='bbox 202 4581 257 4623; x_wconf 92' lang='lat' dir='ltr'>aon</span> <span class='ocrx_word' id='word_1_697' title='bbox 270 4571 297 4623; x_wconf 88' lang='lat' dir='ltr'>et</span> <span class='ocrx_word' id='word_1_698' title='bbox 315 4565 463 4622; x_wconf 91' lang='lat' dir='ltr'>Dominum</span> <span class='ocrx_word' id='word_1_699' title='bbox 484 4576 545 4618; x_wconf 88' lang='lat' dir='ltr'>euin</span> <span class='ocrx_word' id='word_1_700' title='bbox 562 4568 668 4618; x_wconf 90' lang='lat' dir='ltr'>norant.</span> <span class='ocrx_word' id='word_1_701' title='bbox 692 4555 880 4629; x_wconf 87' lang='lat' dir='ltr'>Quodcunque</span> <span class='ocrx_word' id='word_1_702' title='bbox 894 4554 928 4609; x_wconf 90' lang='lat' dir='ltr'>ad</span> <span class='ocrx_word' id='word_1_703' title='bbox 983 4566 1031 4608; x_wconf 87' lang='lat' dir='ltr'>eos</span> <span class='ocrx_word' id='word_1_704' title='bbox 1045 4549 1091 4623; x_wconf 86' lang='lat' dir='ltr'>qui</span> <span class='ocrx_word' id='word_1_705' title='bbox 1109 4546 1138 4603; x_wconf 91' lang='lat' dir='ltr'>in</span> <span class='ocrx_word' id='word_1_706' title='bbox 1151 4546 1222 4604; x_wconf 90' lang='lat' dir='ltr'>bello</span> <span class='ocrx_word' id='word_1_707' title='bbox 1235 4545 1340 4614; x_wconf 87' lang='lat' dir='ltr'>armati,</span> <span class='ocrx_word' id='word_1_708' title='bbox 1356 4553 1385 4605; x_wconf 91' lang='lat' dir='ltr'>et</span> <span class='ocrx_word' id='word_1_709' title='bbox 1405 4544 1458 4619; x_wconf 91' lang='lat' dir='ltr'>ipsi</span> <span class='ocrx_word' id='word_1_710' title='bbox 1481 4553 1508 4602; x_wconf 90' lang='lat' dir='ltr'>et</span> <span class='ocrx_word' id='word_1_711' title='bbox 1531 4544 1556 4586; x_wconf 81' lang='grc'>66</span> <span class='ocrx_word' id='word_1_712' title='bbox 1576 4544 1670 4604; x_wconf 87' lang='lat' dir='ltr'>eadem</span> <span class='ocrx_word' id='word_1_713' title='bbox 1691 4550 1782 4607; x_wconf 80' lang='lat' dir='ltr'>lenta·</span> 
     </span>
    </p>
   </div>
   <div class='ocr_carea' id='block_1_14' title="bbox 820 4693 1092 4759">
    <p class='ocr_par' dir='ltr' id='par_1_15' title="bbox 820 4693 1092 4759">
     <span class='ocr_line' id='line_1_63' title="bbox 820 4693 1092 4759; baseline -0.015 -1"><span class='ocrx_word' id='word_1_714' title='bbox 820 4693 919 4758; x_wconf 81' lang='lat' dir='ltr'>Varie</span> <span class='ocrx_word' id='word_1_715' title='bbox 936 4696 1092 4759; x_wconf 87' lang='lat' dir='ltr'>lectiones.</span> 
     </span>
    </p>
   </div>
   <div class='ocr_carea' id='block_1_15' title="bbox 138 4793 1782 5029">
    <p class='ocr_par' dir='ltr' id='par_1_16' title="bbox 138 4793 1782 5029">
     <span class='ocr_line' id='line_1_64' title="bbox 170 4793 1780 4874; baseline -0.012 1"><span class='ocrx_word' id='word_1_716' title='bbox 170 4811 192 4856; x_wconf 81' lang='lat'>⁶¹</span> <span class='ocrx_word' id='word_1_717' title='bbox 206 4814 342 4874; x_wconf 89' lang='lat' dir='ltr'>Christum</span> <span class='ocrx_word' id='word_1_718' title='bbox 368 4812 445 4870; x_wconf 85' lang='lat' dir='ltr'>abest</span> <span class='ocrx_word' id='word_1_719' title='bbox 459 4811 525 4867; x_wconf 85' lang='lat' dir='ltr'>Por.</span> <span class='ocrx_word' id='word_1_720' title='bbox 538 4810 625 4865; x_wconf 80' lang='lat' dir='ltr'>Fron.</span> <span class='ocrx_word' id='word_1_721' title='bbox 640 4806 666 4846; x_wconf 83' lang='grc'>66</span> <span class='ocrx_word' id='word_1_722' title='bbox 680 4802 860 4863; x_wconf 87' lang='lat' dir='ltr'>Traduetione</span> <span class='ocrx_word' id='word_1_723' title='bbox 873 4803 913 4859; x_wconf 89' lang='lat' dir='ltr'>ol.</span> <span class='ocrx_word' id='word_1_724' title='bbox 929 4801 955 4841; x_wconf 83' lang='lat'>⁶⁶</span> <span class='ocrx_word' id='word_1_725' title='bbox 966 4797 1066 4857; x_wconf 89' lang='lat' dir='ltr'>Christi</span> <span class='ocrx_word' id='word_1_726' title='bbox 1078 4798 1244 4857; x_wconf 73' lang='lat' dir='ltr'>omittitis.</span> <span class='ocrx_word' id='word_1_727' title='bbox 1259 4796 1284 4838; x_wconf 78' lang='lat'>⁶⁶</span> <span class='ocrx_word' id='word_1_728' title='bbox 1297 4796 1326 4854; x_wconf 89' lang='lat' dir='ltr'>Si</span> <span class='ocrx_word' id='word_1_729' title='bbox 1357 4794 1449 4855; x_wconf 82' lang='lat' dir='ltr'>Vertat.</span> <span class='ocrx_word' id='word_1_730' title='bbox 1470 4793 1495 4837; x_wconf 87' lang='lat'>⁶⁵</span> <span class='ocrx_word' id='word_1_731' title='bbox 1524 4794 1608 4855; x_wconf 90' lang='lat' dir='ltr'>Olim.</span> <span class='ocrx_word' id='word_1_732' title='bbox 1624 4814 1649 4854; x_wconf 90' lang='lat' dir='ltr'>c.</span> <span class='ocrx_word' id='word_1_733' title='bbox 1663 4795 1690 4854; x_wconf 91' lang='lat' dir='ltr'>d.</span> <span class='ocrx_word' id='word_1_734' title='bbox 1707 4812 1735 4856; x_wconf 90' lang='lat' dir='ltr'>a.</span> <span class='ocrx_word' id='word_1_735' title='bbox 1751 4813 1780 4873; x_wconf 87' lang='lat' dir='ltr'>p.</span> 
     </span>
     <span class='ocr_line' id='line_1_65' title="bbox 140 4869 1782 4959; baseline -0.009 -17"><span class='ocrx_word' id='word_1_736' title='bbox 140 4888 163 4942; x_wconf 87' lang='lat' dir='ltr'>ei</span> <span class='ocrx_word' id='word_1_737' title='bbox 172 4887 190 4943; x_wconf 93' lang='lat' dir='ltr'>i.</span> <span class='ocrx_word' id='word_1_738' title='bbox 204 4904 229 4946; x_wconf 90' lang='lat' dir='ltr'>c.</span> <span class='ocrx_word' id='word_1_739' title='bbox 251 4891 342 4945; x_wconf 80' lang='lat' dir='ltr'>inser.</span> <span class='ocrx_word' id='word_1_740' title='bbox 359 4886 505 4959; x_wconf 73' lang='lat' dir='ltr'>liipctot.</span> <span class='ocrx_word' id='word_1_741' title='bbox 519 4884 692 4955; x_wconf 71' lang='lat' dir='ltr'>patheremo</span> <span class='ocrx_word' id='word_1_742' title='bbox 706 4878 767 4936; x_wconf 81' lang='lat' dir='ltr'>cod.</span> <span class='ocrx_word' id='word_1_743' title='bbox 788 4876 891 4958; x_wconf 71' lang='lat' dir='ltr'>Woow.</span> <span class='ocrx_word' id='word_1_744' title='bbox 908 4873 934 4913; x_wconf 89' lang='lat'>⁶⁶</span> <span class='ocrx_word' id='word_1_745' title='bbox 948 4869 1070 4955; x_wconf 79' lang='lat' dir='ltr'>Christus</span> <span class='ocrx_word' id='word_1_746' title='bbox 1085 4876 1113 4926; x_wconf 92' lang='lat' dir='ltr'>et</span> <span class='ocrx_word' id='word_1_747' title='bbox 1136 4872 1232 4928; x_wconf 84' lang='lat' dir='ltr'>omitt.</span> <span class='ocrx_word' id='word_1_748' title='bbox 1251 4869 1359 4952; x_wconf 69' lang='lat' dir='ltr'>(iberti.</span> <span class='ocrx_word' id='word_1_749' title='bbox 1374 4870 1397 4909; x_wconf 90' lang='grc'>66</span> <span class='ocrx_word' id='word_1_750' title='bbox 1412 4869 1539 4926; x_wconf 79' lang='lat' dir='ltr'>Alienum</span> <span class='ocrx_word' id='word_1_751' title='bbox 1558 4871 1650 4953; x_wconf 64' lang='lat' dir='ltr'>Raris.</span> <span class='ocrx_word' id='word_1_752' title='bbox 1665 4871 1691 4909; x_wconf 87' lang='lat'>⁶⁶</span> <span class='ocrx_word' id='word_1_753' title='bbox 1712 4871 1782 4930; x_wconf 88' lang='lat' dir='ltr'>Con·</span> 
     </span>
     <span class='ocr_line' id='line_1_66' title="bbox 138 4941 1782 5029; baseline -0.012 -10"><span class='ocrx_word' id='word_1_754' title='bbox 138 4973 227 5029; x_wconf 62' lang='lat' dir='ltr'>miani</span> <span class='ocrx_word' id='word_1_755' title='bbox 249 4962 343 5020; x_wconf 72' lang='lat' dir='ltr'>terret.</span> <span class='ocrx_word' id='word_1_756' title='bbox 358 4959 384 4998; x_wconf 80' lang='lat'>⁶⁹</span> <span class='ocrx_word' id='word_1_757' title='bbox 398 4956 470 5013; x_wconf 84' lang='lat' dir='ltr'>Dicit</span> <span class='ocrx_word' id='word_1_758' title='bbox 484 4956 523 5013; x_wconf 88' lang='lat' dir='ltr'>iit.</span> <span class='ocrx_word' id='word_1_759' title='bbox 548 4955 574 4993; x_wconf 86' lang='grc'>66</span> <span class='ocrx_word' id='word_1_760' title='bbox 587 4953 653 5009; x_wconf 82' lang='lat' dir='ltr'>Tam</span> <span class='ocrx_word' id='word_1_761' title='bbox 668 4952 735 5010; x_wconf 79' lang='lat' dir='ltr'>iao.</span> <span class='ocrx_word' id='word_1_762' title='bbox 767 4949 852 5019; x_wconf 79' lang='lat' dir='ltr'>Quasi</span> <span class='ocrx_word' id='word_1_763' title='bbox 866 4955 972 5019; x_wconf 86' lang='lat' dir='ltr'>pateres</span> <span class='ocrx_word' id='word_1_764' title='bbox 986 4945 1062 4999; x_wconf 90' lang='lat' dir='ltr'>altari</span> <span class='ocrx_word' id='word_1_765' title='bbox 1076 4945 1160 5004; x_wconf 80' lang='lat' dir='ltr'>Fran.</span> <span class='ocrx_word' id='word_1_766' title='bbox 1176 4942 1201 4982; x_wconf 83' lang='grc'>66</span> <span class='ocrx_word' id='word_1_767' title='bbox 1215 4941 1266 5011; x_wconf 88' lang='lat' dir='ltr'>Qui</span> <span class='ocrx_word' id='word_1_768' title='bbox 1292 4943 1378 5001; x_wconf 85' lang='lat' dir='ltr'>Semi.</span> <span class='ocrx_word' id='word_1_769' title='bbox 1393 4943 1419 4983; x_wconf 86' lang='grc'>66</span> <span class='ocrx_word' id='word_1_770' title='bbox 1438 4944 1631 5002; x_wconf 79' lang='lat' dir='ltr'>cruentatione</span> <span class='ocrx_word' id='word_1_771' title='bbox 1654 4945 1734 5001; x_wconf 85' lang='lat' dir='ltr'>Pom.</span> <span class='ocrx_word' id='word_1_772' title='bbox 1758 4946 1782 4987; x_wconf 85' lang='grc'>66</span> 
     </span>
    </p>
   </div>
   <div class='ocr_carea' id='block_1_16' title="bbox 136 5033 1075 5159">
    <p class='ocr_par' dir='ltr' id='par_1_17' title="bbox 136 5033 1075 5159">
     <span class='ocr_line' id='line_1_67' title="bbox 136 5033 1025 5106; baseline -0.001 -13"><span class='ocrx_word' id='word_1_773' title='bbox 136 5033 241 5098; x_wconf 77' lang='lat' dir='ltr'>Clitio.</span> <span class='ocrx_word' id='word_1_774' title='bbox 1019 5092 1025 5106; x_wconf 75' lang='grc'><em>,</em></span> 
     </span>
     <span class='ocr_line' id='line_1_68' title="bbox 825 5091 1075 5159; baseline -0.016 -2"><span class='ocrx_word' id='word_1_775' title='bbox 825 5091 1075 5159; x_wconf 85' lang='lat' dir='ltr'>Commentarius.</span> 
     </span>
    </p>
   </div>
   <div class='ocr_carea' id='block_1_17' title="bbox 134 5194 1786 5364">
    <p class='ocr_par' dir='ltr' id='par_1_18' title="bbox 134 5194 1786 5364">
     <span class='ocr_line' id='line_1_69' title="bbox 136 5194 1786 5275; baseline -0.013 -2"><span class='ocrx_word' id='word_1_776' title='bbox 136 5226 232 5275; x_wconf 81' lang='lat' dir='ltr'>ramat.</span> <span class='ocrx_word' id='word_1_777' title='bbox 250 5239 262 5270; x_wconf 86' lang='lat' dir='ltr'>i</span> <span class='ocrx_word' id='word_1_778' title='bbox 280 5216 352 5274; x_wconf 80' lang='lat' dir='ltr'>Diali</span> <span class='ocrx_word' id='word_1_779' title='bbox 376 5221 441 5272; x_wconf 90' lang='lat' dir='ltr'>sant</span> <span class='ocrx_word' id='word_1_780' title='bbox 466 5210 608 5269; x_wconf 69' lang='lat' dir='ltr'>Sadducaei</span> <span class='ocrx_word' id='word_1_781' title='bbox 631 5225 647 5266; x_wconf 92' lang='lat' dir='ltr'>a</span> <span class='ocrx_word' id='word_1_782' title='bbox 668 5206 777 5266; x_wconf 88' lang='lat' dir='ltr'>Sadolto</span> <span class='ocrx_word' id='word_1_783' title='bbox 800 5199 928 5275; x_wconf 82' lang='lat' dir='ltr'>Antigoni</span> <span class='ocrx_word' id='word_1_784' title='bbox 983 5214 1059 5265; x_wconf 89' lang='lat' dir='ltr'>uera,</span> <span class='ocrx_word' id='word_1_785' title='bbox 1086 5195 1131 5253; x_wconf 87' lang='lat' dir='ltr'>alii</span> <span class='ocrx_word' id='word_1_786' title='bbox 1146 5194 1381 5273; x_wconf 59' lang='lat' dir='ltr'>eaimspappdrsie</span> <span class='ocrx_word' id='word_1_787' title='bbox 1396 5201 1441 5253; x_wconf 79' lang='lat' dir='ltr'>rob</span> <span class='ocrx_word' id='word_1_788' title='bbox 1455 5199 1531 5272; x_wconf 78' lang='lat' dir='ltr'>iopes</span> <span class='ocrx_word' id='word_1_789' title='bbox 1545 5195 1682 5267; x_wconf 82' lang='lat' dir='ltr'>exstitere,</span> <span class='ocrx_word' id='word_1_790' title='bbox 1699 5208 1726 5255; x_wconf 88' lang='lat' dir='ltr'>et</span> <span class='ocrx_word' id='word_1_791' title='bbox 1739 5195 1786 5254; x_wconf 90' lang='lat' dir='ltr'>alii</span> 
     </span>
     <span class='ocr_line' id='line_1_70' title="bbox 134 5270 1786 5364; baseline -0.012 -20"><span class='ocrx_word' id='word_1_792' title='bbox 134 5288 284 5363; x_wconf 83' lang='lat' dir='ltr'>discipulo;</span> <span class='ocrx_word' id='word_1_793' title='bbox 313 5290 337 5344; x_wconf 91' lang='lat' dir='ltr'>is</span> <span class='ocrx_word' id='word_1_794' title='bbox 364 5296 454 5344; x_wconf 87' lang='lat' dir='ltr'>autem</span> <span class='ocrx_word' id='word_1_795' title='bbox 487 5283 642 5364; x_wconf 76' lang='lat' dir='ltr'>Antigonus</span> <span class='ocrx_word' id='word_1_796' title='bbox 661 5277 813 5352; x_wconf 90' lang='lat' dir='ltr'>discipulus</span> <span class='ocrx_word' id='word_1_797' title='bbox 840 5275 928 5330; x_wconf 92' lang='lat' dir='ltr'>luerat</span> <span class='ocrx_word' id='word_1_798' title='bbox 983 5270 1136 5353; x_wconf 60' lang='grc' dir='ltr'>γραμμᾴτεις</span> <span class='ocrx_word' id='word_1_799' title='bbox 1149 5271 1220 5326; x_wconf 77' lang='grc' dir='ltr'><strong>λαοῦ.</strong></span> <span class='ocrx_word' id='word_1_800' title='bbox 1237 5271 1340 5329; x_wconf 84' lang='lat' dir='ltr'>Scribae</span> <span class='ocrx_word' id='word_1_801' title='bbox 1354 5271 1448 5343; x_wconf 89' lang='lat' dir='ltr'>populi</span> <span class='ocrx_word' id='word_1_802' title='bbox 1467 5270 1579 5327; x_wconf 90' lang='lat' dir='ltr'>actuarii</span> <span class='ocrx_word' id='word_1_803' title='bbox 1589 5270 1647 5328; x_wconf 80' lang='lat' dir='ltr'>sive</span> <span class='ocrx_word' id='word_1_804' title='bbox 1661 5278 1786 5326; x_wconf 81' lang='lat' dir='ltr'>auctores</span> 
     </span>
    </p>
   </div>
   <div class='ocr_carea' id='block_1_18' title="bbox 128 5339 1786 5494">
    <p class='ocr_par' dir='ltr' id='par_1_19' title="bbox 128 5339 1786 5494">
     <span class='ocr_line' id='line_1_71' title="bbox 133 5339 1786 5429; baseline -0.015 -12"><span class='ocrx_word' id='word_1_805' title='bbox 133 5360 261 5421; x_wconf 86' lang='lat' dir='ltr'>Simeonis</span> <span class='ocrx_word' id='word_1_806' title='bbox 273 5361 356 5429; x_wconf 83' lang='lat' dir='ltr'>lusti,</span> <span class='ocrx_word' id='word_1_807' title='bbox 371 5370 403 5419; x_wconf 91' lang='lat' dir='ltr'>ut</span> <span class='ocrx_word' id='word_1_808' title='bbox 424 5356 585 5417; x_wconf 81' lang='lat' dir='ltr'>retentoria</span> <span class='ocrx_word' id='word_1_809' title='bbox 607 5353 685 5408; x_wconf 88' lang='lat' dir='ltr'>Pirle</span> <span class='ocrx_word' id='word_1_810' title='bbox 708 5351 799 5419; x_wconf 84' lang='lat' dir='ltr'>aioth,</span> <span class='ocrx_word' id='word_1_811' title='bbox 822 5363 882 5421; x_wconf 90' lang='lat' dir='ltr'>cap.</span> <span class='ocrx_word' id='word_1_812' title='bbox 901 5349 926 5401; x_wconf 87' lang='lat' dir='ltr'>l.</span> <span class='ocrx_word' id='word_1_813' title='bbox 982 5344 1086 5427; x_wconf 81' lang='lat' dir='ltr'>publici</span> <span class='ocrx_word' id='word_1_814' title='bbox 1100 5339 1220 5425; x_wconf 82' lang='lat' dir='ltr'>luerunt,</span> <span class='ocrx_word' id='word_1_815' title='bbox 1244 5358 1332 5426; x_wconf 80' lang='lat' dir='ltr'>neque</span> <span class='ocrx_word' id='word_1_816' title='bbox 1348 5350 1437 5426; x_wconf 75' lang='lat' dir='ltr'>anien</span> <span class='ocrx_word' id='word_1_817' title='bbox 1452 5342 1588 5425; x_wconf 72' lang='lat' dir='ltr'>haeretiei,</span> <span class='ocrx_word' id='word_1_818' title='bbox 1606 5348 1786 5422; x_wconf 27' lang='lat' dir='ltr'>camncertum</span> 
     </span>
     <span class='ocr_line' id='line_1_72' title="bbox 128 5408 1786 5494; baseline -0.015 -3"><span class='ocrx_word' id='word_1_819' title='bbox 128 5434 165 5491; x_wconf 87' lang='lat' dir='ltr'>La</span> <span class='ocrx_word' id='word_1_820' title='bbox 179 5436 226 5494; x_wconf 83' lang='lat' dir='ltr'>Pii.</span> <span class='ocrx_word' id='word_1_821' title='bbox 983 5423 1018 5475; x_wconf 85' lang='lat' dir='ltr'>sit</span> <span class='ocrx_word' id='word_1_822' title='bbox 1028 5417 1096 5473; x_wconf 90' lang='lat' dir='ltr'>alios</span> <span class='ocrx_word' id='word_1_823' title='bbox 1107 5410 1191 5474; x_wconf 87' lang='lat' dir='ltr'>luisse</span> <span class='ocrx_word' id='word_1_824' title='bbox 1204 5416 1360 5477; x_wconf 78' lang='lat' dir='ltr'>hereticos.</span> <span class='ocrx_word' id='word_1_825' title='bbox 1370 5416 1478 5476; x_wconf 75' lang='lat' dir='ltr'>Videtis</span> <span class='ocrx_word' id='word_1_826' title='bbox 1487 5414 1654 5488; x_wconf 82' lang='lat' dir='ltr'>scaligerum</span> <span class='ocrx_word' id='word_1_827' title='bbox 1665 5427 1692 5468; x_wconf 94' lang='lat' dir='ltr'>in</span> <span class='ocrx_word' id='word_1_828' title='bbox 1706 5408 1786 5467; x_wconf 87' lang='lat' dir='ltr'>Elea·</span> 
     </span>
    </p>
   </div>
   <div class='ocr_carea' id='block_1_19' title="bbox 126 5487 1162 5650">
    <p class='ocr_par' dir='ltr' id='par_1_20' title="bbox 126 5487 1162 5650">
     <span class='ocr_line' id='line_1_73' title="bbox 162 5487 1162 5582; baseline -0.018 -16"><span class='ocrx_word' id='word_1_829' title='bbox 162 5507 219 5582; x_wconf 79' lang='lat'><strong>(59)</strong></span> <span class='ocrx_word' id='word_1_830' title='bbox 230 5508 292 5566; x_wconf 82' lang='lat' dir='ltr'>Nori</span> <span class='ocrx_word' id='word_1_831' title='bbox 301 5496 753 5565; x_wconf 82' lang='lat' dir='ltr'>ltaiii&#39;dcrroremScrihcriiiii.Ne</span> <span class='ocrx_word' id='word_1_832' title='bbox 763 5489 929 5576; x_wconf 75' lang='lat' dir='ltr'>responsuse</span> <span class='ocrx_word' id='word_1_833' title='bbox 982 5489 1044 5550; x_wconf 87' lang='lat' dir='ltr'>clio.</span> <span class='ocrx_word' id='word_1_834' title='bbox 1058 5487 1098 5545; x_wconf 83' lang='lat' dir='ltr'>bs</span> <span class='ocrx_word' id='word_1_835' title='bbox 1113 5488 1162 5548; x_wconf 86' lang='lat' dir='ltr'>Pii.</span> 
     </span>
     <span class='ocr_line' id='line_1_74' title="bbox 126 5568 929 5650; baseline -0.024 -11"><span class='ocrx_word' id='word_1_836' title='bbox 126 5586 282 5650; x_wconf 67' lang='lat' dir='ltr'>sectemur,</span> <span class='ocrx_word' id='word_1_837' title='bbox 296 5581 495 5639; x_wconf 79' lang='lat' dir='ltr'>advertendum</span> <span class='ocrx_word' id='word_1_838' title='bbox 506 5590 548 5637; x_wconf 90' lang='lat' dir='ltr'>est</span> <span class='ocrx_word' id='word_1_839' title='bbox 555 5575 711 5635; x_wconf 83' lang='lat' dir='ltr'>Scribarum</span> <span class='ocrx_word' id='word_1_840' title='bbox 720 5570 776 5627; x_wconf 90' lang='lat' dir='ltr'>duo</span> <span class='ocrx_word' id='word_1_841' title='bbox 786 5568 868 5624; x_wconf 85' lang='lat' dir='ltr'>luisse</span> <span class='ocrx_word' id='word_1_842' title='bbox 882 5578 929 5639; x_wconf 85' lang='lat' dir='ltr'>ge·</span> 
     </span>
    </p>
   </div>
   <div class='ocr_carea' id='block_1_20' title="bbox 0 0 1924 6134">
    <p class='ocr_par' dir='ltr' id='par_1_21' title="bbox 0 0 1924 6134">
     <span class='ocr_line' id='line_1_75' title="bbox 0 0 1924 6134; baseline 0 1"><span class='ocrx_word' id='word_1_843' title='bbox 0 0 1924 6134; x_wconf 95' lang='lat' dir='ltr'> </span> 
     </span>
    </p>
   </div>
  </div>
 </body>
</html>
