3848 6120
134 289 192 353 937
675 287 773 352 truta
791 288 835 349 DE
863 287 1049 353 VIRGINIBUS
1075 289 1247 353 tutatuta.
1724 299 1778 361 938

134 415 186 473 lari
200 421 338 488 oportere,
353 431 386 474 ex
400 431 454 490 quo
477 415 622 473 transitum
646 413 733 471 aetuis
748 412 788 486 (3)
809 429 866 470 snae
892 413 931 470 ic·
945 429 969 508 Α
984 415 1191 490 Adbuc,inquit,
1203 415 1297 475 multe
1307 416 1391 476 babeo
1403 419 1571 492 toquiuobis,
1584 423 1632 481 sed
1648 426 1777 483 nmmum

132 505 303 564 cerintzlioc
325 504 435 578 exigere
458 505 609 571 veritatem,
637 503 681 561 cui
703 517 782 560 nemo
805 502 931 575 praeseri·
984 506 1101 578 potestis
1110 522 1144 562 ea
1153 507 1368 579 baiulorefreum
1377 511 1539 567 uenerrtillc
1547 512 1779 584 Spiritusveritn·

131 596 201 654 bere
215 596 255 669 (l)
277 594 364 652 889
377 604 475 668 potest,
490 611 544 653 non
562 593 677 668 spatium
697 601 861 665 temporum,
876 608 930 651 non
986 594 1207 661 tia,dcducetvos
1217 598 1777 675 inomncmceritatemeteaperventca-

131 685 282 761 patrocinia
297 701 482 757 personarum,
509 700 565 741 non
586 683 757 757 privilegium
776 681 931 755 regionum·
986 684 1028 741 tic
1042 686 1223 744 renuntiabit
1236 686 1310 746 vobis
1326 688 1417 758 (ioan.
1436 704 1491 755 ivi,
1508 689 1564 761 la).
1579 690 1631 747 Sed
1646 699 1674 748 et
1691 691 1779 751 ⁸0⁰

130 790 166 832 ex
191 774 233 830 his
269 774 340 830 enim
372 773 429 830 lere
458 774 625 832 consuetudo
649 771 755 829 initium
782 772 818 827 ab
842 770 931 844 aliqua
985 790 1066 846 snpra
1084 775 1118 831 de
1132 776 1254 845 boecius
1268 791 1352 849 opero
1366 778 1562 849 pronuntiauit.
1578 779 1775 859 Quaeestcrqo

131 861 287 937 ignomntia
323 863 364 920 vel
391 862 561 935 simplicitate
589 862 695 930 sortita,
722 862 749 918 in
776 877 855 918 usum
882 875 932 933 pcr
984 862 1115 920 Paracleti
1142 863 1337 922 administratio
1365 866 1417 924 nisi
1440 868 1516 934 haec,
1539 870 1612 941 quod
1635 869 1779 944 discipline

130 952 548 1026 mcccssionemcorrobcraiur,
563 951 773 1009 etitaadiersus
791 951 931 1008 veritatem
984 949 1115 1024 dirigitur,
1138 954 1212 1025 quod
1235 953 1385 1026 scripturae
1405 955 1575 1026 revelentur,
1599 960 1673 1032 quod
1696 959 1780 1017 intel-

132 1041 294 1100 rindicatur.
326 1041 378 1097 Sed
391 1039 521 1098 Dominus
536 1043 630 1098 noster
651 1039 775 1097 Christus
791 1037 932 1097 renisum
984 1038 1070 1098 lectus
1098 1039 1274 1111 reformetur,
1302 1043 1373 1116 quod
1400 1045 1432 1101 ad
1466 1045 1579 1105 meliora
1605 1047 1778 1121 proficitur?

131 1147 166 1191 ae
184 1132 237 1205 (b),
252 1145 307 1189 non
320 1129 546 1188 consuetudinem
560 1127 769 1206 cognominavit.
783 1127 812 1186 Si
825 1143 932 1200 semper
984 1127 1058 1185 ltintt
1076 1130 1135 1187 sine
1148 1137 1234 1201 etate,
1249 1139 1278 1188 ct
1297 1133 1388 1189 omnia
1401 1140 1508 1207 tempus
1521 1144 1674 1208 expectant.
1688 1136 1780 1211 {Deni-

132 1221 270 1290 christus,
287 1227 315 1277 et
333 1219 409 1294 prior
427 1219 555 1276 omnibus
572 1233 670 1292 :aequc
701 1219 802 1275 ueritas
829 1216 931 1290 sempi·
985 1232 1040 1290 qne
1053 1217 1249 1278 Ecclesiastes:
1270 1222 1397 1296 ternpus,
1417 1221 1514 1297 inquit,
1528 1227 1608 1284 omni
1619 1228 1663 1285 rei
1676 1227 1778 1300 (Fecle.

133 1318 212 1369 terna
224 1311 377 1383 etantiqua
401 1325 453 1367 res.
470 1308 594 1366 Viderint
614 1320 679 1378 crgo
702 1304 801 1382 quibus
829 1319 930 1366 norum
984 1320 1027 1375 in,
1043 1308 1098 1380 lt).
1107 1308 1207 1382 Aspice
1216 1307 1303 1382 ipsam
1316 1318 1466 1368 creaturam
1477 1313 1651 1386 paulatimad
1662 1315 1780 1374 trucium

131 1400 263 1473 estquod
278 1398 328 1457 sibi
351 1407 428 1457 vetus
443 1408 494 1457 est.
520 1395 649 1453 llaeresim
674 1410 728 1455 nou
743 1403 797 1452 tam
824 1393 931 1451 nerins
984 1394 1148 1465 promoveri.
1165 1396 1288 1454 Granum
1305 1405 1347 1455 est
1366 1399 1464 1470 primo,
1479 1407 1508 1458 et
1525 1402 1559 1460 de
1582 1418 1668 1478 grano
1691 1403 1780 1462 imtex

132 1504 216 1562 qnam
241 1487 341 1547 veritas
364 1486 486 1546 revincit.
510 1485 697 1557 Quodcunque
731 1483 862 1543 adversus
883 1497 930 1541 re·
983 1483 1081 1553 oritur,
1107 1491 1136 1540 et
1163 1485 1196 1542 de
1221 1483 1320 1544 frutice
1347 1488 1491 1545 arbuscula
1516 1491 1626 1547 enititur
1650 1512 1657 1551 :
1681 1492 1782 1550 deinde

131 1573 240 1634 rualem
254 1574 335 1646 sepit,
350 1574 404 1631 hoc
417 1575 467 1633 erit
481 1573 601 1642 haeresir,
619 1571 699 1628 ctiam
712 1580 790 1630 relus
816 1586 931 1628 consue-
986 1570 1055 1628 rami
1073 1581 1099 1627 ct
1123 1571 1231 1631 frondes
1250 1574 1429 1647 invalescunt,
1447 1586 1475 1635 et
1494 1585 1581 1635 totum
1603 1581 1709 1639 arboris
1730 1597 1781 1640 no·

133 1664 211 1722 tudo.
225 1663 359 1721 Ceterum
373 1678 423 1721 suo
436 1662 501 1722 vitio
522 1661 585 1736 quis
612 1661 677 1734 qnid
705 1661 822 1736 ignorat.
854 1659 932 1731 Quod
986 1674 1050 1717 men
1059 1660 1234 1732 expanditur,
1255 1661 1317 1719 inde
1337 1665 1468 1738 germinis
1483 1674 1574 1724 tumor
1585 1669 1625 1742 (7)
1639 1679 1666 1728 et
1682 1670 1733 1729 llos
1747 1671 1781 1730 de

134 1762 227 1812 antem
241 1751 391 1828 ignoratur,
407 1751 457 1810 fuit
471 1760 523 1808 tam
548 1751 752 1824 requirendum,
774 1766 854 1823 qnam
887 1765 932 1808 ιι·
949 1714 1109 1821 ssqermlne
1130 1749 1252 1817 solvitur,
1276 1751 1356 1807 etde
1377 1752 1447 1810 llere
1466 1752 1571 1812 lructns
1600 1759 1735 1833 aperitur,
1756 1760 1781 1817 is

135 1842 289 1916 eipiendnni
310 1843 384 1917 quod
408 1840 574 1914 agnoscitur.
604 1840 708 1914 Regula
739 1840 846 1912 quidem
870 1838 934 1897 fldci
987 1853 1095 1912 quoqne
1109 1839 1184 1896 rudis
1199 1838 1358 1912 aliquandiu
1372 1848 1399 1898 et
1413 1840 1546 1912 informis,
1568 1846 1700 1916 paulatim
1718 1854 1781 1905 eta-

133 1946 193 1988 nna
214 1932 322 1989 omnino
344 1938 396 2000 est,
421 1932 479 1988 sole
503 1929 658 2001 immobilis,
674 1936 703 1986 ot
715 1926 934 2006 irreformabilis,
987 1934 1040 1985 teni
1055 1943 1132 1984 suam
1144 1927 1276 2000 dirigens,
1290 1928 1414 1986 eruditur
1427 1929 1455 1986 in
1477 1934 1713 1992 mansuetudinem
1731 1951 1779 1992 sa-

131 2019 261 2079 modendi
272 2020 376 2077 scilicet
402 2021 430 2076 in
458 2018 568 2078 unicum
589 2020 675 2076 Deum
710 2017 933 2093 omnipotentem,
987 2017 1062 2091 poris
1080 2016 1131 2090 (8).
1146 2016 1192 2074 Sic
1214 2025 1242 2074 et
1261 2017 1368 2089 justitia
1388 2020 1458 2090 lnam
1483 2020 1556 2078 idern
1578 2022 1650 2080 Dens
1671 2025 1781 2096 iustitie

131 2109 227 2168 mnndi
240 2109 419 2176 condicum,
434 2116 461 2165 et
479 2107 580 2166 Filium
591 2108 653 2180 ejus
674 2108 765 2164 lesuin
787 2106 933 2175 Christum,
987 2113 1017 2164 et
1028 2109 1168 2179 creature)
1184 2106 1270 2179 primo
1284 2107 1334 2165 luit
1351 2106 1378 2164 in
1394 2110 1564 2181 rudimentis,
1578 2121 1677 2170 nutura
1693 2115 1781 2173 Dauni

131 2206 230 2257 netum
245 2215 279 2257 ex
292 2198 400 2274 virgine
413 2197 510 2266 Made,
524 2198 686 2257 crucifixum
708 2197 760 2255 sub
773 2196 869 2254 Pontio
891 2197 935 2253 Pi·
987 2203 1112 2253 metuens
1127 2212 1135 2251 ι
1150 2195 1250 2254 dehinc
1259 2212 1308 2270 per
1321 2198 1424 2272 Legem
1438 2208 1466 2257 et
1486 2200 1636 2275 Prophetes
1649 2203 1791 2275 promovit

130 2287 199 2361 lato,
215 2289 293 2348 tertia
320 2287 365 2345 dic
392 2288 621 2347 resuscitatuma
648 2286 772 2360 mortuis,
796 2294 935 2358 receptum
986 2282 1015 2340 in
1031 2283 1197 2344 infantiam:
1220 2283 1320 2344 dehinc
1336 2302 1387 2359 per
1410 2287 1585 2362 Evangelium
1605 2290 1735 2349 alierbnit
1754 2292 1784 2350 in

131 2382 162 2440 in
177 2377 420 2450 ooeliscsadentem
443 2395 515 2436 nnnc
528 2378 563 2434 ad
586 2377 727 2435 dexteram
747 2374 845 2445 Patris,
868 2390 935 2434 ren·
986 2375 1181 2447 inventutem:
1206 2389 1280 2433 nnnc
1297 2392 1346 2448 per
1368 2376 1538 2436 Paracletum
1564 2382 1739 2455 componitur
1756 2382 1785 2441 in

132 2475 225 2527 tnriini
250 2468 375 2541 iudicare
388 2469 466 2527 riuos
481 2476 509 2526 et
522 2474 643 2526 mortuos
665 2480 714 2539 per
739 2463 828 2523 carnis
853 2463 935 2521 etiarn
963 2474 969 2487 ·
988 2463 1181 2523 maturitatem.
1202 2463 1253 2522 llic
1275 2464 1327 2522 crit
1348 2465 1455 2524 sclusa
1479 2469 1587 2528 Christo
1606 2471 1737 2545 magister
1758 2479 1786 2531 et

130 2559 370 2619 resurrectionem.
396 2559 451 2616 llac
480 2559 544 2632 lege
571 2555 634 2615 fidei
664 2561 808 2623 manente,
834 2562 935 2614 oaetera
987 2552 1118 2610 dicendus
1142 2561 1171 2610 et
1189 2556 1336 2612 verendus.
1351 2557 1414 2612 Non
1436 2557 1509 2614 enim
1534 2559 1570 2614 ab
1591 2575 1622 2617 se
1640 2561 1786 2634 loquitur²

125 2650 188 2723 jam
202 2649 350 2721 discipline
377 2656 405 2706 et
419 2646 634 2707 conuersationis
648 2645 689 2719 (6)
711 2643 856 2704 admittunt
878 2660 934 2703 no·
988 2644 1034 2702 sed
1049 2659 1111 2716 quae
1124 2643 1285 2702 mandantur
1298 2660 1315 2700 a
1326 2644 1444 2703 Christo.
1459 2648 1510 2706 llic
1529 2648 1604 2706 aolus
1615 2659 1784 2721 antecessor,

131 2738 244 2801 ritatem
263 2737 452 2808 correctionis,
467 2745 600 2810 operante
615 2735 715 2793 icilioet
736 2743 764 2792 ct
779 2734 936 2808 proliciente
987 2731 1053 2805 quie
1081 2732 1158 2790 solus
1185 2738 1247 2804 post
1270 2733 1419 2791 christum.
1442 2734 1521 2793 Hunc
1542 2736 1589 2809 qni
1612 2748 1784 2811 receperunt,

132 2828 268 2903 usquein
287 2827 366 2887 finem
386 2828 473 2902 gratia
493 2825 552 2884 Dei.
571 2825 658 2898 Quale
672 2833 714 2884 est
728 2825 800 2884 enim
819 2832 851 2884 ut
877 2825 936 2882 dia·
988 2821 1130 2880 raritatem
1153 2821 1345 2879 consuetudini
1364 2830 1541 2896 anteponunt.
1562 2825 1640 2883 linnc
1662 2826 1709 2899 qui
1732 2844 1784 2885 au.

130 2917 201 2977 noto
233 2933 342 2992 semper
370 2923 498 2991 operante
531 2923 558 2973 ct
586 2913 730 2986 adjiciente
756 2912 879 2988 qnotidie
901 2915 934 2970 ad
988 2909 1096 2967 dierunt
1109 2925 1285 2982 usqnenunc
1298 2926 1352 2971 nou
1375 2911 1442 2970 olim
1462 2912 1668 2988 prophetantem
1681 2915 1704 2987 ³,
1725 2915 1784 2976 rir-

129 3008 283 3082 inlquitatis
308 3005 426 3082 ingenia,
460 3019 531 3080 opus
554 3006 604 3064 Dei
637 3013 682 3063 ant
711 3003 864 3073 occesserit,
892 2998 1067 3083 antegines
1081 3008 1235 3075 mntequnt.

130 3097 268 3174 proficere
295 3096 447 3157 destiterit?
474 3113 539 3156 cum
559 3100 718 3170 'propterea
761 3094 931 3154 Paracletum
1300 3088 1417 3148 CAPUT
1436 3091 1471 3150 ll.

132 3187 244 3246 miserit
256 3187 397 3259 Dumium,
421 3195 452 3244 nt
473 3191 602 3259 qnoniam
621 3186 739 3244 hnmana
760 3184 933 3243 mediocritas
1020 3181 1073 3239 Sed
1096 3180 1160 3237 nolo
1183 3179 1289 3236 interim
1307 3180 1381 3237 hunc
1408 3194 1510 3238 morem
1538 3183 1643 3242 veritati
1661 3185 1675 3226 ¹
1696 3184 1784 3259 depu-

130 3275 229 3337 omnia
241 3276 437 3349 aenelcapere
459 3290 513 3331 non
535 3283 650 3347 poterat,
680 3273 806 3344 paulatim
828 3271 931 3346 dirige·
985 3277 1052 3329 tare.
1090 3267 1264 3324 cousuetudo
1291 3266 1328 3323 sit
1360 3268 1506 3340 tantisper,
1536 3279 1565 3328 ut
1593 3276 1783 3335 consuetudini

128 3376 218 3433 retur,
240 3372 268 3424 et
290 3365 469 3437 ordinaretur,
489 3364 568 3421 etad
591 3362 743 3436 perfectum
765 3360 931 3432 perducere·
985 3358 1068 3425 etiem
1094 3354 1318 3413 consuetudinem
1338 3370 1485 3429 opponam.
1515 3361 1568 3416 Per
1595 3359 1730 3419 Graeciam
1755 3371 1783 3421 ei

128 3462 177 3515 tnr
190 3453 344 3529 discipline,
360 3455 396 3511 ali
408 3453 454 3512 illo
467 3451 568 3511 ricino
587 3450 697 3510 Domini
710 3450 812 3526 Spiritu
824 3459 930 3508 sancto.
984 3445 1114 3520 quasdam
1129 3443 1267 3502 barbarias
1276 3445 1337 3516 ejus
1350 3445 1401 3518 (p),
1417 3446 1510 3517 plures
1524 3447 1652 3506 Ecclesiae
1665 3450 1785 3527 virginea

794 3576 890 3642 Varini
919 3578 1076 3643 lectiones.

172 3705 292 3765 ¹rcritc
307 3707 399 3765 Paria.
424 3705 437 3747 ²
455 3705 593 3778 Loquetur
606 3703 695 3763 llbeu.
711 3704 797 3763 Semi.
815 3705 896 3776 deep.
912 3702 925 3743 ³
939 3704 983 3761 lte
997 3703 1058 3776 lllq.
1073 3718 1110 3761 ec
1127 3699 1300 3759 oucwmtcte
1318 3698 1378 3759 eod.
1408 3701 1509 3760 ileum.
1534 3707 1564 3762 et
1588 3704 1684 3765 llrslrit
1697 3721 1707 3775 ;
1720 3705 1782 3766 cod.

135 3780 260 3846 macc..
282 3778 370 3836 libra.
388 3780 417 3835 et
432 3778 508 3834 alb:
527 3792 615 3849 usqne
630 3791 684 3832 non
706 3776 781 3834 olim.
797 3776 849 3833 Sed
861 3773 1046 3849 probabiliter
1063 3774 1122 3844 llic.
1138 3771 1213 3830 verb.
1236 3787 1292 3826 non
1304 3771 1371 3828 olim
1398 3775 1611 3849 interpretandi
1628 3792 1713 3837 caueri
1727 3794 1785 3838 esre

136 3848 296 3923 ιάισνιρια,
311 3855 343 3908 ut
358 3850 419 3908 solo
429 3848 504 3908 verb.
518 3863 605 3921 usquc
619 3862 692 3904 nunc
709 3849 770 3905 sirit
784 3847 945 3916 retinendo,
962 3845 1095 3918 mnjectt.
1109 3844 1122 3883 ⁴
1135 3843 1265 3902 Veritatis
1278 3842 1363 3901 Semi.

826 3970 1076 4037 Commentarius.

167 4108 209 4181 (³)
227 4107 389 4168 mantum
400 4108 591 4167 atunellum
604 4106 710 4165 scilicet
723 4122 810 4165 annos
821 4105 936 4178 pueriles
1025 4102 1066 4175 (6)
1080 4105 1242 4178 Disciplina
1260 4108 1291 4162 et
1311 4110 1543 4166 conversationis.
1559 4109 1657 4167 Serere
1677 4125 1784 4183 semper

128 4178 395 4264 “dammone
417 4182 453 4237 de
472 4196 502 4237 re
520 4178 587 4236 illud
616 4177 723 4254 Virgilii
746 4178 838 4252 Seloq.
869 4175 935 4245 b,in
988 4174 1130 4245 disciplina
1151 4176 1364 4259 conversationis
1385 4177 1495 4233 nomine
1520 4179 1689 4252 intelligitur.
1703 4183 1783 4251 Apud

136 4250 250 4333 ludere
262 4251 400 4333 Pollionis.
748 4319 753 4330 Ι
988 4244 1187 4302 theodoretum
1201 4245 1300 4308 ἄσκησις
1312 4247 1418 4313 dicitur,
1435 4248 1465 4305 S.
1485 4249 1674 4322 Hieronymus,
1690 4250 1736 4309 lib.
1752 4267 1782 4320 l,

220 4320 284 4398 ilinc
297 4321 414 4397 chajani·
424 4321 527 4374 firmate
545 4321 629 4398 virum
643 4328 667 4373 te
682 4319 767 4394 tacent
781 4325 852 4368 etas.
952 4317 1121 4419 ncdomsua
1140 4317 1339 4398 louiaicnum:
1356 4318 1509 4377 Aruicmur
1527 4322 1623 4380 ecdem
1637 4335 1784 4382 conuersa·

133 4384 203 4445 ὓιιιι
228 4387 330 4510 mulget
344 4401 372 4442 in
390 4401 478 4444 inum
499 4400 627 4469 eraseris,
642 4379 783 4509 eteriang
800 4378 937 4456 &ebibit
994 4388 1288 4469 tioncquaclmstus,
1313 4387 1352 4444 Ln
1367 4387 1415 4443 Pa.

138 4454 765 4603 ‘ltttult‘zuttlitttttr
778 4454 895 4607 ite..
909 4528 939 4578 ..
992 4458 1301 4603 ..titulentur
1314 4460 1785 4603 enutriuntur

133 4599 287 4683 aspiceret
307 4600 422 4658 rerbmn
436 4598 627 4681 prescribere,
642 4605 769 4670 tanquam
783 4592 939 4679 significans
993 4619 1069 4662 casu.
1083 4603 1124 4658 Le
1138 4600 1188 4657 Pr.

133 4685 343 4803 eamme?
360 4671 716 4800 ifssoeffignssrffduoew
734 4682 767 4724 ex
790 4680 937 4737 uanuns·
1028 4672 1785 4747 (aldrudituririmciisuetudincmceperinilstenim

134 4827 203 4873 esse
216 4829 299 4886 quain
311 4813 377 4869 nihil
392 4814 427 4870 de
440 4813 553 4871 veritato
564 4812 666 4869 detrahi
676 4825 757 4884 posse
770 4823 937 4884 quacumque
994 4817 1083 4874 adhuc
1103 4814 1165 4872 rudi
1178 4821 1206 4870 et
1228 4814 1372 4871 inmaturo
1388 4833 1395 4871 :
1411 4832 1457 4873 acc
1470 4816 1592 4872 cruditur
1613 4817 1640 4871 in
1659 4833 1786 4877 mansne-

130 4885 250 4971 Νῑξθῦθ,
265 4884 331 4941 nihil
346 4884 419 4941 illius
442 4883 616 4958 splendorem
639 4885 769 4956 tbtottre
791 4896 872 4955 ροισι
891 4887 937 4937 ¹¹¹¹
992 4889 1129 4957 tudinem,
1158 4900 1221 4942 cnm
1247 4885 1378 4959 paulatim
1401 4886 1525 4961 coquitur
1549 4887 1579 4943 iii
1595 4887 1785 4948 maturitmem.

181 4958 522 5112 &miscebunt-em
531 5041 571 5085 ae.
582 5023 865 5111 dbdstumreritatem
875 5038 937 5080 esse
988 4960 1066 5115 Βιῗᾷ)
1080 5033 1134 5087 Per
1150 5029 1288 5112 Greciqm
1302 5033 1329 5086 et
1342 5028 1637 5113 qunadcmubcrbari'ns
1651 5033 1788 5108 ejunltar·

134 5098 196 5172 ipse
209 5106 325 5183 testatus
339 5109 382 5155 est
410 5098 523 5182 infinitis
549 5099 625 5167 lotis,
670 5111 711 5152 ιιι)
729 5103 836 5178 οιιιιῑῑῼ»
859 5093 938 5151 Unde
990 5104 1083 5160 barras
1096 5102 1218 5169 Graeciae,
1230 5103 1299 5185 dicit
1314 5108 1391 5184 extra
1402 5102 1538 5158 Graeciam
1553 5104 1679 5177 regiones
1720 5123 1786 5163 uas-

134 5184 211 5245 ⁸21¹0
224 5178 338 5228 mmm
355 5187 416 5229 *⁰¹¹¹
437 5170 647 5252 ¹¹0¹¹¹¹¹¹¹⁸¹¹⁰¹¹¹¹
686 5181 718 5224 ⁰⁸
738 5167 937 5249 Ph¹¹¹¹oe⁰¹¹¹¹1¹
990 5175 1063 5241 dam,
1080 5175 1126 5254 scd
1141 5179 1280 5254 appositas
1302 5170 1428 5243 Graeciae,
1443 5174 1602 5244 quibuscum
1618 5175 1694 5236 luere
1733 5196 1786 5237 ιιι-

139 5241 237 5326 ¹¹⁸¹¹¹¹¹¹
252 5258 311 5313 ¹¹¹⁸)
324 5258 355 5299 ⁸0
373 5242 501 5311 Ῑθῐθΰῑθθ,
516 5256 550 5298 0⁰
564 5257 611 5323 ,¹¹¹¹
633 5239 719 5322 ¹0¹¹¹¹⁸
738 5238 886 5303 dmm,
907 5243 938 5319 ¹3¹
991 5261 1085 5304 corum
1105 5250 1212 5324 negotia
1225 5259 1275 5299 sen
1288 5242 1368 5299 belle.
1383 5244 1477 5302 Horat.
1495 5262 1502 5303 ε

142 5322 289 5372 mentitum
303 5321 349 5396 aut
363 5314 458 5371 saltem
480 5312 608 5385 amphibo
619 5326 696 5386 ogiae
717 5311 836 5393 loentum
857 5308 937 5389 Chri·
1116 5315 1211 5390 Graecia
1228 5313 1351 5364 barbariae
1366 5313 1434 5365 lento
1448 5315 1537 5367 collisa
1552 5315 1647 5370 duello.

140 5392 217 5442 atum
231 5384 351 5443 dixerint
364 5386 460 5455 octies,
477 5399 503 5441 c.
518 5398 569 5467 urii
594 5381 734 5465 Evangelii
749 5382 780 5437 B.
813 5381 936 5463 loannis.
990 5382 1087 5437 -Pcr
1098 5380 1237 5437 Graeciam
1250 5381 1278 5435 et
1287 5378 1425 5461 quasdam
1438 5378 1663 5461 barbariciejica.
1674 5380 1788 5441 Graeciae

136 5455 195 5515 sed
209 5466 431 5514 eammonimet
458 5456 609 5527 discipline
634 5453 792 5511 Christianae
818 5463 938 5511 werno·
990 5452 1072 5509 nrbes
1086 5450 1218 5523 quasdam
1235 5459 1281 5506 aut
1302 5464 1427 5522 regiones
1450 5448 1566 5521 intelligi
1589 5459 1676 5522 puto,
1696 5470 1789 5526 quam·

136 5542 203 5587 neni
216 5526 326 5598 dedam,
340 5543 398 5586 non
411 5526 548 5600 echnis
570 5524 623 5585 loci
649 5539 737 5598 neque
762 5523 845 5581 etiarn
871 5531 939 5580 tene
991 5539 1072 5597 qnam
1095 5522 1142 5578 alii
1155 5521 1259 5578 vicinas
1276 5519 1391 5577 Graeciae
1406 5520 1499 5591 nrbca,
1514 5519 1787 5594 dudmasquenatio·

136 5597 346 5674 parielel’n
991 5592 1435 5652 reconderintniantdmt’i.

285 5706 408 5768 timon.
432 5706 466 5766 ll.
1648 5701 1684 5760 tu

623 4741 738 4814 palatim
769 4738 834 4795 nihi!
864 4736 937 4793 ¹¹¹¹¹d
993 4747 1068 4805 velut
1095 4743 1235 4818 sylvestris
1258 4742 1351 4800 teritus
1374 4743 1447 4800 succi
1471 4750 1499 4799 it
1520 4745 1626 4817 saporis
1648 4745 1675 4801 in
1699 4746 1786 4806 lructn
