3840 6134
128 333 199 396 1069
776 331 874 394 ubba
888 331 930 393 hh
953 331 1128 395 tumulata.
1367 390 1368 393 ,
1711 339 1779 400 toto

126 459 927 533 &ceditedemedioeorum,etseparemini,etimmun·
941 471 965 553 Α
981 458 1082 530 probro
1111 457 1238 528 vilitatis,
1265 469 1294 517 ut
1322 461 1478 517 emundata.
1507 461 1578 532 Quid
1605 464 1632 502 88
1649 464 1673 520 si
1692 474 1719 523 et
1737 466 1781 523 hic

125 551 195 609 dum
219 567 257 608 nc
280 552 432 623 tetiperitis
454 552 494 623 (ΙΙ
516 548 812 621 convaliturum
836 547 926 604 statim
981 546 1146 619 respondere
1167 548 1306 619 concipias
1331 549 1414 604 adimi
1441 549 1554 620 quidem
1581 553 1778 621 metatoribus,

126 641 154 696 iu
170 638 284 695 Psalmis
302 640 416 697 beatum
430 642 526 697 virum
545 641 593 712 qui
612 655 669 696 non
692 637 795 696 abierit
809 638 841 693 in
856 652 927 695 con·
981 637 1024 694 ael
1047 636 1166 692 maxime
1182 651 1264 693 carne
1287 638 1412 708 pollutis,
1427 640 1716 709 communicationem,
1732 643 1781 699 sed

126 729 194 786 cilio
207 728 412 801 impiorum,et
426 729 457 783 in
472 729 716 800 clapeccatarum
729 742 788 784 non
803 727 926 793 steterit,
982 724 1015 780 ad
1041 739 1161 796 praeseus
1187 723 1403 794 restituendam,
1424 726 1525 783 seilicet
1552 743 1586 783 ex
1615 729 1781 800 peonitentia

126 820 157 876 et
171 818 203 873 in
217 815 354 873 cathedra
367 817 543 890 pestilentia
556 833 616 874 non
630 816 734 874 sederit
749 815 837 887 (Pscl.
854 830 874 885 ι,
889 814 927 885 t).
982 813 1096 881 ambitu,
1113 814 1263 870 secuudum
1286 814 1360 869 illam
1383 814 1556 872 clementiam
1572 817 1621 872 Dei
1643 834 1696 888 qua
1720 836 1781 875 ma-

127 904 214 976 Cujus
226 913 254 961 et
268 913 362 976 postea
377 920 429 964 nox
444 923 451 963 :
468 906 528 963 Non
541 906 602 962 sedi
615 921 683 962 carn
697 920 829 962 consessu
843 903 928 963 cani·
983 900 1041 959 rult
1055 900 1201 971 peccatoris
1224 901 1410 972 poenitentiam
1433 919 1515 976 quam
1537 915 1652 963 mortem
1666 907 1779 978 (Erech.

128 995 211 1059 tatis,
222 999 250 1049 et
265 1009 332 1050 carn
344 995 442 1065 inique
456 994 674 1064 apsntibasnon
688 991 881 1064 introibelhoc
894 993 930 1048 de
983 1006 1085 1062 xxxttt,
1103 992 1171 1064 lt)t
1184 992 1237 1047 hoc
1257 991 1331 1048 anim
1349 991 1557 1051 tundamentum
1575 996 1713 1068 opinionis
1731 1014 1781 1058 ve-

127 1083 243 1139 ecclcsia
269 1083 339 1137 mala
367 1082 503 1154 agentium
526 1082 595 1154 (95)]
613 1085 642 1138 et
668 1098 734 1139 cam
761 1081 858 1154 imptis
873 1098 930 1140 aen
984 1088 1048 1136 strae
1069 1096 1262 1152 usquequaque
1284 1079 1445 1152 pulsandum
1469 1093 1520 1140 est.
1536 1085 1659 1142 Dicimus
1680 1087 1780 1160 itaque,

128 1170 240 1238 ndetm
249 1177 296 1226 et:
310 1170 417 1227 bacam
431 1186 499 1226 cum
512 1169 712 1228 innocentibus
727 1185 829 1227 manus
840 1185 929 1236 meos,
985 1168 1136 1226 clementiae
1151 1167 1249 1225 diuinae
1263 1168 1287 1225 si
1301 1168 1338 1226 ita
1356 1185 1416 1226 esse
1431 1172 1607 1243 competisset
1620 1173 1643 1213 ⁸¹
1664 1175 1781 1231 demon-

129 1260 261 1319 etaltera
272 1258 929 1330 taumcircumdubc‚Dominetl‘sal.xxx,hb),
984 1259 1143 1315 strationem
1156 1257 1289 1314 suietiam
1298 1268 1361 1330 post
1375 1257 1457 1316 iidem
1471 1262 1566 1334 lapsis,
1580 1267 1614 1320 ita
1624 1264 1649 1302 88
1664 1265 1782 1334 aposto-

130 1356 163 1406 ut
175 1349 251 1405 solus
261 1350 351 1420 plures
366 1345 391 1384 ⁷⁰
405 1347 472 1418 (96),
485 1347 614 1418 quoniam
627 1346 748 1419 quidem,
757 1363 822 1403 cum
833 1350 931 1402 sancto
983 1346 1583 1421 lusdiceret:Nolitecommunicarcoperihus
1590 1352 1781 1418 tenebrarum,

129 1439 363 1504 cunctanctium
377 1452 444 1493 cam
457 1439 545 1496 electe
559 1436 662 1494 electus
676 1439 742 1505 eris,
754 1441 780 1491 et
792 1451 857 1491 cum
869 1451 932 1508 per·
984 1434 1036 1491 uisi
1051 1435 1237 1504 poeniteutiam
1251 1435 1370 1507 egerium
1382 1446 1408 1492 et
1421 1454 1428 1493 ε
1441 1439 1511 1495 Cum
1527 1439 1677 1496 talibusne
1689 1440 1784 1497 cibum

128 1544 209 1587 uerso
220 1542 369 1600 perversus
383 1528 439 1585 eris
455 1528 542 1597 (Psal.
558 1540 629 1592 xvu,
644 1525 701 1598 96).
716 1524 750 1580 Et
763 1523 829 1579 alibi
846 1540 853 1582 :
869 1525 932 1582 Pec
984 1524 1097 1598 quidem
1119 1539 1240 1591 sumere,
1265 1524 1317 1579 nisi
1341 1533 1517 1597 posteaquam
1541 1527 1644 1600 caligas
1669 1526 1783 1585 lratmm

129 1617 224 1674 catari
237 1620 335 1673 autem
354 1616 424 1672 dicit
443 1616 578 1673 Dominus
593 1634 602 1670 .·
620 1616 654 1674 tlt
677 1613 744 1686 oum
758 1615 790 1670 tu
812 1612 931 1685 exponis
985 1611 1131 1670 volutando
1145 1612 1319 1681 deterserint;
1337 1624 1364 1669 et
1385 1632 1392 1668 :
1410 1615 1464 1683 Qui
1483 1618 1620 1687 templum
1634 1618 1684 1675 liei
1697 1618 1784 1675 eiha-

124 1704 349 1777 justificationes
357 1719 444 1769 meus,
453 1704 826 1761 ctassumistestcmentnm
835 1716 934 1765 mutas
985 1703 1068 1771 uerit,
1083 1701 1196 1758 vitiabit
1210 1701 1296 1757 illum
1309 1701 1395 1768 Deus,
1411 1702 1463 1757 nisi
1477 1702 1599 1758 omnium
1614 1703 1736 1761 iocorum
1750 1706 1785 1762 ci·

127 1810 183 1865 per
197 1808 225 1849 os
241 1796 325 1848 taum
337 1795 348 1846 t
362 1792 392 1849 st
412 1790 523 1848 nanas
537 1792 642 1862 turem,
658 1788 789 1848 currebas
809 1805 874 1846 cnm
887 1753 972 1858 aa}⁸
986 1805 1066 1847 nores
1081 1789 1108 1845 in
1122 1788 1242 1846 Ecclesia
1260 1790 1295 1845 de
1312 1788 1401 1862 capite
1416 1804 1467 1845 suo
1486 1790 1636 1847 excusserit
1654 1808 1660 1848 :
1675 1792 1783 1850 dehue-

129 1884 161 1935 et
176 1894 242 1936 eum
265 1878 404 1935 adulteris
426 1880 586 1951 portionem
606 1882 686 1936 tunm
703 1876 825 1951 ponebas
841 1877 929 1947 (Psoi.
984 1886 1027 1935 rat
1049 1878 1120 1934 enim
1146 1893 1207 1948 quae
1234 1877 1408 1936 damnauerat
1436 1878 1550 1950 proinde
1576 1879 1783 1949 determinasse,

130 1981 212 2035 xuta,
229 1969 262 2021 lb
278 1967 360 2037 seq.).
375 1966 444 2023 llino
458 1966 541 2038 igitur
555 1966 719 2024 informatus
732 1974 760 2023 et
772 1965 932 2037 Apostolus,
986 1967 1114 2042 quoniam
1127 1966 1153 2006 88
1167 1982 1252 2040 usqne
1271 1968 1296 2007 88
1310 1976 1337 2025 et
1359 1969 1410 2024 suh
1434 1968 1591 2025 conditione
1615 1969 1784 2037 damnasset,

134 2056 252 2128 Scripsi,
269 2053 455 2126 insultantis
478 2057 511 2112 in
525 2058 661 2129 Epistola,
678 2072 736 2114 non
760 2055 934 2114 commisceri
986 2056 1010 2113 ai
1033 2055 1176 2129 temporali
1189 2064 1217 2113 et
1239 2056 1424 2125 conditionali,
1439 2067 1467 2115 et
1484 2072 1537 2114 non
1553 2066 1687 2129 perpetua
1701 2074 1785 2116 seve·

131 2142 369 2216 tornicatoribus,
391 2160 451 2203 non
478 2147 581 2217 utique
604 2143 825 2216 tornicatoribus
848 2145 934 2216 huius
987 2146 1066 2203 ritate
1088 2145 1250 2203 damnasset.
1272 2146 1366 2213 Porro,
1381 2161 1443 2202 cum
1463 2145 1492 2202 in
1515 2144 1641 2204 omnibus
1659 2146 1787 2219 Epistolis

132 2232 245 2301 mund,
255 2230 412 2304 etreliqua:
432 2233 583 2302 Ceterum,
594 2235 739 2306 oportebat
750 2249 797 2290 uos
810 2232 890 2288 caira
900 2232 934 2290 de
987 2239 1094 2303 etpost
1115 2230 1197 2290 fidem
1219 2233 1300 2289 talem
1323 2234 1464 2305 prohibeat
1488 2232 1601 2291 1011
1628 2235 1744 2307 admitti,
1759 2244 1787 2294 et

129 2319 934 2395 mundosnuncautemrcribosobmsipuitroterneminc·
985 2319 1135 2377 admissum
1150 2337 1166 2376 a
1179 2322 1421 2380 communicatione
1435 2323 1569 2392 detrudat,
1586 2324 1709 2398 siue-spe
1723 2341 1789 2383 con·

134 2410 309 2470 insinuabis
324 2410 489 2481 fornicator,
500 2409 711 2468 outidclolatra
727 2406 841 2466 1016
855 2406 934 2480 (quid
986 2406 1098 2466 ditionis
1111 2408 1193 2466 ullius
1207 2416 1253 2467 aut
1263 2413 1406 2483 temporis,
1422 2419 1521 2469 nostrae
1543 2414 1631 2485 magia
1644 2415 1788 2472 mutanda

132 2499 207 2558 onim
222 2507 276 2555 tam
289 2496 515 2568 conjunctum‘l),
530 2502 582 2555 aut
600 2499 753 2569 fraudator
767 2497 843 2573 (quid
859 2497 932 2555 enim
985 2496 1086 2556 assistit
1100 2498 1357 2573 eampoeuitentiam
1371 2502 1518 2558 ostendens
1533 2502 1680 2561 Dominum
1695 2505 1787 2573 malle,

134 2597 190 2647 mm
205 2586 386 2661 propinquum
395 2587 432 2657 l),
444 2596 471 2644 et
478 2595 585 2653 catara,
596 2602 662 2644 cum
678 2587 783 2645 talibus
793 2602 829 2644 ne
839 2587 934 2645 cibum
986 2601 1047 2658 quae
1065 2595 1127 2644 aute
1140 2586 1234 2656 fidem,
1249 2605 1310 2661 quoe
1329 2597 1388 2644 ante
1402 2589 1540 2660 baptisma
1555 2597 1641 2647 morte
1654 2602 1787 2663 peccato-

133 2676 248 2751 madan
265 2691 388 2749 sumere,
404 2676 504 2732 nedum
526 2675 738 2733 Eucharistiam.
756 2675 894 2734 hlodicum
908 2677 933 2716 88
987 2674 1025 2730 ris
1038 2675 1127 2745 potior
1143 2676 1285 2747 habeatur,
1300 2677 1384 2732 semel
1403 2676 1525 2733 diluendi
1540 2693 1588 2748 per
1607 2678 1706 2735 Christi
1721 2697 1787 2752 gra·

134 2765 244 2829 seilicet
268 2766 443 2836 termentum
466 2766 556 2826 totam
579 2763 682 2836 desipit
706 2765 934 2835 conspersionem
988 2763 1063 2834 tiam,
1073 2764 1157 2821 semel
1173 2779 1220 2836 pro
1237 2765 1353 2837 peccans
1376 2767 1479 2823 nostris
1493 2775 1582 2823 morte
1605 2765 1701 2824 iuncti.
1715 2770 1786 2826 Nam

136 2852 166 2926 (l
187 2854 248 2914 Ger.
268 2871 295 2923 r,
315 2858 332 2910 9
350 2854 432 2925 seq.).
451 2852 520 2908 ltern
542 2852 575 2907 ad
599 2853 774 2910 Timotheum
798 2871 805 2910 :
830 2851 936 2912 Manus
986 2853 1135 2911 becedam
1157 2854 1185 2910 in
1204 2870 1253 2911 sua
1273 2870 1390 2927 persona
1412 2855 1562 2926 Apostolus
1585 2857 1688 2917 statuit.
1704 2857 1789 2915 didr-

134 2944 249 3002 nentri
267 2944 323 3003 cito
344 2944 592 3017 impensamque
610 2943 801 3002 communices
823 2941 936 3000 delictis
988 2942 1153 2999 mauseuim
1171 2942 1310 3000 Christum
1323 2944 1358 2999 ad
1371 2944 1423 3001 hoc
1442 2944 1560 3010 vennae,
1576 2948 1610 3002 ut
1627 2951 1786 3018 peccatores

134 3033 243 3091 alicnis
266 3033 293 3103 (l
317 3035 384 3091 liae.
401 3050 428 3099 u,
445 3032 501 3103 22).
523 3032 591 3088 ltem
611 3033 645 3088 ad
668 3031 824 3103 Ephesios:
845 3031 937 3090 Nolite
953 3040 975 3120 c
990 3031 1080 3090 saluos
1091 3034 1211 3104 faceret,
1223 3048 1347 3104 quarum
1353 3033 1467 3105 primus
1477 3035 1536 3106 ipse
1549 3035 1660 3105 suisset,
1670 3035 1735 3108 quid
1742 3037 1787 3092 ad-

134 3135 202 3194 erpo
212 3122 368 3195 participes
380 3135 439 3178 esse
452 3137 566 3190 eorum,·
581 3122 679 3193 fuistis
690 3123 766 3178 enim
780 3119 936 3193 aliquando
989 3119 1069 3191 jtcnt
1084 3123 1119 3177 Et
1134 3121 1360 3179 misericordium
1379 3137 1441 3179 sum
1460 3125 1637 3191 consecutus,
1653 3127 1788 3199 pannium

136 3209 424 3282 ammanitarum,
440 3209 519 3280 ’1,8).
534 3208 568 3264 Et
582 3209 672 3267 adhuc
686 3207 806 3280 pressius
821 3229 828 3270 :
845 3210 938 3268 llolite
989 3208 1125 3282 morans
1138 3208 1195 3280 feci
1212 3209 1416 3269 incredulitate
1429 3209 1458 3282 (l
1479 3212 1547 3268 Tim.
1563 3227 1583 3281 t,
1600 3215 1657 3284 ta).
1672 3214 1712 3269 lta
1728 3214 1789 3271 cle·

135 3297 938 3372 communicarcoperibusinfructuosistenebraram,imo
990 3297 1090 3354 mentia
1116 3297 1164 3355 illa
1185 3297 1256 3366 Ilei,
1272 3297 1398 3356 malentis
1420 3298 1609 3370 paenitentiam
1641 3302 1791 3373 peccatoris

135 3392 167 3449 st
180 3388 319 3448 remacite
331 3402 365 3445 aa
378 3408 388 3444 .·
403 3405 466 3462 qnoe
478 3388 556 3445 enim
568 3389 601 3445 in
616 3388 728 3446 occulta
742 3388 777 3445 ab
794 3389 835 3447 eis
848 3390 936 3462 fiunt,
991 3401 1073 3459 quam
1084 3397 1208 3454 mortem,
1224 3387 1259 3443 ad
1271 3387 1431 3459 ignorantes
1445 3388 1533 3444 adhuc
1546 3396 1572 3445 ct
1594 3389 1683 3445 adhuc
1698 3390 1790 3447 iucre-

136 3481 224 3550 tarpe
246 3478 289 3534 est
307 3476 413 3535 edicere
435 3475 516 3548 (thid.
539 3475 595 3547 tt).
621 3473 691 3544 Quid
720 3473 827 3548 turpius
848 3474 938 3547 impu·
991 3476 1071 3534 dulos
1092 3483 1215 3548 spectat,
1234 3490 1350 3548 quorum
1373 3492 1453 3534 causa
1479 3475 1681 3535 liberandorum
1705 3494 1792 3536 uene·

135 3563 262 3623 diutini
275 3565 304 3622 Si
328 3575 419 3622 autem
433 3573 460 3622 et
477 3564 613 3622 abotiose
636 3564 776 3621 incedente
790 3563 873 3621 tratre
887 3563 938 3621 de·
992 3564 1028 3622 rit
1043 3564 1178 3631 Christus,
1201 3580 1255 3622 non
1278 3566 1324 3638 qui
1346 3567 1400 3637 jam
1424 3567 1511 3623 heum
1535 3566 1635 3634 norint,
1650 3575 1679 3624 et
1701 3582 1791 3624 sacra·

137 3654 245 3712 nuntiat
259 3653 371 3712 subduci
381 3651 667 3711 Thessalonicensibus
681 3653 723 3723 (Il
739 3651 829 3709 Thess.
845 3667 887 3719 ur,
896 3652 937 3724 6),
992 3663 1111 3710 mentum
1124 3653 1270 3710 didicerint
1283 3654 1357 3711 fidei.
1369 3654 1450 3724 Quod
1464 3655 1488 3711 si
1501 3653 1645 3714 dementia
1658 3657 1707 3714 Dei
1718 3658 1794 3731 iguo-

138 3749 244 3815 quanto
261 3742 350 3816 magis
365 3750 392 3799 et
415 3740 639 3799 alornicatorel
653 3743 718 3799 llaec
736 3740 808 3799 euim
830 3741 939 3799 consul·
992 3741 1113 3800 rantibus
1138 3741 1225 3799 adhuc
1252 3749 1279 3798 et
1306 3741 1461 3800 infidelibus
1483 3746 1631 3818 competit,
1655 3744 1749 3818 utique
1765 3752 1793 3802 et

139 3839 198 3889 tata
224 3831 249 3872 88
275 3839 340 3889 sunt
365 3830 465 3886 Christi
492 3831 640 3889 Ecclesiam
666 3830 816 3904 diligentis,
837 3830 884 3902 qui
911 3847 939 3889 se
992 3833 1151 3903 poenitentia
1165 3833 1199 3889 ad
1218 3833 1431 3892 acclamantium
1450 3834 1560 3903 inritat,
1577 3836 1651 3894 salva
1670 3835 1715 3893 illa
1732 3850 1794 3908 poe-

134 3919 819 3997 prcsatradlditutieamsanctlficct,emandans
827 3919 939 3979 lacocro
992 3918 1112 3977 nitentia
1126 3921 1215 3993 specie
1231 3930 1292 3994 post
1313 3921 1403 3991 fidem,
1419 3939 1481 3994 quae
1504 3929 1553 3982 aut
1575 3923 1723 3982 levioribus
1742 3923 1794 3984 ds·

137 4012 267 4086 munus
280 4010 371 4077 uerbo,
386 4013 517 4069 utristct
532 4011 586 4070 sibi
608 4009 762 4070 Ecclesiam
776 4010 938 4080 cleriorum,
993 4006 1062 4063 lictis
1075 4009 1181 4066 ueniam
1194 4011 1229 4065 ab
1243 4011 1373 4083 episcopo
1394 4012 1524 4084 consequi
1543 4014 1651 4084 poterit,
1666 4021 1713 4072 aut
1729 4028 1792 4071 ma-

140 4117 202 4162 naa
216 4099 363 4160 tuomum
377 4101 522 4158 maculam
535 4103 587 4160 aut
601 4115 712 4172 rapam
722 4096 815 4170 utique
829 4105 891 4170 post
904 4097 941 4154 la·
992 4095 1099 4166 loribus
1114 4103 1140 4152 et
1154 4096 1386 4154 irremissibilibus
1400 4116 1416 4155 a
1429 4100 1488 4157 Deo
1502 4100 1570 4158 solo.

139 4191 329 4258 sacrament
353 4192 392 4250 sit
409 4193 509 4248 sancta
531 4195 560 4249 et
575 4190 639 4249 stne
663 4186 806 4261 opprobrie
829 4185 939 4259 (Ephes.
1293 4186 1405 4243 cuent
1419 4189 1497 4248 XIX.

140 4298 170 4353 a,
186 4279 292 4353 ab-t't),
303 4280 401 4338 exinde
414 4278 516 4337 scilicet
529 4279 586 4335 siue
600 4293 671 4354 ruga
679 4274 818 4335 uetustatis
832 4274 857 4316 ⁷⁹
870 4276 939 4347 (97),
1029 4273 1085 4330 Sed
1112 4288 1228 4347 quonam
1260 4289 1347 4345 usque
1374 4274 1410 4330 de
1438 4276 1542 4343 Paulo,
1570 4277 1680 4350 quaudo
1710 4276 1795 4335 etism

140 4378 173 4428 ut
189 4368 278 4445 uirgo,
294 4372 354 4427 sine
374 4369 479 4426 macula
499 4367 693 4434 fornicationis,
707 4372 738 4423 ut
756 4378 866 4439 sponsa,
880 4364 941 4422 sine
956 4346 980 4426 ss
995 4364 1112 4424 imanes
1144 4364 1236 4421 nmcio
1263 4362 1328 4436 quid
1361 4363 1478 4423 diversa
1511 4365 1580 4438 parti
1612 4366 1796 4441 supplaudere

179 4598 207 4640 88
222 4599 255 4656 tit
270 4598 373 4657 similas
384 4600 490 4711 plnres·
515 4599 580 4684 tun.
608 4596 813 4682 sollicelnoces
825 4515 921 4670 veerolpffi
933 4520 1197 4655 Ιῧοῃὲιῗὲὶῗὲήεῑῑαηι
1217 4594 1359 4680 Ιιηοάἱιιειι]
1387 4591 1489 4651 scilicet
1510 4597 1596 4680 bran.
1620 4595 1646 4636 88
1665 4596 1796 4680 consulta

150 4670 267 4732 obertu
281 4673 362 4747 heop.
423 4672 556 4729 Vanitatis
579 4674 642 4729 hat.
666 4677 786 4726 verutatas
810 4672 898 4728 Fran.
918 4669 944 4708 88
961 4667 1041 4739 Quod
1065 4670 1126 4726 Ven.
1151 4668 1175 4706 88
1192 4669 1237 4725 Sic
1261 4668 1393 4725 mandat
1418 4668 1482 4723 bat.
1506 4667 1533 4723 Sr
1560 4677 1597 4726 tta
1622 4677 1795 4741 competisset

148 4745 213 4802 dari
232 4744 426 4818 restitutionem
456 4744 512 4801 suis
528 4745 619 4801 etiam.
634 4743 723 4800 nant
736 4743 797 4801 bot.
813 4741 839 4782 88
852 4739 978 4810 Quonam
1000 4740 1110 4798 oberth.
1123 4740 1208 4797 Semi.
1223 4742 1303 4812 Leop.
1318 4738 1343 4777 88
1358 4738 1449 4811 Usque
1463 4738 1569 4798 abesto
1589 4739 1651 4798 Van.

839 4814 1088 4879 Commentarius.

142 4975 344 5048 exemplarium
367 4977 525 5037 auctoritate
538 4977 721 5046 confirmetur,
734 4984 765 5036 ut
784 4976 818 5034 sit
835 4978 864 5035 in
878 4992 943 5035 cas·
998 4976 1039 5034 cis
1053 4982 1080 5033 et
1105 4974 1167 5031 licet
1189 4973 1287 5042 solum,
1304 4973 1491 5042 nihilomiuus,
1507 4990 1583 5048 usque
1600 4989 1633 5031 ac
1654 4973 1676 5031 ai
1694 4975 1793 5048 plures,

143 5070 216 5119 sum,
234 5050 343 5109 trustra.
355 5051 419 5108 Rau.
998 5051 1083 5105 altare
1107 5045 1215 5103 Domini
1239 5045 1479 5103 circumdaturum.
1495 5048 1528 5102 Et
1550 5048 1590 5102 sic
1609 5047 1680 5118 apud
1702 5048 1794 5105 Theo·

182 5122 481 5195 (bblllocdeecclcsio
494 5119 833 5194 malaopentium.citata
846 5119 947 5177 Psalmi
1000 5119 1118 5178 doritum
1142 5117 1266 5175 liberius
1289 5118 1380 5189 Episc.
1401 5119 1480 5174 Rom.
1499 5118 1673 5175 altercatione
1695 5120 1794 5177 adver-

143 5196 231 5253 aerha
246 5201 354 5322 torffiuet
369 5196 397 5250 iu
419 5195 565 5266 Psychieos
579 5209 657 5250 suos.
675 5195 766 5265 Atque
788 5193 841 5250 hoc
857 5192 947 5250 colore
1001 5208 1049 5248 sus
1064 5189 1249 5247 Constantium
1263 5189 1331 5245 Cass.
1350 5205 1356 5244 :
1373 5191 1408 5242 ob
1422 5188 1463 5243 bili
1476 5190 1503 5244 rb
1522 5183 1585 5245 elam
1598 5211 1627 5265 ps
1643 5191 1794 5263 piissime

145 5282 227 5325 suam
241 5267 275 5322 ab
315 5266 415 5323 eclesia
428 5267 612 5322 secessionem
628 5264 832 5335 preteritum.
1001 5261 1102 5325 eleasar
1125 5259 1268 5315 ἐλαττοῦται
1285 5261 1370 5333 λόγος.
1383 5263 1446 5318 Rau.

183 5337 246 5411 (96)
267 5340 299 5397 ut
314 5337 391 5397 solus
403 5340 513 5412 plures.
527 5339 627 5394 lterum
647 5335 805 5410 perstringit
826 5332 949 5393 Catholi·
1039 5335 1094 5408 (97)
1110 5335 1176 5392 Sine
1204 5349 1274 5407 rapa
1302 5336 1463 5391 uetustatis.
1479 5333 1537 5390 Hoc
1560 5332 1641 5390 etiarn
1669 5332 1799 5414 adsersus

145 5425 216 5482 cos;
234 5416 262 5464 ct
279 5408 399 5466 schisma
422 5425 502 5465 suum
518 5409 683 5475 consolatur,
699 5411 775 5478 quasi
797 5406 857 5480 ipse
877 5408 951 5463 solus
1003 5405 1228 5477 carlmannum
1251 5405 1286 5460 de
1310 5421 1359 5461 sua
1373 5414 1504 5463 vetustate
1524 5405 1654 5461 adversus
1678 5403 1799 5460 Montana
1866 5428 1869 5433 ·

147 5479 306 5538 innocentia
338 5495 389 5538 sua
415 5481 519 5539 cinctus
549 5480 634 5537 instar
668 5478 787 5552 plurium
821 5480 854 5534 sit
879 5478 951 5550 apud
1004 5479 1149 5538 nouitatem
1174 5477 1341 5550 pugnabant,
1357 5486 1387 5532 ut
1415 5476 1617 5536 observavimus
1644 5489 1734 5555 supra,
1752 5488 1801 5532 eos

146 5553 252 5610 Deum.
268 5551 329 5624 Quo
351 5568 433 5610 sensu
450 5553 519 5611 dixit
537 5553 603 5610 alias
624 5566 680 5609 non
694 5551 787 5618 semel,
800 5551 953 5609 Ecclesiam
1007 5551 1089 5624 igitur
1102 5549 1249 5620 Septimius
1263 5549 1387 5621 agnoseit
1401 5550 1505 5619 priores
1519 5558 1545 5606 et
1563 5554 1737 5617 vetustiores,
1752 5547 1801 5605 sed

147 5639 212 5684 esse
225 5623 256 5681 iu
270 5638 326 5682 uno
338 5631 365 5682 et
386 5624 488 5699 alter03
504 5625 544 5682 sio
559 5625 650 5699 itaque
664 5638 705 5694 se,
721 5623 785 5683 licet
807 5638 871 5682 oum
884 5637 954 5694 pau·
1006 5622 1096 5695 arguit
1114 5635 1196 5695 rugas
1210 5620 1361 5679 uetustatis.
1375 5622 1439 5678 Rue.
