3840 6134
173 270 231 337 581
524 308 527 315 ·
750 271 847 335 uram
866 273 943 333 tou.
954 272 1234 336 nummularios
1261 282 1265 287 '
1518 274 1520 278 '
1761 272 1816 337 598

173 401 239 458 anit.
255 399 371 470 Spiritus
386 414 450 457 sero
473 400 557 457 saneti
580 400 699 474 propria,
724 407 754 456 ut
781 400 816 457 de
835 400 967 458 doctrinar
1021 398 1736 475 dedecorelataturrvidemusquotidienautiromm
1750 401 1809 476 (88)

173 487 263 543 nudie
278 503 371 544 omnes
393 490 553 560 peraequati,
578 490 723 560 gratiarum
747 488 879 545 actionem
903 503 968 559 pro·
1022 490 1147 547 lascivias
1169 489 1337 563 gaudiorum.
1365 491 1459 562 ltaque
1485 496 1515 546 nt
1535 498 1624 548 nantae
1651 490 1684 547 ad
1699 491 1809 563 symbo-

172 578 248 648 seqni
273 584 381 632 nossent
411 576 483 648 (lc),
507 587 534 632 et
565 591 657 632 veram
670 577 862 633 inducerentur
887 576 968 649 quie-
1021 578 1074 636 lam
1090 576 1114 618 ¹t
1128 579 1185 650 (st)
1200 575 1527 650 semperexsultant;tale
1542 577 1641 649 aliquid
1654 585 1682 635 et
1695 579 1809 647 AEones3

172 670 230 720 tem
245 663 313 733 (77).
1022 680 1104 722 unum
1116 668 1172 736 jam
1195 681 1300 737 ornnes,
1324 665 1404 722 enam
1427 664 1523 732 forma,
1540 665 1639 720 nedum
1658 665 1807 733 sententia3

477 802 589 862 ceu
607 803 667 861 u·
1020 755 1330 916 uirtutium
1348 751 1809 913 tristitudinem

209 929 306 1000 ltaque
320 941 414 984 omnes
436 926 524 984 forma
538 935 564 983 et
586 927 749 1000 sepientia¹
769 935 966 1001 peraequantur,
1019 936 1098 1002 utque
1119 928 1330 1003 pulcherrimum
1354 929 1537 1002 unusquisque
1552 926 1577 967 ¹¹
1591 925 1714 993 florebat,
1739 941 1808 983 con·

173 1016 238 1074 lacti
252 1030 348 1073 amnes
375 1017 450 1088 quod
473 1014 659 1087 unnsquisque
676 1030 776 1073 :nemo
798 1017 880 1088 aliud,
904 1015 968 1090 quia
1019 1015 1106 1075 ierunt
1119 1018 1146 1074 in
1174 1016 1302 1074 medium.
1323 1017 1409 1085 Vane,
1436 1014 1541 1090 opinor.
1570 1015 1599 1072 Si
1625 1014 1697 1073 enim
1724 1029 1810 1070 unum

171 1104 249 1160 alteri
264 1117 361 1160 omnes
373 1104 442 1175 (78).
458 1103 645 1160 Refunduntur
664 1103 691 1158 in
706 1105 764 1161 Nus
779 1105 801 1170 ⁹,
818 1106 845 1160 in
860 1106 967 1162 Sermo
1019 1115 1096 1162 erant
1111 1120 1205 1162 omnes
1227 1121 1261 1162 ex
1290 1103 1442 1177 supradicta
1464 1112 1671 1176 petoequaltone,
1698 1101 1809 1160 vambai

173 1209 223 1249 nes
239 1193 274 1258 ¹⁰,
291 1193 317 1246 in
337 1193 467 1248 Homines
488 1193 520 1258 ¹¹,
537 1192 564 1247 in
588 1192 706 1249 Philetas
722 1191 754 1245 ¹¹.
780 1194 866 1265 dique
884 1193 967 1251 ¹³ie·
1018 1194 1148 1266 symbolae
1175 1192 1260 1260 ratio,
1293 1207 1353 1264 qnae
1386 1193 1467 1249 terme
1499 1208 1533 1248 ex
1558 1192 1694 1248 varietatis
1725 1188 1811 1266 gratia

172 1281 254 1336 minae
269 1280 295 1336 in
316 1280 394 1351 Sigae
409 1280 442 1344 ¹¹,
458 1278 485 1333 in
513 1281 590 1346 zoas,
607 1279 635 1334 iu
656 1280 800 1349 Ecclesiae,
816 1281 842 1336 in
866 1281 965 1337 Fortu·
1017 1291 1130 1339 consul.
1159 1283 1249 1338 Unum
1277 1296 1371 1338 omnes
1396 1282 1498 1337 bonum
1525 1280 1705 1346 conferebant,
1736 1280 1810 1351 qnod

171 1377 250 1424 naus
274 1367 298 1406 ¹⁸
320 1383 327 1423 :
351 1373 382 1420 ut
403 1365 516 1421 Ovidius
536 1366 775 1437 ideumorphoseis
805 1384 867 1423 suas
889 1369 965 1426 dele·
1018 1386 1115 1427 omnes
1132 1355 1218 1426 erant.
1237 1369 1372 1426 minoda
1386 1367 1499 1424 forsitan
1518 1367 1597 1423 fuerit
1619 1366 1697 1434 ratio,
1712 1366 1807 1423 autda

172 1455 267 1523 msset,
290 1454 313 1510 si
337 1453 419 1510 hodie
441 1455 568 1523 majorem
590 1455 771 1528 cognovisset.
792 1456 901 1512 Exinde
919 1472 966 1514 re·
1016 1457 1200 1528 formaipsius
1214 1459 1271 1528 jam
1295 1456 1513 1528 peraequationis.
1531 1455 1615 1529 lgitur
1638 1471 1669 1510 ex
1684 1470 1738 1511 aere
1751 1455 1808 1511 col·

172 1541 235 1600 fecti
261 1548 335 1607 sunt,
360 1549 388 1595 et
414 1540 576 1597 constabiliti
595 1548 666 1607 sunt,
688 1550 717 1597 et
740 1541 769 1597 in
789 1543 908 1612 requiem
930 1559 965 1600 ex
1018 1546 1100 1602 latitia
1122 1546 1148 1584 ¹⁰
1163 1545 1231 1617 (tte),
1248 1545 1320 1616 qnod
1342 1544 1425 1610 aiunt,
1444 1544 1471 1599 in
1496 1546 1626 1600 honorem
1644 1553 1672 1598 et
1691 1542 1807 1616 gloriam

172 1630 288 1687 veritate
306 1629 340 1692 ,¹⁶
366 1628 518 1701 compositi,
550 1644 646 1700 magno
678 1645 738 1685 cum
766 1630 856 1701 gandii
878 1630 965 1689 fructu
1018 1634 1119 1706 patris,
1151 1634 1361 1703 pulcherrimum
1388 1631 1545 1690 Pleromatis
1570 1632 1644 1687 sidus
1672 1631 1806 1689 fructum-

172 1717 281 1791 hymnis
302 1725 407 1791 patrem
434 1716 588 1773 concinunt.
616 1717 825 1774 Diffundebatur
853 1725 881 1775 et
907 1719 965 1789 ipse
1017 1739 1068 1796 que
1082 1722 1231 1794 perfectum
1249 1721 1433 1792 compingunt,
1448 1721 1551 1777 lesam.
1577 1721 1644 1775 Eum
1662 1719 1806 1794 cognomi·

174 1806 279 1876 laetitia,
300 1804 394 1876 utique
407 1805 476 1861 beno
498 1804 666 1862 cantantibus
684 1805 746 1861 filiis
769 1813 795 1860 et
809 1808 963 1876 nepotibus.
1018 1822 1082 1868 nant
1101 1812 1231 1875 Soterem,
1252 1819 1279 1866 et
1301 1808 1447 1875 Christum,
1468 1816 1495 1864 et
1518 1807 1684 1876 Sermonem,
1699 1807 1734 1862 de
1756 1822 1805 1878 pa.

177 1892 278 1962 Quidni
299 1892 493 1949 diffunderetur
517 1893 589 1948 omni
610 1894 789 1963 jocunditate,
814 1894 965 1950 Pleromate
1019 1898 1106 1956 eruitis
1119 1899 1154 1953 ²¹.
1168 1899 1201 1952 Et
1215 1896 1311 1952 Omnia
1322 1898 1390 1966 jnm.
1407 1904 1435 1949 ut
1448 1912 1480 1951 ex
1494 1895 1614 1950 omnium
1633 1893 1809 1950 defloratione

176 1980 291 2039 liberato
302 1980 380 2053 (tell
393 1980 459 2051 Quis
482 1981 625 2037 nauclerus
638 1979 724 2039 588
739 1996 793 2037 non
808 1980 889 2036 etiam
903 1972 965 2037 cum
1017 1984 1222 2044 constructam,
1250 1974 1397 2032 Graculum
1429 1971 1520 2042 disopr
1548 1971 1624 2041 (88),
1653 1969 1804 2026 Pandoram

859 2128 954 2191 Varia.
972 2129 1129 2190 lectiones.

205 2232 364 2291 ⁸Sententia
374 2237 460 2291 Fran.
476 2234 550 2290 fren.
566 2233 697 2289 sententia
709 2233 803 2306 γνώμη.
822 2231 835 2269 ⁹
850 2232 921 2287 Noas
935 2234 1011 2289 fren.
1027 2232 1157 2286 naasaet.
1172 2230 1258 2285 infer.
1269 2227 1330 2282 Nun
1345 2224 1432 2282 finem
1445 2220 1650 2281 Seml.0bertls.
1667 2220 1805 2282 Nanctum

171 2303 235 2360 Nona
250 2305 318 2361 Par.
334 2320 393 2375 quae
408 2303 489 2360 addit
503 2319 651 2358 sermones.
667 2302 692 2341 ¹⁰
721 2306 864 2359 sernrones
879 2303 971 2359 omitt.
987 2300 1075 2358 llben.
1091 2300 1175 2357 Seml.
1196 2299 1306 2356 Oberlb.
1322 2295 1344 2336 ¹¹
1361 2295 1463 2352 Omnes
1478 2295 1505 2350 in
1520 2294 1646 2349 homines
1670 2293 1760 2349 libem
1777 2296 1807 2347 ot

171 2376 201 2431 ii.
224 2373 248 2413 ¹¹
263 2376 293 2428 ln
309 2375 429 2430 Christos
443 2373 528 2430 r'ran.
545 2376 595 2430 hoc
616 2390 674 2429 non
688 2373 749 2430 hab.
765 2375 842 2429 fren.
858 2371 882 2410 ¹³
895 2374 930 2428 Et
950 2388 1011 2444 qnae
1026 2371 1112 2427 libem
1130 2371 1233 2427 etalii.
1248 2367 1272 2407 11
1287 2367 1451 2422 lnAlethias
1477 2367 1567 2422 Fran.
1595 2363 1620 2403 ¹⁵
1642 2365 1672 2418 ln
1688 2364 1802 2434 spiritus

171 2447 256 2502 Fran.
273 2446 351 2501 Nihil
364 2448 425 2517 ejus
438 2446 546 2516 pencris
557 2444 636 2501 flabat
650 2445 723 2501 fren.
735 2445 792 2500 siue
803 2445 905 2510 Graece,
919 2446 977 2499 siue
991 2444 1085 2500 Latin.
1101 2441 1125 2479 ¹⁶
1138 2443 1220 2496 Forte
1234 2455 1265 2492 ex
1281 2440 1419 2501 varietate,
1434 2438 1506 2493 sicul
1524 2439 1620 2508 postea
1635 2450 1668 2488 ex
1682 2435 1803 2488 varieta-

172 2515 203 2570 tis
220 2518 326 2587 qrotia.
342 2518 382 2569 Ad
417 2517 545 2571 erfastum
561 2518 616 2571 vet.
633 2517 687 2570 int.
705 2516 788 2571 Semi.
804 2515 897 2574 tettae
911 2512 932 2551 ¹¹
948 2512 1100 2586 Cymbalam
1120 2513 1185 2566 Par.
1202 2511 1300 2567 vitiose
1314 2513 1347 2564 ut
1359 2513 1439 2580 patet
1461 2523 1496 2562 es
1510 2508 1585 2563 iren.
1601 2507 1669 2562 lun.
1684 2503 1709 2541 ¹¹
1722 2503 1806 2559 Novis

171 2601 227 2642 non
242 2585 308 2642 nae
324 2534 415 2642 Semi)
426 2584 450 2624 ¹⁹
466 2585 683 2657 Uniuscujusque
698 2587 759 2642 Lat.
774 2585 918 2654 unicnique
931 2586 1115 2642 mavulllun.
1132 2584 1182 2637 aul
1197 2583 1237 2637 sic
1249 2584 1329 2636 frans
1349 2578 1461 2659 oriendo
1472 2577 1555 2635 uerba
1568 2575 1639 2648 quod
1654 2581 1805 2656 arctatque

171 2656 262 2727 pulch.
292 2655 414 2721 florebat,
435 2657 619 2728 unusquisque
650 2655 775 2713 coni'er...
801 2655 826 2694 ²⁰
848 2655 993 2712 collocatio
1017 2655 1104 2711 uben.
1124 2652 1210 2709 Seml.
1242 2597 1352 2710 uberti.
1375 2651 1499 2707 collativo
1514 2649 1552 2715 al,
1582 2647 1743 2703 muocauno
1759 2649 1805 2703 oet

171 2726 294 2799 mmnpl.
308 2725 331 2765 ¹¹
348 2727 441 2784 crece
454 2731 654 2799 πατρωννμαῶς,
669 2726 853 2799 patronymico
867 2727 942 2783 frea.

862 2871 1110 2936 Commentarius.

204 2983 264 3050 (76)
281 2979 446 3036 Gratiarum
459 2980 600 3034 actionem
613 2979 744 3048 prosequi
758 2983 882 3035 nossent.
899 2979 956 3032 fre·
978 2976 1082 3078 cujus,
1105 2975 1175 3046 quad
1199 2973 1310 3046 quidem
1325 2973 1402 3042 filius
1428 2983 1477 3028 est.
1495 2971 1527 3026 Et
1547 2972 1606 3026 hren
1623 2969 1742 3041 quidem,
1756 2969 1804 3042 qui

172 3066 269 3106 anns:
286 3051 338 3106 Eas
350 3063 443 3106 omnes
461 3051 568 3120 gratias
581 3065 662 3119 apere
681 3049 787 3104 docuit.
811 3049 958 3117 εὕχαριατεῖν
1015 3060 1086 3100 nunc
1099 3044 1213 3098 emissus
1231 3055 1296 3111 erat,
1312 3043 1433 3100 Christus
1446 3042 1473 3097 in
1490 3043 1529 3096 eis
1542 3050 1667 3112 operatus
1681 3050 1730 3096 est.

172 3120 263 3183 lemnia
282 3121 349 3175 Rue.
1049 3115 1065 3186 ἓ
1079 3117 1105 3169 o.
1121 3115 1246 3185 Spiritus
1259 3129 1322 3170 aero
1335 3117 1452 3170 sanctus
1466 3113 1625 3184 adaquatos
1640 3117 1803 3176 aesomnes,

205 3192 269 3262 (tn)
280 3191 351 3245 lren.
367 3191 497 3244 aduersus
519 3191 621 3245 fleres.
637 3187 684 3245 lib
700 3202 720 3242 1.
736 3202 795 3257 cap.
812 3190 837 3252 2,
853 3186 869 3258 ἕ
884 3191 910 3242 5.
926 3217 960 3227 -
1014 3186 1123 3256 gratias
1134 3200 1213 3255 agere
1224 3185 1318 3240 docuit
1329 3181 1717 3254 etoeramrequiemindunif.
1730 3182 1801 3236 uon.

172 3263 241 3318 unt
254 3260 284 3314 dt
304 3263 333 3313 τὸ
358 3259 513 3329 ἀφορισθῆναι
531 3261 617 3313 ταύτην
639 3256 706 3318 ἐκτὸς
728 3262 772 3310 τοῦ
791 3259 958 3328 πληρώματος
1050 3256 1108 3327 (78)
1125 3256 1194 3323 Quin
1216 3255 1303 3310 alieri
1317 3270 1421 3312 omftcs.
1440 3254 1501 3307 Haec
1521 3262 1548 3307 ct
1562 3251 1701 3322 sequentia
1715 3251 1801 3305 edidi-

172 3342 217 3386 τῶν
247 3331 374 3394 Aletidas,
394 3331 436 3395 τήν
470 3349 495 3380 τι
518 3330 619 3398 Μητέρα
634 3330 707 3396 ubine
733 3327 961 3394 ἀποκατασταθῆναι
1017 3340 1074 3380 rrius
1089 3326 1127 3380 uti
1149 3325 1251 3380 suntin
1270 3324 1362 3380 codice
1382 3323 1498 3378 Pithoei:
1518 3341 1531 3374 ιι
1552 3322 1653 3375 Omnes
1673 3328 1736 3376 sunl
1758 3320 1799 3375 al-

172 3409 198 3475 τῇ
224 3398 276 3473 ἰδίᾳ
295 3402 404 3472 ονζυγία,
418 3406 457 3453 τὸν
472 3401 599 3471 Μονογενῆ
612 3401 685 3452 πάλιν
700 3398 782 3468 ἑτέραν
797 3394 918 3469 προὲαλέο
936 3416 961 3448 αι
1015 3398 1074 3463 leri,
1090 3411 1143 3450 non
1158 3395 1240 3461 aliud,
1256 3414 1269 3448 ν
1288 3398 1338 3451 linc
1361 3403 1401 3449 est
1417 3411 1424 3448 ε
1440 3408 1536 3449 omncs
1558 3396 1621 3448 sunt
1644 3390 1799 3455 Sermones,

172 3474 294 3544 ωζνγιαν,
304 3473 368 3524 κατὰ
376 3471 518 3540 προμήθειαν
531 3479 575 3522 τοῦ
586 3470 681 3539 ΙΙατρὸι
693 3471 733 3520 tva
740 3469 774 3538 (ιν)
785 3469 871 3539 lastae
884 3469 959 3534 naim
1014 3481 1109 3521 omnes
1121 3467 1256 3535 Homines,
1272 3480 1365 3521 omnes
1379 3463 1484 3527 Phileti,
1504 3478 1596 3518 omnes
1610 3461 1691 3532 Sigae,
1708 3475 1801 3516 omncs

171 3545 232 3615 adep
257 3561 293 3600 τις
308 3549 356 3594 τῶν
383 3541 613 3609 ulcinatensem
635 3540 677 3592 καὶ
699 3540 798 3609 Πνεῦμα
815 3538 915 3609 Ἅγιοι,
930 3521 962 3596 d.
1015 3538 1087 3592 Zoae.
1112 3536 1203 3608 ltaque
1232 3536 1334 3604 primus
1362 3542 1404 3590 est
1430 3533 1559 3599 Philetus,
1575 3531 1711 3588 secundus
1733 3531 1802 3587 alter

171 3615 239 3674 τῆξιν
252 3613 295 3665 καὶ
308 3613 437 3682 στηριγμὸν
447 3616 491 3664 τοῦ
502 3613 672 3680 πληρώματος,
683 3609 723 3677 tp’
737 3609 772 3663 ὧν
781 3613 963 3678 καταρτιςιιῆναι
1016 3607 1140 3672 luiterus,
1158 3607 1250 3662 tertius
1274 3605 1342 3660 nituit
1364 3605 1503 3673 l‘ltilclus3
1528 3603 1609 3660 etsie
1626 3603 1659 3657 de
1684 3601 1799 3657 naeleris.

172 3686 226 3743 τοὺς
240 3682 350 3741 atnam·
366 3687 406 3734 τὸν
422 3682 463 3753 μὲν
477 3681 522 3753 γὰρ
537 3681 636 3751 Χριστὸν
650 3677 744 3740 διδάξαι
757 3679 839 3738 αὐτοὺς
853 3680 968 3750 συζυγίαιςΙ
1016 3678 1059 3733 Sic
1073 3677 1144 3731 enim
1159 3692 1253 3731 omnes
1263 3677 1348 3741 alteri,
1365 3679 1424 3730 idea
1445 3690 1478 3731 ue
1489 3690 1542 3730 non
1555 3673 1635 3729 aliud.
1652 3674 1715 3728 liro.

189 3758 196 3774 '
217 3773 252 3820 ιν,
273 3753 404 3823 ἀγεννήτων
421 3753 554 3818 κατάληψιν
577 3753 737 3821 γινώσκοντας
762 3750 867 3816 laurone,
890 3743 959 3815 εἶναι,
1049 3748 1105 3816 (79)
1117 3749 1272 3804 Pleromate
1286 3747 1411 3804 liberato.
1422 3693 1488 3801 iiam
1499 3745 1597 3800 AEones
1608 3744 1727 3798 Pleroma
1738 3756 1802 3796 con·

171 3774 335 3896 mespriorai
347 3843 373 3875 τι
387 3823 410 3875 ἐν
425 3826 507 3880 αὐτοῖς
519 3822 563 3887 τὴν
577 3825 622 3873 τοῦ
640 3823 730 3891 mesple
741 3819 877 3891 ἐπίγνωσιν,
893 3822 927 3871 tn
935 3839 961 3873 τι
1014 3828 1162 3885 cesserant,
1187 3818 1272 3888 Bytho
1300 3819 1436 3890 negotium
1461 3816 1619 3873 t'acessituri.
1649 3814 1724 3868 Nunc
1737 3826 1802 3867 vero

204 3898 297 3966 ιῖνρταός
311 3895 371 3959 ἐστι,
384 3895 424 3944 snt
438 3895 613 3960 ἀινιτάιηπτος,
633 3893 673 3943 καὶ
688 3893 732 3943 obn
745 3890 808 3943 ἔστιν
823 3892 877 3943 οὔτι
892 3887 960 3954 ἰδεῖν,
1015 3888 1142 3943 ordinatis
1157 3899 1181 3943 et
1201 3889 1367 3959 compositis,
1391 3903 1424 3942 ac
1444 3902 1490 3955 per
1512 3885 1647 3942 Christum
1669 3890 1696 3939 et
1718 3882 1803 3950 Spiri-

118 3988 139 4013 s
172 3985 228 4019 νοτε
241 3966 344 4017 ἀνιοῦσαν
362 3965 444 4029 amba,
458 3966 474 4031 ἢ
490 3961 531 4015 διὰ
551 3965 623 4034 μόνον
646 3966 689 4015 τοῦ
705 3962 857 4031 Μοναγενοῦς
870 3964 960 4030 peada·
1014 3966 1070 4015 tum
1097 3965 1219 4014 serratum
1247 3958 1374 4015 institutis
1400 3957 1543 4024 AEonibus,
1561 3957 1663 4010 nullum
1689 3953 1804 4023 amplius

171 4055 248 4089 τεται.
264 4036 312 4087 unt
321 4035 350 4087 rb
365 4036 408 4105 μὲν
423 4038 497 4087 uictor
511 4040 552 4092 τῆς
571 4032 666 4084 αἰωνίαν
681 4029 794 4101 διαμονῆς
807 4028 858 4088 τοῖς
870 4034 962 4089 λοιποῖς
1015 4029 1164 4099 periculum
1179 4038 1236 4084 erat
1250 4028 1400 4084 Pleromati.
1415 4028 1548 4083 Effectum
1567 4027 1639 4082 enim
1653 4025 1800 4093 constabat,

169 4111 308 4176 τὸπρῶτον
319 4108 473 4159 καταληπτὸν
487 4107 600 4175 ὑπάρχειν
614 4108 655 4156 τοῦ
678 4103 779 4170 Harpis,
796 4109 837 4161 τῆς
853 4101 880 4153 δὲ
911 4103 962 4153 sot·
1017 4101 1211 4168 propterquod
1232 4107 1350 4168 venerat,
1366 4114 1463 4167 nempe
1485 4097 1604 4152 solidatae
1619 4113 1671 4160 res,
1698 4102 1724 4151 et
1742 4095 1801 4165 ple·

172 4196 232 4234 οιινς
245 4175 327 4242 mnan,
347 4179 386 4227 νιαὶ
405 4177 563 4247 μορρώαιως,
581 4176 607 4226 τὸ
629 4170 961 4239 naturamnaturaim
1016 4182 1089 4222 rorum
1104 4171 1235 4221 uriruitum
1254 4175 1333 4239 alque
1357 4168 1552 4232 confirmatum,
1578 4182 1612 4221 ue
1630 4181 1686 4238 qun
1706 4164 1803 4220 similis

172 4245 222 4306 luae
241 4244 299 4301 text.
314 4249 361 4300 unt
371 4252 447 4299 ταῦτα
463 4246 506 4318 μὲν
520 4247 534 4298 ὁ
549 4246 602 4313 ἄρτι
616 4245 756 4313 προὸληθεὶς
770 4243 869 4312 Χριστὸς
879 4242 902 4293 ἐν
917 4240 962 4293 αὖ·
1015 4238 1155 4294 concussio
1172 4253 1265 4292 rursus
1279 4239 1435 4294 incurreret.
1451 4239 1543 4294 nean.

171 4319 218 4375 ταῖς
232 4315 412 4388 diapsalmae.
1051 4307 1108 4377 (80)
1128 4306 1253 4361 Videmus
1274 4308 1394 4378 quotidie
1413 4311 1602 4364 nauticarum.
1624 4305 1662 4358 Er
1678 4301 1803 4358 hocloco

203 4392 220 4458 ‘g
233 4390 261 4450 6,
276 4389 308 4440 To
322 4387 349 4439 at
364 4390 388 4440 ἓν
398 4388 495 4458 Πνεῦμα
508 4386 537 4439 τὸ
553 4387 622 4454 ἅγιον
638 4381 786 4444 &raubertus
801 4382 888 4440 αι’ντοὶις
901 4381 962 4432 πάν·
979 4378 1002 4456 ὓ
1017 4378 1093 4433 vides
1112 4377 1302 4432 Tertullianum
1318 4377 1398 4430 maris
1413 4377 1492 4432 luisse
1506 4375 1634 4444 aceolum,
1651 4373 1721 4430 utin
1739 4373 1803 4427 Car·

169 4477 210 4516 tet
242 4456 392 4527 εὐχαριστεῖν
428 4456 520 4518 ἐδίδαξε
542 4456 582 4507 aul
616 4453 659 4520 ripa
687 4452 796 4519 ἀληθινὴν
829 4451 962 4504 maranen
1017 4447 1170 4520 thagluensi
1185 4462 1250 4518 agro
1265 4456 1424 4502 versantem.
1439 4447 1480 4501 ln.

169 4527 291 4599 (ῃῖνατο.
1052 4519 1107 4589 (ut)
1122 4518 1161 4574 Ad
1189 4517 1353 4590 symbolum.
1381 4516 1554 4570 collationem
1570 4513 1691 4584 symbola
1714 4512 1801 4585 signi-

202 4598 506 4669 fnlerpretatiouetus.
522 4595 581 4666 -ἕ
597 4599 622 4650 8.
633 4598 732 4651 Postea
748 4607 811 4648 nero
825 4606 961 4662 quamse-
1017 4589 1087 4652 licat,
1104 4589 1208 4660 quoties
1223 4587 1351 4643 sciliceta
1375 4585 1488 4656 singulis
1501 4582 1603 4663 aliquid
1617 4582 1644 4636 in
1660 4597 1803 4638 commune

168 4672 272 4739 paratu
291 4670 329 4723 sit
344 4674 417 4722 extra
431 4665 555 4720 Pleroma
568 4667 728 4731 AEonum‚ef
742 4668 834 4720 mater
849 4664 906 4730 eius
919 4678 962 4716 re·
1016 4659 1163 4715 confertur.
1194 4659 1262 4714 Hinc
1288 4657 1453 4729 asymbolus,
1480 4655 1525 4727 qui
1549 4653 1615 4707 nihil
1639 4653 1665 4707 in
1682 4652 1803 4706 medium

169 4739 397 4809 dinteqratasua
406 4737 610 4806 conjupatiani,
622 4737 795 4806 Monogenem
806 4736 912 4790 iterum
922 4733 963 4787 al·
1015 4730 1128 4786 confert.
1144 4730 1185 4786 ln.
1466 4770 1476 4788 ,
1559 4791 1565 4804 ·
1606 4792 1612 4802 Ι
1779 4791 1785 4801 ·

170 4813 262 4864 terum
272 4803 961 4876 emisisseconjunctionemsecundunaprouiden-
1050 4800 1107 4871 (82)
1123 4802 1186 4856 AErc
1212 4800 1361 4856 collatitio.
1376 4796 1455 4866 Quod
1471 4797 1498 4852 in
1512 4802 1629 4865 antrqurs
1643 4787 1801 4870 exemplari·

170 4874 962 4948 tumentescmtsranersptnrumsannamaqaioas
1016 4870 1066 4925 bus
1080 4872 1186 4942 legitur,
1212 4871 1394 4933 callocafilia,
1420 4869 1574 4922 mendosum
1598 4879 1657 4920 esse
1680 4867 1745 4916 satra
1760 4875 1804 4915 er-

169 4953 378 5004 ronsummatas
393 4965 450 5004 esse
468 4947 568 5002 dicunt
584 4951 695 5003 AEonas.
722 4946 866 5002 Christum
885 4947 980 5003 enim,
1014 4941 1073 5065 finit
1087 4941 1204 4995 lrrrnreus
1223 4957 1283 4996 oum
1312 4941 1369 4996 ait:
1389 4962 1400 4988 ν
1425 4939 1649 5007 Unumqucmque
1676 4948 1708 4988 eo
1730 4931 1802 5005 quad

168 5018 296 5076 docuisse
310 5035 354 5076 aas
366 5018 572 5090 conjugationis
584 5023 733 5080 naturam,
746 5016 830 5070 innati
846 5029 961 5082 conpre-
1034 5012 1130 5066 abebat
1143 5012 1170 5065 in
1187 5026 1217 5066 se
1231 5012 1363 5080 optimum
1383 5009 1602 5066 florentissimum
1622 5007 1801 5074 conterentes,

169 5088 328 5145 tensionem
343 5098 552 5160 cognoscentes,
568 5090 762 5158 sufficientes,
778 5088 835 5141 sive
850 5085 962 5142 idoneos
1015 5082 1184 5138 collationem
1199 5083 1301 5137 iecisse.
1321 5101 1332 5130 ν
1353 5083 1416 5137 llic.

170 5174 250 5219 esse:
271 5160 430 5216 decurrisse
445 5175 550 5286 quaque
565 5162 595 5215 in
610 5161 650 5215 eis
665 5157 760 5213 Patris
773 5157 962 5227 aperitionem,
1050 5151 1107 5223 (83)
1124 5153 1278 5208 Graculum
1297 5154 1399 5224 AEsopi.
1419 5150 1457 5205 De
1480 5149 1531 5206 hoc
1558 5153 1645 5205 exstat
1672 5145 1804 5218 apologus

169 5230 442 5356 qmwmifflabi
456 5226 963 5299 tsestetincornprelrensibilis,ctnon
1015 5222 1083 5278 inter
1098 5237 1147 5278 eos
1164 5222 1210 5295 qui
1233 5223 1333 5294 AEsopo
1354 5223 1515 5291 tribuuntur,
1540 5221 1611 5276 unde
1630 5217 1733 5275 Graeuis
1756 5233 1803 5271 na·

170 5306 317 5372 estneque
355 5302 433 5363 'era
444 5316 534 5372 neque
548 5301 646 5356 audire
656 5314 722 5353 rum
735 5297 793 5353 nisi
806 5312 856 5368 per
869 5297 962 5351 salum
1015 5297 1070 5348 tam
1094 5293 1266 5363 proverbium
1295 5293 1424 5353 Αἰσώπειος
1441 5292 1549 5356 κολοιός,
1569 5292 1621 5346 boc
1644 5299 1697 5351 est,
1721 5288 1802 5342 ilisa·

169 5371 355 5444 imperem.
373 5373 408 5427 ur
423 5388 538 5428 causum
550 5372 662 5444 quidem
678 5373 792 5423 eterne
804 5380 961 5438 persevera·
1015 5363 1091 5435 picus
1104 5365 1238 5436 graculus,
1261 5363 1312 5419 diei
1341 5366 1450 5422 solitum
1464 5365 1493 5419 in
1520 5361 1635 5435 eosqui
1656 5360 1803 5426 atiauapro
1827 5369 1831 5378 ·

170 5443 254 5499 lionis
274 5445 312 5499 ils
330 5442 459 5498 omnibus
473 5438 752 5513 incomprehensibile
767 5439 863 5493 Patris
878 5451 936 5492 esse
952 5456 960 5490 :
980 5467 996 5474 -
1014 5434 1069 5489 auis
1085 5441 1230 5492 ostentant.
1246 5435 1340 5492 Ruunt.

167 5515 359 5583 animationis
370 5517 502 5570 autemut
513 5512 705 5583 formationis,
717 5506 962 5582 canaprauemitila
