3840 6134
130 287 200 350 108³
487 280 708 346 subrutilum
735 280 870 345 orueutt
882 281 966 346 ntus
986 281 1020 344 11.
1036 280 1196 343 -sultllls
1210 280 1244 356 ll,
1265 280 1425 345 bouilla.
1709 284 1779 348 (Μ

128 412 188 469 lunt
205 408 261 485 (40)
280 406 390 484 ingenia
413 406 547 467 curniilcis
579 413 608 466 et
634 423 736 483 genera
763 409 928 480 poennrurni
943 421 968 503 g
984 413 1056 480 runt,
1071 405 1098 463 in
1113 422 1181 480 quas
1195 405 1284 464 adhuc
1303 413 1330 465 et
1347 407 1471 466 diabolus
1492 407 1552 482 ipse
1569 406 1699 483 suspirat,
1719 425 1780 469 eun

128 499 197 571 Quis
214 497 304 574 magis
324 497 444 571 negarit,
460 497 507 571 qui
531 497 668 555 Christum
692 503 813 565 seruus,
832 512 868 552 an
881 498 928 570 (pri
981 511 1030 553 sua
1048 493 1214 562 infelicitate,
1226 495 1276 553 sed
1291 502 1455 567 cesimum
1469 495 1779 571 poenitentiamoerents,

27 617 30 623 ·
127 582 282 646 delectaret
292 586 408 643 amisit?
421 587 468 660 qui
484 603 545 643 eum
563 586 699 643 amitteret
717 583 739 653 ⁹,
758 583 869 643 doluit?
893 601 929 642 an
982 584 1029 642 sed
1043 599 1098 641 non
1115 584 1297 642 erubescente
1310 585 1344 641 ud
1359 585 1506 642 Dominum
1519 585 1554 643 de
1577 585 1668 644 rania.
1685 587 1781 646 mnus

128 678 175 750 qui
202 692 264 734 cum
288 675 423 733 amitteret
450 674 539 732 lusit?
552 675 586 731 Et
608 684 697 732 umen
716 673 769 731 illes
791 673 929 731 cicatrices
983 673 1127 731 dimittitur
1137 672 1177 730 eis
1191 674 1241 746 qui
1256 672 1428 745 piaculariter
1440 685 1613 748 negauerunt
1624 676 1705 746 (dila
1720 676 1782 735 solis

129 764 281 822 Christiano
311 763 405 836 prmlio
428 764 580 838 insculptoe,
609 771 636 820 et
669 761 762 835 utiquo
788 761 928 820 invidiose
981 763 1035 819 illis
1043 776 1106 820 care
1115 761 1221 819 inlirma
1231 772 1274 819 est
1286 762 1356 833 (ld).
1367 763 1451 838 Atqui
1459 763 1532 820 nulla
1541 769 1597 820 tem
1612 763 1693 822 fortia
1706 781 1779 836 caro,

128 854 203 926 apud
222 852 362 910 Christum
383 851 452 925 (tt),
471 852 533 926 quia
559 852 657 911 vicisse
672 850 824 924 cupierunt,
840 858 868 908 et
890 851 930 908 sic
984 868 1067 925 quam
1080 867 1141 927 quaa
1152 853 1278 925 spiritum
1292 851 1377 909 elidit.

129 957 238 1016 qnoqm
254 939 369 1000 ¹08⁰
383 941 521 1015 gloriose,
537 940 668 1014 quianon
684 938 813 998 uincendo
837 955 930 998 cesse·

813 1066 910 1130 Vario
938 1069 1094 1132 lectiones.

166 1148 178 1188 ⁹
191 1146 333 1204 decuteret
348 1146 433 1205 δια(
451 1145 563 1206 oberth

832 1217 1082 1283 Commentarius.

168 1353 224 1424 (lo)
237 1353 417 1426 Negationem
433 1367 518 1425 porro
537 1358 643 1424 euecta
666 1352 850 1428 occupationi,
870 1362 923 1409 etc.
979 1351 1027 1425 qui
1041 1349 1215 1422 peculiariter
1228 1357 1405 1422 negaverunt.
1424 1347 1535 1420 »Quasi
1551 1350 1676 1410 diceret:
1692 1351 1785 1410 lierni·

131 1424 201 1494 Quid
214 1425 264 1482 hoc
279 1423 557 1481 estliornicationem
571 1423 723 1480 idololatria
737 1425 868 1496 majorem
883 1423 926 1478 ia·
987 1423 1068 1479 nibus
1082 1423 1152 1480 bene
1175 1421 1275 1480 assatis
1298 1433 1326 1479 et
1344 1423 1414 1480 benc
1436 1421 1579 1549 peculiatis
1601 1423 1700 1482 favent
1722 1423 1784 1497 Psy·

132 1497 216 1553 cerei
228 1496 327 1569 arpesia
345 1497 455 1569 quidem
483 1503 623 1566 peccatum
647 1507 688 1553 est
710 1504 737 1552 ct
751 1510 832 1566 graue
847 1501 873 1549 et
887 1494 935 1550 let·
987 1493 1068 1563 obici,
1088 1494 1136 1567 qui
1159 1493 1348 1566 poenitentiam
1372 1492 1515 1566 indagent
1536 1494 1662 1562 moecbis,
1676 1511 1743 1552 vase
1755 1510 1785 1554 ae

135 1566 214 1625 halc:
230 1575 258 1623 at
273 1566 424 1624 idololatria
438 1566 639 1649 gravissimum,
654 1582 703 1638 pro
715 1574 817 1638 quotot
829 1564 936 1636 suppli·
986 1564 1093 1636 peculio
1108 1580 1159 1623 suo
1174 1565 1358 1632 abutentibus,
1376 1566 1497 1637 adeoque
1515 1565 1653 1623 Christum
1676 1580 1783 1639 negem

131 1638 173 1695 cia
184 1638 210 1694 in
225 1637 310 1696 ueteri
320 1638 451 1706 Ecclesia,
463 1645 557 1708 totque
571 1637 686 1694 instituti
695 1636 763 1693 ritus
773 1635 932 1710 poeuiteudi.
987 1635 1189 1708 tibus,qucties
1203 1637 1464 1720 membrorumque
1478 1638 1554 1695 luere
1563 1637 1674 1703 Christi,
1686 1637 1784 1695 iaciant

131 1709 171 1767 Lu
187 1710 236 1765 Pa.
986 1707 1107 1763 membra
1117 1707 1278 1765 meretricis.
1294 1708 1469 1766 Peculiarrter
1478 1707 1615 1766 Christum
1630 1718 1729 1783 negant
1738 1709 1782 1781 qui

170 1780 227 1851 (41)
240 1779 386 1838 Invidiosa
400 1779 475 1851 apud
491 1777 645 1835 Christum.
658 1776 791 1833 invidiam
805 1775 932 1834 iacientes
949 1754 971 1833 Β
986 1779 1020 1835 da
1036 1779 1142 1850 peculio
1149 1794 1200 1836 suo
1215 1777 1458 1851 ludunt,adversus
1472 1778 1560 1835 datam
1573 1778 1682 1839 Christo
1693 1779 1781 1838 fidem.

132 1853 249 1909 Christo.
265 1849 310 1906 Sic
322 1849 371 1904 lib.
387 1849 420 1904 de
430 1852 519 1920 Fuga:
539 1870 551 1900 r
569 1848 641 1906 bialo
656 1848 787 1905 iuvidiam
802 1849 827 1905 ei
842 1849 931 1906 iacere
985 1850 1049 1907 Rau.

199 1921 368 1979 uoluntatem
382 1919 470 1991 ipsius
490 1921 638 1991 pereundo.
660 1939 673 1973 u
694 1920 818 1977 Diximus
836 1936 931 1994 supra.
1020 1920 1075 1993 (iil
1104 1921 1176 1979 Solis
1191 1922 1250 1980 iliis
1263 1938 1328 1981 coro
1341 1921 1520 1992 infirmasse.
1531 1921 1784 1992 Libidinosis,moe·

132 1938 196 2050 ἵν.
985 1992 1055 2063 obis,
1071 1991 1288 2050 fornicatoribus.
1313 1993 1506 2065 Psychicorum
1529 1992 1703 2068 disciplinam
1720 1994 1784 2064 ritu,

168 2060 225 2133 (ii)
241 2063 336 2120 Denuo
356 2061 519 2120 dimittitur
529 2062 569 2120 cis
583 2063 633 2135 qui
644 2062 834 2136 piaculariter
846 2080 932 2146 nepu-
987 2070 1073 2133 perat,
1093 2062 1140 2134 qui
1160 2064 1195 2120 de
1214 2062 1300 2120 tribus
1323 2063 1430 2121 delictis
1453 2063 1609 2132 mortiferis,
1635 2063 1785 2122 idololatria

133 2137 248 2191 uerunt.
265 2133 351 2190 Cedat
362 2133 471 2190 ueritati
484 2132 583 2204 pudor,
599 2140 626 2188 et
649 2141 753 2191 mutare
773 2141 931 2190 sententiani
987 2133 1044 2189 sive
1058 2134 1210 2207 negatione,
1226 2134 1382 2202 homicidio,
1398 2142 1426 2190 et
1444 2135 1569 2200 moechia,
1583 2135 1653 2194 solis
1674 2136 1787 2193 moechis

133 2204 213 2261 nobis
231 2205 320 2270 liceat,
334 2204 357 2259 si
372 2220 475 2276 negare
488 2219 542 2260 non
557 2204 619 2261 licet
634 2205 660 2259 ia
685 2206 843 2262 authentico
862 2205 932 2262 scri·
987 2204 1136 2262 Ecclesiam
1151 2207 1305 2272 redderent,
1321 2222 1382 2277 quae
1398 2204 1635 2277 magisreddenda
1648 2207 1788 2265 uideretur

133 2284 209 2349 ptum
228 2274 321 2344 fuisse,
337 2295 350 2327 u
366 2276 460 2332 Denuo
473 2275 617 2331 dimittitur
642 2276 743 2347 eisqui
763 2276 933 2346 peculiariter
988 2275 1147 2344 idololatris,
1164 2277 1222 2336 sire
1235 2278 1410 2350 negantibus,
1423 2284 1485 2360 post
1494 2293 1649 2348 expressam
1658 2279 1786 2336 uiolentia

134 2355 342 2419 negaveram«
373 2347 442 2402 Nam
470 2346 498 2401 id
524 2345 646 2401 clausula
677 2361 795 2418 sequens
823 2346 932 2404 evincit.
987 2354 1185 2404 tormentorum
1210 2348 1391 2406 idololatriam
1410 2363 1467 2404 stuc
1489 2349 1666 2423 negationem
1692 2351 1783 2421 preni-

133 2417 215 2475 Ludit
237 2418 301 2473 Afer
323 2417 450 2486 ambiguo
478 2416 615 2482 vocabuli,
641 2423 669 2472 et
684 2418 804 2487 jaculum
827 2424 934 2490 torquet
988 2418 1120 2484 tentibus,
1149 2435 1210 2475 curu
1243 2419 1298 2486 isti,
1326 2436 1381 2475 non
1409 2419 1468 2477 nisi.
1489 2422 1635 2504 asperitate
1664 2428 1785 2477 tormen·

133 2489 161 2545 in
174 2489 328 2560 Psychicos,
351 2488 429 2558 quale
454 2502 545 2558 supra,
561 2503 624 2544 cum
651 2488 801 2544 exteriores
827 2489 936 2544 botulos
989 2498 1077 2545 torum
1105 2490 1201 2557 coacti,
1231 2497 1259 2544 at
1286 2491 1388 2546 moeehi
1407 2497 1434 2546 et
1461 2488 1648 2562 fornicatores,
1663 2507 1715 2564 per
1734 2491 1786 2548 libi-

135 2559 233 2617 iisdem
246 2557 357 2630 objecit,
372 2558 420 2629 qui
442 2556 548 2615 luxuria
568 2559 754 2625 tenderentur,
773 2569 801 2616 et
824 2560 933 2630 nuptias
988 2560 1080 2616 dinem
1110 2569 1136 2616 et
1156 2561 1323 2633 uoluptatem
1347 2570 1445 2635 sponte
1461 2562 1513 2637 ipsi
1539 2571 1636 2635 suapte
1654 2578 1786 2638 peecare·

134 2632 263 2705 repetitas
284 2631 452 2703 probarent:
470 2651 482 2681 ι
499 2630 606 2698 Denuo,
622 2629 721 2702 inquit,
740 2629 883 2687 dimittitur
895 2630 935 2688 eis
989 2631 1054 2687 rint.
1074 2633 1140 2688 bru.

135 2754 1780 2787 :mm

293 2917 369 3085 Q.
424 2916 660 3063 SEPT.
714 2919 970 3062 FLOR.
1030 2917 1627 3063 TERTULLIANI

908 3162 1026 3220 clusit

750 3356 828 3462 DE
870 3351 1096 3461 PALLlO
1127 3335 1186 3472 (¹³.

174 3679 385 3737 tacunarum«.
400 3705 436 3720 -
450 3677 509 3733 lloc
522 3675 685 3748 opuseulum
695 3664 745 3746 pro
756 3673 838 3746 pallio
848 3672 936 3745 apolc
952 3692 975 3771 c
1250 3659 1534 3727 CAPUT'PlllblUbl.

139 3766 211 3838 giam
226 3781 296 3835 esse,
312 3764 422 3822 satirico
436 3766 492 3819 sale
514 3764 675 3836 inspersam,
700 3761 773 3835 apud
794 3760 934 3835 Carthagi·
1026 3757 1167 3830 Principes
1185 3772 1293 3828 semper
1316 3756 1417 3814 Airicae
1436 3756 1491 3829 (i),
1505 3755 1559 3812 viri
1583 3753 1787 3831 Carthaginien·

139 3869 234 3911 nenses
257 3853 376 3909 habitam
400 3851 500 3908 eruditi
526 3850 708 3908 consentiunt.
724 3850 791 3907 Cum
819 3850 893 3908 euim
920 3865 937 3906 a
990 3865 1045 3916 ses,
1061 3856 1193 3908 vestutate
1209 3847 1321 3914 nobiles,
1342 3846 1460 3904 novitate
1480 3844 1585 3913 felices,
1612 3846 1723 3919 gaudeo
1744 3856 1789 3900 voa

140 3940 316 4013 popularibus
329 3940 387 3997 suis
400 3940 655 4012 reprehenderetur,
666 3938 740 4011 quod
751 3950 840 4012 togam
855 3940 938 4010 pallio
991 3945 1047 3992 tam
1065 3951 1213 4009 prosperos
1236 3943 1401 4007 temporum,
1416 3949 1478 3991 cum
1500 3933 1539 3990 ita
1561 3940 1638 3990 vacat
1651 3948 1686 3990 ao
1706 3932 1787 4002 jnrsl,

140 4035 342 4096 commutasset,
359 4031 410 4086 boc
433 4038 483 4095 eet,
504 4029 578 4101 quod
599 4028 701 4085 Christi
716 4028 819 4085 militiae
838 4045 936 4086 nomen
990 4025 1099 4082 bobium
1122 4028 1251 4082 denotare
1273 4024 1325 4094 (3).
1339 4023 1419 4081 Pacis
1432 4024 1491 4080 haec
1505 4030 1533 4080 et
1554 4021 1697 4079 annonae¹
1722 4019 1786 4077 otia:

139 4117 384 4184 dedisset,satlrica
395 4118 445 4174 hac
458 4116 583 4191 apologia
598 4116 637 4173 illi
651 4117 782 4175 occurrit:
798 4117 939 4190 noluitque
991 4117 1025 4172 ab
1039 4113 1155 4187 imperio
1171 4121 1198 4171 et
1218 4128 1234 4167 a
1250 4112 1320 4170 coelo
1333 4113 1404 4168 bene
1412 4112 1574 4168 est.Tamen
1588 4117 1618 4166 et
1626 4110 1708 4167 robis
1721 4104 1790 4166 habi·

140 4205 193 4264 sibi
205 4205 391 4264 inconstantia
405 4207 505 4264 crimen
519 4205 668 4276 adhaerere,
677 4204 815 4279 fuisseque
828 4220 939 4278 semper
992 4209 1035 4261 tus
1048 4204 1127 4260 aliter
1141 4201 1226 4272 clirn3
1242 4199 1341 4258 tunicae
1355 4199 1441 4272 iuere,
1453 4208 1480 4257 et
1498 4199 1613 4272 quidem
1628 4198 1657 4254 in
1677 4197 1750 4256 lama
1760 4196 1790 4253 ds

138 4295 167 4351 in
186 4296 253 4353 orbe
266 4297 397 4354 universo
411 4297 446 4353 ab
460 4294 673 4368 ipsiusconditu
690 4294 843 4353 officiorum
858 4309 938 4352 com-
992 4292 1153 4350 subteminis
1168 4289 1256 4348 studio
1275 4291 1327 4361 (i),
1351 4294 1380 4346 et
1398 4288 1509 4346 luminis
1531 4288 1676 4346 eoncilic²
1699 4286 1790 4359 (dist

140 4382 311 4441 minutiones.
993 4395 1127 4438 mensurae
1152 4387 1385 4451 temperamento;
1402 4379 1474 4450 quod
1502 4393 1591 4449 neque
1613 4387 1691 4434 unns
1717 4386 1789 4433 crura

828 4506 921 4571 Varie
941 4509 1098 4571 lectiones.

186 4587 196 4626 ¹
212 4589 247 4644 lit
260 4602 370 4646 annona
383 4597 412 4645 et
424 4588 479 4645 otia
493 4587 661 4647 Salmasius.
675 4586 688 4625 ²
701 4585 823 4644 musitio
840 4587 927 4644 libert.
949 4589 1067 4660 Franco.
1083 4585 1166 4641 Paria

832 4658 1081 4722 Commentarius.

176 4792 217 4865 (l)
231 4794 268 4850 lie
283 4793 386 4851 Pellio.
412 4791 495 4848 blulta
516 4791 544 4847 in
572 4791 642 4848 banc
667 4806 733 4859 reru,
749 4789 801 4847 ade
839 4806 874 4847 ue
900 4790 975 4888 adn
1026 4821 1061 4833 -·
1075 4790 1222 4863 Principes
1235 4803 1348 4862 semper
1361 4788 1477 4860 Africae.
1492 4784 1592 4845 truce
1611 4785 1789 4987 priffigan

142 4864 226 4923 totius
240 4862 364 4945 opusculi
378 4862 465 4920 lucem
488 4863 617 4931 praeclara
636 4862 743 4919 tradidit
763 4863 805 4920 Cl.
847 4864 935 4918 alma·
993 4878 1072 4930 paones
1096 4859 1330 4934 Carthaginienses
1354 4859 1427 4915 solos
1444 4859 1529 4915 fuisse
1549 4873 1631 4915 nemo
1725 4858 1789 4927 'it;

142 4932 523 5001 sius,ed1tioneadveterum
542 4933 735 5005 exemplarium
758 4932 836 4991 tidem
855 4950 936 4990 accu-
990 4933 1017 4988 in
1031 4934 1103 4988 bunc
1117 4947 1227 4989 sensum
1241 4933 1279 4987 ita
1292 4929 1451 4987 locutusest
1464 4928 1607 5001 Apuleius,
1624 4928 1716 4987 libuu
1752 4930 1790 4987 ie-

141 5005 287 5134 ffitissima.
301 5004 367 5060 Eam
384 5018 513 5061 veronus
530 5005 630 5076 ubique
643 5003 701 5060 iere
722 5005 766 5061 bic
786 5006 937 5077 sequimur.
991 5004 1046 5062 rid.
1061 5019 1122 5085 cap.
1139 5003 1301 5130 l,·illrffilque
1315 5001 1357 5058 his
1369 5003 1481 5072 repetit:
1497 5002 1571 5073 qnod
1585 4999 1657 5058 lorte
1670 5001 1735 5058 aliis
1746 5002 1791 5056 ob·

176 5091 205 5135 a.
991 5090 1093 5133 servari
1144 5082 1202 5129 turt.
1246 5088 1310 5132 nuc.

177 5145 219 5218 (2)
239 5145 386 5216 Principes
407 5160 516 5218 semper
533 5147 650 5216 Africae.
667 5144 735 5200 Cum
753 5144 938 5204 Tertullianus
1026 5149 1063 5218 (3)
1078 5089 1198 5205 pffim,
1212 5144 1357 5213 mertare.
1369 5140 1505 5199 Deuotarc
1517 5140 1706 5199 Tertullianus
1719 5154 1791 5199 usur

143 5227 201 5276 toto
214 5217 266 5272 buc
285 5214 379 5270 libello
395 5213 429 5270 de
447 5215 528 5273 variis
540 5217 622 5274 totius
640 5217 722 5284 orbis,
738 5217 856 5284 urbium,
870 5219 938 5273 alia·
991 5227 1037 5290 pat
1070 5233 1101 5273 ro
1116 5225 1211 5273 notare
1225 5215 1282 5274 sire
1296 5224 1399 5270 taxare.
1411 5214 1506 5272 Rnuu.

144 5303 260 5360 rumque
274 5300 364 5343 rerum
378 5285 573 5345 mutationibus
589 5296 705 5343 tractme
720 5288 828 5358 debeat,
851 5287 939 5360 deque
1028 5235 1069 5360 (ὅ
1087 5291 1125 5347 De
1136 5287 1305 5346 subteminis
1314 5285 1419 5343 aeaco.
1434 5282 1673 5366 Commendateas
1687 5281 1792 5366 tunicas

144 5362 268 5430 ipsorum
280 5356 359 5414 etiam
374 5356 636 5428 Carthaginiensium
647 5357 753 5415 babitus
770 5368 798 5417 et
815 5359 939 5421 astrata
992 5360 1026 5416 de
1040 5359 1198 5416 subteminis
1210 5358 1312 5425 studio,
1335 5355 1410 5429 quod
1437 5355 1559 5411 studiose
1581 5369 1713 5410 nimirum
1728 5354 1792 5411 dalr-

145 5430 304 5500 mutatione,
328 5427 395 5484 nibil
414 5437 505 5484 tamen
524 5443 573 5485 eos
591 5436 722 5501 quantum
744 5429 778 5484 ad
798 5430 940 5500 primumn
992 5438 1136 5506 genterque
1149 5437 1229 5487 tertoe
1244 5435 1347 5486 essent.
1356 5427 1407 5485 Per
1420 5427 1562 5487 subtemen
1577 5422 1696 5484 fortasse
1712 5434 1791 5483 utun

144 5502 241 5558 attinet
248 5509 380 5572 numae,
390 5499 467 5558 initio
479 5497 564 5558 libelli
572 5499 656 5572 huius
665 5501 753 5558 statim
762 5509 940 5561 mouentur.
976 5511 1125 5560 .terturam
1141 5500 1277 5573 intelligit.
1293 5500 1380 5558 sum.

146 5573 233 5634 sam.
1027 5576 1069 5646 (t)
1082 5575 1123 5634 De
1137 5573 1256 5635 iusticie
1269 5566 1594 5640 eperchomene
1617 5567 1691 5627 bene
1713 5581 1791 5627 corn·
