3840 6134
128 311 198 371 1237

125 456 211 512 aquas
233 437 437 504 incantantium,
454 455 485 496 ac
502 438 576 498 velut
588 438 715 509 potestati
734 439 843 513 spiritus
858 441 921 496 mali

126 529 297 587 tradentium.

162 620 308 676 decimare.
329 619 397 673 Tota
412 617 544 674 sententia
554 618 613 673 haec
627 616 738 674 ironiam
754 618 832 690 sapit,
844 628 923 693 atque

127 708 162 765 ad
189 707 309 779 magicos
332 707 400 762 ritus
420 706 523 771 alludit,
553 705 652 777 quibus
676 722 773 780 aquam
797 710 830 765 ad
858 724 924 765 usus

127 798 250 870 magicos
266 794 395 853 adhibere
414 797 611 870 lfpdromantoe
630 795 728 852 solent.
750 794 821 853 Dicit
835 805 923 852 autern

128 890 196 959 atio,
212 886 240 942 id
254 895 304 953 ost,
330 888 473 960 superiore
488 886 605 959 quodam
620 901 650 941 aa
669 885 820 957 potentiore
839 888 924 958 spiri-

130 984 173 1047 ta,
190 981 279 1033 tantae
294 976 436 1034 claritatis
445 975 529 1049 (sicut
538 974 664 1030 nimirum
676 977 873 1049 llpdromaatae
885 976 925 1044 ja·

128 1075 202 1123 ctare
216 1069 311 1130 solent,
330 1066 364 1120 ab
389 1066 435 1124 illa
453 1065 549 1136 spiritu
566 1074 618 1120 tam
639 1061 776 1136 gloriosos
792 1081 823 1121 ae
845 1066 923 1122 illus·

130 1167 184 1213 tres
205 1155 318 1212 effectus
341 1156 461 1226 produci]
484 1157 621 1225 animam,
646 1169 693 1209 seu
721 1170 781 1210 eam
804 1155 924 1226 incitare,

128 1258 160 1301 ac
173 1246 245 1300 velut
259 1247 396 1303 uiuentem
414 1245 537 1301 reddere.

167 1337 284 1406 Organa.
307 1333 336 1387 ld
360 1340 409 1400 est,
435 1331 569 1404 ministro,
591 1341 717 1404 tauquam
746 1336 925 1389 instrumento

131 1422 242 1481 118ss
266 1423 329 1495 sibi,
345 1431 374 1477 ut
393 1421 552 1479 scholastici
568 1422 721 1496 loquuntur,
733 1422 928 1480 obedientiali·

131 1520 185 1585 ter,
209 1514 237 1569 in
256 1512 350 1569 ordine
374 1513 406 1567 ad
430 1526 605 1583 quoscunque
629 1511 741 1568 effectus
766 1511 924 1583 patrandos,

129 1603 264 1674 subjecto.
818 1662 823 1671 ,

167 1696 221 1749 Per
233 1705 337 1748 manas
350 1693 473 1760 sanctas,
489 1704 538 1762 per
557 1688 714 1746 earumdem
729 1686 855 1745 videlicet
869 1687 923 1743 im-

131 1781 305 1849 positionem.

169 1869 315 1925 lfodntari.
331 1867 467 1925 Modatari
480 1875 520 1923 est
534 1866 634 1940 aliquid
650 1866 796 1922 adcertum
811 1866 926 1923 madum

129 1971 161 2011 ae
176 1974 340 2015 mensnram
354 1972 527 2030 componore,
538 1967 567 2012 ut
578 1958 635 2027 jam
650 1971 732 2028 supra
746 1971 804 2025 cap.
820 1958 847 2027 3,
861 1955 924 2011 Not.

130 2045 377 2113 dfodatatriribas,
392 2046 520 2101 diximus.
545 2046 595 2101 Per
618 2044 823 2102 sublimitatem
838 2050 926 2099 autem

130 2135 312 2207 spirituatem
327 2134 404 2189 facile
419 2134 545 2207 iutelligit
558 2134 612 2191 vim
631 2134 797 2206 producendi
812 2133 927 2206 gratiam

130 2223 351 2279 sacramentalem
374 2223 596 2294 confirmationis,
620 2223 740 2294 episcopi
760 2221 926 2279 confirman-

130 2313 166 2368 tis
180 2311 302 2367 manibus
315 2313 391 2384 quasi
407 2312 530 2382 inditam,
546 2327 577 2367 ac
592 2311 775 2368 inhaerentem.

168 2401 292 2459 Referam
306 2401 361 2468 hic,
376 2403 448 2472 quod
460 2416 513 2456 non
524 2416 637 2471 prorsus
649 2415 665 2454 a
679 2407 771 2455 nostro
786 2397 926 2469 proposito

132 2493 252 2549 alienum
265 2507 325 2547 esse
339 2490 452 2559 videtur,
468 2498 493 2544 et
507 2490 541 2544 ab
559 2488 683 2559 Euuapio
698 2487 838 2553 Sardiano,
856 2502 926 2560 gen·

132 2584 182 2649 tili,
196 2582 243 2654 qui
258 2582 328 2637 eirca
349 2580 382 2637 h.
408 2579 438 2634 C.
462 2583 524 2648 380,
540 2578 609 2633 inter
623 2593 688 2634 suos
702 2593 755 2633 uon
780 2577 927 2636 incelebris

132 2671 251 2743 sophista
262 2677 329 2741 erat,
343 2669 377 2724 de
387 2667 550 2734 lamblieho,
566 2665 665 2737 insigni
680 2657 822 2722 Platonicae
837 2666 928 2738 philo·

132 2761 235 2834 sopbiae
249 2767 393 2827 sectatore,
414 2757 441 2812 in
460 2759 512 2814 Vit.
534 2755 692 2828 Philosoph.
708 2762 796 2810 narrat
813 2769 819 2809 :
838 2776 850 2806 ι
867 2755 925 2810 ltli-

131 2859 232 2925 quanto
249 2857 311 2922 pust
322 2855 442 2919 tempore
456 2845 556 2919 placuit
568 2844 682 2936 cunctis,
698 2852 767 2899 stato
780 2843 843 2897 anni
855 2851 925 2898 tem-

132 2955 199 3014 pora
211 2938 338 2995 accedere
347 2935 381 2992 ad
395 2935 512 3004 Gadara,
522 2933 569 3004 qui
583 2932 659 2990 locus
670 2941 711 2988 ost
725 2932 888 2987 thermarum
899 2931 927 2987 in

131 3028 219 3103 Syria,
229 3036 281 3084 etc.
291 3025 372 3081 isthic
381 3041 441 3081 curn
451 3024 555 3079 lavaret
564 3019 927 3094 (lamblichus),pariterquc

536 309 702 372 lranuurx
721 310 752 369 v.
772 343 809 355 -
821 284 858 370 u.
880 313 1068 376 conamini
1095 314 1215 376 ruauh
1234 315 1354 379 soror.

1704 323 1772 384 1238

941 442 967 528 Ι
1013 446 1217 515 deformantes,
1243 461 1292 517 pro
1313 450 1539 523 praeformantes,
1555 467 1601 508 seu
1624 451 1771 526 figurantes

977 542 1023 589 aut
1037 533 1195 605 simpliciter
1208 537 1378 606 formantes.
1394 538 1450 595 lloc
1463 548 1535 595 certe
1549 541 1692 612 posteriori
1706 559 1770 601 seu·

977 638 1008 676 su
1023 621 1103 678 etiam
1117 623 1188 694 apud
1207 622 1310 680 Vitruu.
1325 625 1343 680 l.
1362 641 1400 697 ur,
1418 627 1470 684 boc
1482 629 1592 686 verbum
1603 640 1768 704 usurpatum

977 710 1104 769 invenio:
1124 735 1135 765 a
1152 713 1263 785 Tragica
1278 729 1358 770 scena
1381 715 1567 775 deformantur
1589 720 1655 789 (non
1681 723 1772 797 utique

977 800 1005 854 in
1020 801 1139 873 sequiori
1152 817 1244 870 sensu,
1260 802 1308 858 sed
1327 804 1413 875 magis
1432 821 1481 876 pro
1496 814 1683 879 reornantur,
1702 813 1773 870 acci·
1860 852 1864 857 -

977 888 1119 961 piendum)
1137 889 1280 957 columnis,
1304 891 1399 963 signis,
1433 913 1445 944 s
1475 903 1528 952 etc.
1553 897 1685 953 Caeterum
1701 908 1774 958 totus

978 978 1022 1032 bic
1036 979 1110 1034 locus
1125 995 1157 1034 ex
1181 980 1367 1046 Gen.xuv1u‚
1389 997 1459 1036 vers.
1477 987 1509 1038 13
1526 992 1553 1039 et
1571 1001 1646 1058 seqq.
1663 988 1773 1058 petitur,

979 1067 1037 1139 uui,
1058 1070 1155 1125 rosea
1169 1069 1289 1140 (rosam
1306 1056 1441 1142 aperiam
1464 1072 1500 1128 aa
1513 1075 1662 1132 canestrum
1686 1078 1774 1133 lsrael

978 1157 1036 1221 (seu
1060 1157 1151 1221 facab,
1176 1158 1222 1230 qui
1246 1157 1313 1213 illud
1336 1175 1435 1215 nomen
1463 1162 1497 1215 ab
1520 1163 1628 1234 angelo,
1658 1179 1775 1235 quocum

979 1243 1136 1301 colluctatus
1160 1245 1256 1317 fuerat,
1285 1245 1337 1301 sibi
1358 1248 1513 1320 impositum
1537 1251 1605 1310 Gen.
1628 1269 1722 1323 xxxu,
1746 1270 1773 1310 v.

979 1335 1023 1400 28,
1044 1335 1204 1406 acceperat),
1229 1336 1373 1393 lfanassan
1395 1353 1458 1397 uero
1476 1341 1508 1395 in
1527 1342 1645 1397 sinistra
1659 1359 1721 1408 saa,
1739 1345 1775 1399 ad

979 1421 1127 1479 dexteram
1135 1425 1243 1482 scilieet
1251 1427 1341 1498 patris
1354 1427 1465 1496 (facab),
1476 1429 1669 1503 applicuitque
1680 1431 1775 1490 artabas

980 1510 1016 1565 ad
1029 1525 1104 1568 erem.
1130 1513 1183 1580 Qui
1202 1514 1355 1570 extendens
1370 1532 1490 1572 arcannm
1504 1518 1662 1587 dexteram,
1681 1523 1774 1592 posuit

979 1604 1776 1676 sapercapatlu'phrainnminorisfratriasinistramau-
1822 1673 1828 1682 ,

980 1693 1036 1744 tem
1046 1706 1130 1763 saper
1138 1697 1221 1762 rapat
1232 1692 1366 1763 Manasse,
1378 1696 1428 1764 qai
1437 1698 1529 1764 major
1537 1702 1611 1754 arata
1621 1703 1693 1763 erat,
1703 1717 1776 1757 eous·

945 1764 966 1844 B
979 1781 1094 1835 metans
1104 1780 1422 1855 murras,lieaedinitque
1432 1784 1514 1839 facab
1524 1785 1593 1854 filiis
1605 1787 1774 1860 taseplr,etc.

979 1867 1079 1937 loseph
1094 1867 1216 1924 videlieet
1226 1868 1321 1925 ambos
1336 1869 1404 1924 tilios
1414 1887 1477 1926 suos
1488 1887 1579 1927 eoram
1593 1874 1684 1941 Jacob,
1701 1883 1777 1944 patre

980 1972 1039 2025 suu,
1051 1956 1200 2023 coustituit,
1210 1959 1355 2030 etquidem
1365 1960 1577 2035 primogenitum
1588 1962 1734 2021 barrasson
1743 1964 1777 2019 ad

980 2047 1118 2105 sinistram
1132 2063 1218 2117 stram,
1231 2065 1290 2120 qum
1305 2047 1406 2105 scilicet
1421 2048 1521 2108 directe
1537 2051 1777 2123 respeciebatriex·

980 2145 1065 2192 teram
1088 2137 1189 2209 tacob;
1210 2139 1338 2208 Ephraim
1361 2155 1425 2196 vero
1441 2139 1475 2194 ad
1493 2140 1628 2197 dexteram
1647 2158 1735 2214 suam,
1750 2151 1778 2199 et

980 2235 1177 2298 consequenter
1191 2225 1225 2279 ad
1241 2225 1375 2281 sinistram
1390 2227 1514 2296 ejusdem
1528 2230 1623 2302 Jacob,
1636 2232 1709 2287 haud
1724 2231 1778 2289 uti·

980 2330 1033 2384 que
1047 2312 1157 2383 dubins,
1174 2312 1256 2368 laceb
1274 2313 1420 2371 deuterum
1442 2331 1518 2370 snam
1533 2317 1725 2389 impositurum
1740 2319 1780 2384 ei,

980 2401 1028 2473 qni
1042 2400 1077 2455 ad
1087 2400 1226 2457 dexterum
1238 2414 1347 2472 qnoque
1361 2402 1423 2469 ejus
1433 2401 1503 2457 latus
1517 2403 1666 2460 collocatus
1679 2406 1777 2475 fuerat,

981 2489 1034 2561 ipsi
1055 2488 1181 2543 nimirum
1197 2489 1327 2560 narrant,
1341 2491 1490 2547 sinistram
1514 2506 1577 2549 vero
1599 2493 1689 2561 alteri,
1706 2493 1778 2552 scili-

981 2586 1024 2634 cet
1048 2576 1192 2650 Ephraim.
1218 2577 1285 2632 Cum
1309 2592 1374 2633 vero
1388 2578 1472 2633 Jacob
1491 2588 1667 2638 commutatas
1682 2598 1778 2639 manns

982 2665 1162 2737 decussatim,
1179 2664 1272 2728 idest,
1289 2680 1349 2719 sese
1364 2673 1458 2720 mutuo
1473 2665 1675 2734 intersecantes‚
1692 2670 1776 2735 adeo·

982 2769 1034 2826 que
1054 2750 1189 2809 dexteram
1214 2753 1285 2825 (quae
1310 2758 1406 2806 natura
1434 2769 1482 2806 sna
1506 2753 1614 2825 dignior
1640 2763 1692 2824 est,
1716 2757 1779 2829 qnia

983 2840 1088 2912 fortior]
1115 2839 1254 2912 Ephraim,
1288 2840 1411 2897 secanda
1438 2842 1541 2912 penita,
1572 2842 1688 2898 Manassi
1715 2860 1779 2904 vero

984 2931 1179 3003 prirnopenito,
1204 2929 1339 2985 sinistram
1362 2928 1544 3002 imposuisset,
1568 2930 1681 3004 loseph,
1706 2932 1779 2991 velut
1876 3001 1882 3010 .

984 3033 1111 3084 errorem,
1127 3034 1206 3090 quern
1231 3019 1351 3089 putabat,
1372 3027 1550 3088 correcturus,
1573 3021 1711 3077 dextoram
1727 3039 1777 3095 pa-

129 3112 457 3174 caeteridarentlarationi
468 3126 589 3182 operam,
600 3108 703 3164 uatade
714 3107 819 3164 balneis
833 3107 927 3179 dispu-
945 3081 967 3162 ῧ
984 3106 1058 3162 trisa
1073 3105 1158 3179 capite
1178 3104 1313 3179 Ephraim
1328 3122 1476 3172 removero,
1491 3116 1571 3180 atqua
1590 3107 1617 3164 iu
1632 3116 1713 3181 caput
1726 3111 1778 3169 da·

132 3204 233 3262 tatione
243 3203 387 3260 subridens
403 3199 568 3256 lamblichus
584 3216 590 3252 :
607 3196 722 3251 Tametsi
737 3195 876 3270 religione,
887 3194 928 3249 in·
984 3199 1074 3254 nassis
1103 3194 1247 3252 transferre
1275 3196 1415 3252 contendit
1436 3215 1443 3255 :
1464 3199 1545 3255 tarot
1572 3213 1645 3265 vero,
1674 3199 1778 3256 altioris

131 3294 201 3368 quit,
217 3293 359 3366 impediar,
372 3290 516 3363 quominus
529 3289 580 3342 ista
593 3286 724 3358 aperiam,
741 3293 828 3340 rostra
838 3292 927 3340 tamen
983 3287 1055 3341 haud
1071 3285 1151 3341 dubie
1177 3283 1289 3341 ator
1313 3285 1434 3355 mysterii
1448 3286 1580 3355 conscius,
1597 3286 1623 3341 in
1635 3288 1777 3362 proposito

132 3400 215 3441 causa
229 3383 257 3437 id
270 3381 325 3439 fiet.
342 3379 482 3449 Simulque
496 3376 576 3448 jussit
598 3373 746 3446 discipulos
760 3372 928 3428 sciscitaris
982 3391 1032 3432 suo
1056 3391 1242 3446 perseuerans,
1267 3375 1349 3431 semel
1373 3376 1536 3447 auspicatam
1559 3377 1777 3435 benedictionem

133 3471 311 3544 popularibus
325 3467 472 3542 indigenis,
489 3465 584 3538 quibus
607 3464 662 3533 jam
685 3462 751 3519 olim
774 3460 928 3517 nominibus
982 3465 1076 3522 eodem
1092 3465 1142 3519 ritu
1157 3463 1279 3534 perfecit.

133 3560 228 3619 donati
255 3558 367 3617 fuissent
392 3558 446 3612 duo
471 3571 486 3610 e
514 3552 608 3611 calidis
635 3550 770 3607 fonticulis
798 3550 928 3619 minores,
1019 3557 1051 3610 ln
1066 3553 1211 3611 Christum
1224 3556 1367 3625 futuram.
1380 3552 1474 3615 Manus
1484 3568 1549 3628 ergo
1559 3553 1649 3612 illaain
1664 3554 1779 3612 formam

132 3648 181 3706 sed
206 3649 309 3706 caeteris
330 3644 518 3719 elegantiores,
539 3641 773 3711 robustioresque.
794 3638 835 3693 llli
855 3647 930 3709 post·
982 3642 1071 3700 crucis
1094 3644 1241 3698 decussatae
1269 3643 1357 3714 ipsam
1385 3658 1491 3699 crucem
1520 3639 1617 3700 Christi
1644 3655 1778 3716 praenota·

132 3753 215 3811 quam
240 3736 369 3810 imperata
392 3734 527 3801 fecissent,
549 3729 745 3802 significarunt,
771 3727 817 3784 nni
835 3728 931 3784 Amori
983 3734 1057 3787 bant.
1073 3729 1223 3786 linunssus
1237 3729 1365 3786 nimirum
1385 3733 1486 3790 Veteris
1504 3734 1675 3790 Testamenti
1690 3731 1780 3803 figura

133 3841 232 3883 nomen
243 3842 315 3892 esse,
331 3825 406 3881 alteri
420 3823 560 3887 rfnterata',
576 3821 799 3878 decernentium
813 3819 931 3889 injuriae
984 3824 1052 3883 erat,
1080 3823 1206 3888 tanquam
1231 3818 1364 3890 (tempore
1388 3817 1525 3890 nimirum)
1549 3822 1777 3893 primopenttus:

132 3915 250 3972 vindici.
265 3913 413 3970 Confestim
429 3912 487 3983 ipse
509 3916 632 3967 contacta
647 3924 728 3962 manu
744 3922 823 3979 aqua,
839 3906 931 3977 paucis
984 3914 1012 3963 et
1029 3907 1157 3978 quoniam
1176 3906 1243 3964 illud
1257 3906 1345 3978 ipsum
1360 3905 1449 3983 figura
1467 3917 1524 3965 erat
1536 3910 1605 3966 Nori
1620 3912 1776 3966 Testamen-

133 4002 345 4061 admnrmuratis
364 4000 494 4067 verbulis,
514 3998 548 4054 de
563 3999 635 4054 fonte
651 3996 706 4051 irno
722 3995 863 4065 pusionem
878 4011 929 4050 er·
985 3995 1014 4067 ti,
1030 3998 1070 4052 sia
1084 4000 1221 4054 blauasses
1235 4012 1264 4052 rra
1281 4012 1409 4054 rrauaau
1425 3999 1513 4069 ipsius
1532 3998 1631 4056 Christi
1654 4007 1718 4066 erat,
1733 3999 1780 4071 qui

133 4094 199 4150 civit
215 4091 371 4162 candidum,
390 4089 533 4145 commoda
556 4095 667 4150 statura,
684 4083 811 4155 capillitio
827 4083 854 4137 in
870 4080 930 4137 ful·
985 4086 1091 4142 Coloss.
1103 4101 1122 4152 1,
1136 4101 1160 4142 u.
1176 4088 1219 4154 to,
1236 4087 1444 4158 Primapanitas
1458 4090 1550 4144 omnis
1563 4094 1703 4144 creature
1713 4088 1781 4145 uici·

133 4200 199 4242 vum
218 4198 314 4238 aurum
336 4182 429 4247 tincto,
444 4177 518 4236 dorsi
542 4183 601 4232 cute
615 4175 710 4240 nitida,
731 4175 776 4246 qni
801 4179 873 4228 totus
887 4172 928 4226 ta·
984 4175 1173 4230 tunErmnaur
1183 4174 1382 4239 uero,secuudo
1392 4174 1510 4243 genitus,
1520 4174 1666 4230 exhibebat
1675 4177 1781 4232 Nouam

134 4271 206 4330 vanti
230 4280 275 4325 aut
294 4269 349 4324 loto
375 4265 503 4322 assimilis
517 4272 584 4320 erat.
609 4260 737 4318 Attonitis
759 4261 798 4315 rei
819 4259 928 4317 nouita—
990 4266 1209 4329 Testamentum,
1222 4270 1332 4331 eratque
1346 4276 1449 4316 rrouna
1463 4259 1550 4332 ipsius
1564 4262 1675 4330 Christi,
1691 4272 1719 4319 et
1730 4265 1782 4321 Ec·

135 4368 162 4416 te
184 4358 352 4415 comitibus:
379 4357 569 4422 Transeamus,
595 4352 691 4423 inquit,
719 4349 754 4405 ad
776 4349 929 4422 proximum
985 4351 1083 4419 clesiae,
1109 4357 1234 4422 tanquam
1258 4349 1422 4421 posterioris
1441 4349 1500 4418 (sod
1526 4351 1634 4406 nonnisi
1659 4360 1783 4426 tempore

136 4446 309 4515 fonticulum,
338 4445 474 4515 simulque
510 4457 669 4513 exsurgens,
694 4437 874 4511 praecedebat,
903 4437 931 4493 iu
987 4437 1093 4510 rursus)
1117 4453 1147 4493 ao
1178 4435 1254 4508 quasi
1280 4437 1307 4493 iu
1331 4436 1573 4496 Christoseeando
1601 4443 1713 4512 penitae,
1736 4443 1785 4501 sed

135 4537 301 4610 cogitatione
311 4534 425 4600 defixus,
436 4547 467 4587 aa
478 4546 611 4602 suspenso
626 4528 712 4598 uultu,
725 4527 815 4599 ibique
827 4526 931 4598 eadem,
988 4528 1091 4583 meritis
1112 4542 1142 4582 ac
1164 4524 1316 4598 privilegiis
1340 4524 1419 4596 longe
1443 4527 1591 4597 amplioris,
1608 4529 1636 4583 in
1656 4546 1710 4602 qua
1729 4546 1785 4588 non

136 4641 197 4698 quae
210 4624 296 4697 prius,
312 4638 457 4697 peragens,
474 4622 604 4677 Aaronem
619 4616 749 4687 evocarit,
767 4615 864 4686 prioris
879 4632 929 4688 per
989 4619 1081 4690 frpara
1099 4618 1188 4674 erneis
1205 4624 1286 4683 esset,
1303 4613 1351 4670 sed
1366 4630 1438 4670 aran
1451 4617 1522 4689 ipsa,
1540 4617 1679 4675 Cunrsrus
1693 4636 1785 4677 enuer-

137 4713 229 4768 omnia
251 4713 378 4777 similem,
394 4718 467 4766 extra
485 4700 585 4774 caunas,
611 4708 749 4778 nigrantes
768 4705 832 4761 huic
846 4703 934 4778 magis

137 4809 167 4858 et
193 4802 297 4867 rutilas,
326 4809 353 4856 et
383 4816 429 4871 por
449 4799 547 4854 collum
573 4812 690 4868 sparsas.
717 4795 804 4851 dmbo
827 4794 933 4866 pueruli

138 4889 296 4947 circumfusi
317 4889 398 4945 arctis
416 4886 607 4960 complexibus
628 4884 778 4941 lamblicho
793 4883 868 4939 velut
881 4898 936 4938 ua-

138 4977 218 5035 turali
240 4978 308 5051 patri
327 4977 495 5032 inhaerebant
514 4993 521 5028 ι
543 4989 611 5047 qnos
631 4973 675 5030 ille
691 4973 718 5027 iu
733 4971 858 5044 proprias
873 4987 936 5026 suas

138 5069 220 5125 sedes
245 5084 260 5123 e
281 5065 396 5140 vestigio
418 5066 541 5135 restituit,
566 5065 691 5137 totusque
709 5062 832 5129 excessit,
850 5082 862 5112 r
883 5069 935 5116 etc.

137 5156 274 5214 ilaecille.

175 5245 312 5302 Nimirum
327 5244 450 5301 evanidas
474 5245 515 5299 hae
531 5244 663 5317 imagines
677 5247 753 5297 erant
767 5239 938 5297 infernalium

140 5335 293 5405 geniorum,
309 5342 335 5390 et
350 5332 543 5403 quantumlibet
558 5333 585 5385 hi
605 5347 635 5387 se
653 5331 725 5388 lotos
743 5344 774 5384 aa
789 5328 939 5400 baptizatos

141 5421 315 5494 simulabant,
345 5421 469 5477 manibus
493 5437 543 5491 per
566 5435 674 5493 magum
702 5418 778 5475 illurn
800 5433 833 5473 er
861 5416 939 5489 cquis

142 5511 255 5568 extracti
272 5531 277 5564 :
295 5528 348 5567 nou
371 5520 460 5566 tamen
483 5525 579 5565 suarius
604 5509 657 5563 illis
683 5508 822 5579 imponere
846 5505 938 5579 ualuit,

142 5600 244 5671 quibus
257 5615 305 5659 eos
318 5600 347 5658 iu
360 5600 447 5659 solido
462 5599 578 5672 quodam
592 5604 663 5656 statu
676 5595 855 5656 confirmaret.

988 4723 1081 4763 ursus.
1096 4707 1189 4776 ltaque
1206 4720 1267 4760 cum
1286 4704 1330 4759 alii
1344 4702 1435 4778 legant
1456 4721 1486 4760 ru
1509 4720 1624 4763 annisro
1643 4710 1785 4779 faturum,

990 4795 1088 4851 obnixe
1104 4793 1206 4855 retineo
1222 4794 1253 4847 in
1275 4792 1420 4850 Christum
1434 4794 1579 4861 futuram,
1601 4795 1711 4867 scilieet,
1726 4814 1787 4868 quae

991 4892 1061 4940 esset
1076 4897 1106 4938 ru
1120 4883 1272 4947 Cunrsruu,
1284 4897 1331 4938 seu
1346 4881 1407 4952 eius
1417 4882 1566 4940 Ecclesiam
1577 4899 1632 4939 rna
1644 4884 1788 4944 charsrnu

991 4973 1183 5028 redundatura.

1027 5063 1199 5118 Emendate.
1216 5060 1267 5116 Per
1285 5062 1461 5120 ablationem
1484 5063 1622 5134 nimirum,
1638 5082 1698 5138 quae
1714 5066 1743 5122 fit
1762 5067 1790 5125 in

992 5152 1124 5222 baptismo
1138 5150 1247 5206 Christi.

1029 5241 1189 5309 Benedicta,
1206 5240 1307 5297 seilicet
1318 5249 1343 5297 ot
1352 5258 1401 5313 per
1414 5243 1597 5316 baptism-am,
1609 5247 1722 5318 ejusque
1732 5249 1791 5317 for-

993 5348 1071 5387 mam
1086 5332 1324 5388 sacramentalem
1344 5331 1520 5405 sanctificata,
1539 5340 1565 5389 ot
1579 5349 1626 5403 por
1638 5335 1791 5406 impositio·

994 5440 1059 5480 aem
1066 5438 1204 5480 manuum
1214 5419 1339 5491 deinceps
1347 5422 1523 5491 eorafirmata.
1535 5423 1664 5477 Caeterum
1676 5437 1727 5479 nou
1738 5440 1794 5479 rnn-

994 5511 1019 5568 le
1035 5513 1147 5568 fortasse
1162 5509 1296 5569 videbitur
1313 5509 1370 5566 hauc
1384 5510 1515 5565 sententia
1531 5510 1634 5566 tacitam
1649 5529 1794 5586 eorrrpara·

996 5604 1100 5661 tionem
1124 5600 1277 5666 continere,
1297 5603 1326 5653 ut
1346 5597 1412 5652 adeo
1427 5597 1466 5653 sic
1481 5600 1578 5669 exponi
1594 5602 1679 5673 possit
1696 5620 1702 5656 :
1719 5603 1796 5661 Sicut
