3840 6134
126 312 184 381 889

658 310 757 378 mure
775 312 818 377 bd
836 309 1108 378 RESURRECTIONE
1126 311 1253 386 mutis

1722 315 1777 383 890

128 450 183 502 tam
201 457 302 516 eorpus
319 440 416 498 animae
439 438 508 514 (bd),
524 456 606 515 quarn
621 448 649 498 et
670 440 759 499 earnis
777 441 926 500 obnoxium
941 467 966 551 Α
981 440 1085 499 salvum
1099 438 1170 498 effici
1188 441 1334 514 oportebit,
1348 439 1422 515 quod
1439 442 1574 515 perditum
1589 443 1677 504 luerit.
1694 444 1777 502 Porro

125 547 186 590 εεεε
200 528 370 588 mercedibus
383 544 433 603 pro
447 530 583 586 communi
598 530 755 602 operatione
765 531 924 604 pensandis,
981 536 1072 586 auteur
1086 530 1228 602 recipimus
1241 532 1337 588 animae
1352 530 1590 601 immortalitatem,
1618 544 1648 591 ut
1672 533 1777 605 perdita

124 636 162 678 ne
190 618 365 692 corporalitas
393 619 491 674 animae
520 618 690 676 occasionem
718 619 928 677 subministrans

126 707 278 784 figurarum
301 706 518 780 corporalitatem
551 708 643 766 carnis
672 709 801 766 excludet
827 729 835 778 3
866 726 926 765 eum

126 809 269 871 utramque
288 797 445 869 participem
460 807 487 854 et
514 797 602 871 regni,
617 807 644 854 et
662 797 766 868 judicii,
781 808 807 856 ει
834 816 927 857 resur-

125 887 256 946 rectionis
270 895 394 956 oporteat
408 885 491 941 eredi.
507 884 542 942 Et
560 902 631 943 nunc
654 902 688 942 eo
712 887 861 962 pergimus,
888 889 927 945 uti

124 975 346 1050 corporalitatem
370 974 505 1031 carnalem
538 977 647 1047 proprie
673 975 927 1033 demonstremusa

124 1066 244 1123 Domino
258 1062 404 1139 significari
418 1063 445 1119 in
463 1064 535 1120 omni
551 1065 763 1122 resurrectionis
778 1066 926 1131 mentione,

124 1155 200 1215 ulva
222 1153 333 1212 animali
347 1155 414 1225 (54),
442 1169 522 1225 quam
550 1160 578 1209 et
600 1153 689 1226 ipsam
715 1153 796 1230 pauci
819 1171 927 1228 recepe·

125 1255 202 1303 runi.

392 1331 507 1389 CAPUT
531 1332 659 1389 xxxiv.

162 1422 311 1495 Imprimis,
326 1436 388 1478 cnm
402 1422 436 1477 ad
450 1423 503 1478 boc
520 1422 628 1481 venisse
646 1438 675 1478 se
694 1421 769 1490 dicit,
789 1421 827 1478 uti
854 1422 927 1495 quod

126 1510 219 1586 periit,
240 1509 343 1568 saluum
358 1508 446 1578 iaciat,
461 1510 507 1582 qui
530 1510 605 1567 dicas
633 1510 657 1550 ⁶¹
686 1510 814 1581 perisse?
829 1510 926 1566 Homi-

126 1615 215 1670 nem,
243 1584 302 1653 aIne
326 1595 420 1652 dubio.
437 1597 579 1664 Totumne,
595 1612 630 1652 an
653 1614 687 1655 ex
714 1600 813 1673 parte?
828 1598 927 1671 Utique

981 632 1036 675 non
1065 619 1092 674 in
1115 618 1254 676 interitum
1275 621 1409 690 credatur,
1436 621 1484 677 sed
1508 621 1536 678 in
1559 623 1733 697 supplicium,
1749 623 1777 679 id

979 707 1072 774 estin
1094 708 1256 783 gebennam.
1271 708 1313 780 Et,
1339 708 1362 765 si
1386 708 1422 766 itu
1435 719 1486 777 est,
1499 699 1556 780 jam
1578 726 1632 766 nou
1660 713 1776 768 animam

980 797 1111 868 spectabit
1130 798 1202 853 salus
1226 840 1234 870 ,
1265 797 1366 854 salvam
1399 797 1502 856 scilicet
1529 815 1578 856 sua
1602 810 1697 862 natura
1725 818 1777 873 per

981 883 1207 943 immortalitatem
1222 907 1229 957 3
1246 890 1293 961 scd
1316 903 1423 943 carnem
1447 889 1549 961 potius,
1578 904 1658 960 qoam
1679 889 1777 945 interi-

981 974 1061 1030 bilem
1080 985 1184 1031 eonstat
1197 966 1392 1044 apud'omues.
1405 976 1461 1032 Aut
1480 974 1504 1033 si
1527 982 1555 1032 et
1568 975 1657 1034 anima
1680 976 1778 1034 interi-

981 1063 1052 1136 bilis,
1067 1065 1093 1121 id
1104 1074 1145 1123 εει
1160 1080 1213 1122 non
1228 1065 1396 1135 immortalis,
1417 1064 1491 1137 quod
1522 1075 1549 1122 et
1568 1080 1631 1123 caro
1647 1085 1655 1140 3
1669 1066 1728 1138 jam
1754 1073 1781 1124 et

981 1154 1055 1210 carni
1070 1154 1154 1209 torma
1171 1154 1216 1210 illa
1230 1170 1262 1210 ex
1277 1168 1355 1226 aequo
1369 1151 1501 1225 prolicere
1515 1152 1636 1225 debebit,
1664 1152 1780 1226 proinde

980 1241 1087 1299 mortali
1101 1253 1127 1298 et
1141 1242 1279 1309 interibili;
1301 1242 1365 1314 quia
1388 1242 1413 1282 66
1428 1241 1453 1298 id
1468 1243 1542 1316 quod
1559 1242 1628 1314 perit
1644 1283 1653 1312 ,
1675 1241 1780 1301 saltum

980 1330 1100 1388 facturus
1114 1340 1155 1388 est
1173 1331 1313 1391 Dominus.
1333 1330 1403 1389 Nolo
1427 1347 1499 1389 nnnc
1516 1334 1685 1389 contentioso
1715 1332 1779 1390 lune

980 1420 1113 1477 deducere
1127 1422 1185 1494 (57)
1200 1422 1250 1478 bac
1270 1437 1305 1477 an
1323 1420 1385 1477 illae
1398 1419 1537 1477 bominem
1552 1421 1667 1494 perditio
1690 1421 1780 1492 depo·

981 1509 1062 1565 stulet
1094 1511 1128 1580 ⁶⁵,
1142 1511 1205 1566 dum
1233 1509 1368 1584 utrimque
1395 1525 1458 1566 eum
1486 1509 1561 1567 salus
1589 1509 1724 1578 destinet,
1752 1509 1780 1565 in

982 1598 1077 1653 ambas
1090 1597 1253 1653 substantias
1278 1605 1439 1670 peraequata.
1455 1597 1523 1654 Ecce
1546 1597 1617 1654 enim
1634 1639 1642 1669 ,
1657 1615 1690 1655 ex
1709 1614 1780 1671 qua-

127 1694 238 1746 totum:
263 1684 397 1758 siqnidem
435 1686 640 1759 transgressio,
671 1703 731 1760 qua
768 1687 927 1759 perditionis
981 1701 1096 1758 cumque
1124 1684 1271 1741 substantia
1302 1687 1438 1742 bominem
1467 1686 1571 1757 perisse
1595 1702 1778 1759 praeaumpse·

128 1778 255 1835 humanae
277 1790 370 1832 caussa
385 1781 437 1845 εει,
463 1782 518 1831 tam
546 1775 643 1831 animae
671 1775 846 1833 instinctuex
860 1793 929 1834 con·
943 1753 967 1832 Β
983 1778 1043 1846 ris,
1069 1793 1101 1834 ex
1124 1778 1209 1833 altera
1243 1793 1297 1832 non
1321 1776 1414 1846 perit.
1439 1775 1534 1831 Salius
1559 1791 1627 1849 ergo
1650 1776 1703 1833 erit
1722 1778 1780 1847 jam

131 1863 305 1936 cupiscentia,
324 1879 404 1935 quam
428 1871 454 1920 et
473 1863 561 1919 carnia
590 1871 651 1922 actu
674 1881 708 1923 ex
735 1865 927 1936 degustatione
979 1883 1011 1922 ex
1040 1884 1093 1939 qua
1120 1883 1177 1923 non
1203 1865 1289 1938 perit,
1311 1875 1338 1922 et
1366 1865 1456 1920 saluus
1484 1862 1658 1920 nibilominus
1681 1863 1728 1921 fret
1747 1879 1781 1920 ex

131 1953 298 2022 commisse,
330 1959 416 2007 totum
444 1952 580 2008 hominem
615 1954 705 2027 elogio
731 1954 927 2028 transgressio·
980 1971 1034 2028 qna
1062 1955 1142 2026 perit.
1172 1954 1262 2011 Rabes
1298 1955 1379 2010 totius
1414 1951 1531 2008 bominis
1553 1951 1779 2021 restitutionem,

129 2042 175 2096 nis
193 2039 251 2113 (ab)
265 2041 411 2111 inscripsit,
427 2050 508 2114 atque
528 2042 625 2099 exinde
648 2043 745 2100 merito
770 2042 928 2117 perditionis
979 2043 1044 2100 dum
1072 2051 1099 2099 et
1125 2044 1314 2117 quodcumque
1341 2040 1502 2115 eiqsperit,
1528 2041 1633 2097 saltum
1661 2040 1782 2098 facturus

82 2168 85 2173 -
127 2128 260 2199 impleuit.
278 2130 365 2186 Totus
380 2130 470 2202 itaque
485 2133 574 2189 saluus
588 2131 647 2201 fiet,
659 2131 704 2203 qui
724 2133 805 2204 periit
817 2134 842 2172 ⁶²
856 2141 927 2189 totus
980 2140 1022 2189 est
1038 2133 1186 2202 Dominus3
1214 2142 1241 2189 et
1268 2131 1458 2206 quodcumque
1486 2146 1541 2187 non
1569 2130 1659 2203 perit,
1689 2132 1783 2202 utique

126 2216 313 2292 delinquendo
323 2219 372 2273 ⁶³:
398 2218 449 2274 nisi
477 2220 500 2275 si
526 2227 552 2277 et
578 2220 635 2276 oris
663 2220 706 2276 iila
730 2222 788 2279 siae
814 2236 928 2294 corpore
980 2221 1107 2299 uenerit
1132 2221 1298 2290 perditurus.
1326 2218 1394 2288 Quis
1422 2219 1494 2278 oltra
1517 2219 1783 2289 deutriusquesub·

125 2307 270 2380 amittitur,
285 2317 313 2364 et
327 2307 385 2365 aine
408 2323 523 2381 corpore
544 2317 698 2366 revocatur.
723 2310 790 2365 Nam
812 2311 836 2367 si
864 2324 927 2366 caro
980 2310 1087 2366 stantiae
1101 2310 1244 2367 securitate
1267 2309 1401 2367 dubitabit
1427 2309 1463 2379 66,
1483 2325 1545 2365 oum
1559 2307 1643 2364 altera
1657 2307 1682 2347 66
1707 2308 1782 2364 salu·

126 2396 391 2470 qnoqoeejuacum
418 2397 506 2452 anima
535 2398 617 2470 (quod
637 2414 720 2471 pecus
751 2406 836 2454 totrrm
862 2401 928 2468 εει)
980 2410 1040 2455 tem
1049 2406 1225 2456 consecutura
1243 2399 1288 2478 sit,
1303 2398 1386 2455 altera
1400 2400 1534 2454 amissura
1557 2413 1616 2454 eam
1645 2397 1783 2454 nonsit?

127 2486 253 2543 humeris
274 2485 341 2541 boni
364 2486 480 2557 pastoris
507 2487 658 2553 advehitur,
683 2503 716 2544 ex
732 2498 846 2558 utraque
871 2486 927 2544 uti·
979 2488 1013 2544 Et
1044 2500 1134 2559 tamen
1163 2488 1253 2546 adbuc
1276 2503 1387 2545 sensum
1421 2486 1462 2541 rei
1487 2485 1615 2556 exprimit
1637 2485 1782 2553 Dominus,

127 2589 185 2646 que
199 2574 346 2632 substantia
372 2574 535 2631 restituendi
563 2575 682 2632 bominis
697 2576 850 2646 exemplum
874 2583 926 2632 est.
981 2579 1044 2649 Epa,
1060 2578 1163 2646 dicens,
1180 2579 1252 2644 ueni,
1262 2593 1320 2635 non
1334 2579 1368 2632 nt
1383 2592 1486 2639 meam,
1503 2575 1551 2632 scd
1562 2579 1595 2631 ut
1608 2576 1716 2643 Patris,
1732 2590 1781 2648 qai

126 2662 281 2738 Antquam
301 2666 443 2739 indignum
458 2667 527 2732 Deo,
544 2662 836 2722 dimidiumbominein
858 2666 929 2721 redi·
978 2668 1128 2733 naisitme,
1149 2664 1459 2736 faciamuolantclem.
1488 2662 1586 2731 Quam,
1607 2678 1656 2719 oro
1677 2662 1731 2717 te?
1749 2664 1782 2720 Ut

127 2770 197 2827 gere
219 2754 400 2812 insalutem‘l
422 2756 493 2811 Perre
509 2753 596 2813 812}
611 2756 836 2821 madefacere,
866 2771 928 2810 cum
979 2767 1061 2809 omne
1071 2753 1142 2825 qaod
1156 2752 1233 2809 dedit
1248 2748 1391 2815 miliimon
1399 2749 1516 2822 perdam
1527 2765 1563 2805 erc
1573 2765 1604 2806 eo
1615 2750 1780 2821 quidquam,

128 2844 213 2905 etiam
225 2844 394 2901 saecularium
418 2844 570 2915 principum
603 2846 685 2916 plena
706 2860 812 2917 semper
838 2844 928 2899 indul·
981 2844 1029 2899 sed
1043 2843 1211 2900 resuscitem
1225 2838 1300 2896 ettad
1315 2840 1346 2894 in
1362 2838 1515 2895 nouissima
1526 2836 1581 2892 die.
1596 2833 1780 2902 Quidal’atre

131 2932 225 3009 gentis
237 2935 290 3006 (bb)
301 2935 461 2992 vindicetur.
477 2935 608 2991 Diabolus
627 2934 739 2993 ualidior
769 2934 795 2989 in
814 2932 931 2989 bominis
986 2931 1109 2987 Christus
1136 2933 1287 3000 acceperat,
1308 2927 1358 2981 nisi
1373 2926 1444 2999 quod
1468 2933 1495 2980 et
1519 2924 1640 2980 induerat
1657 2924 1782 2979 lllomi-

128 3004 446 3096 injuriam'intelligitur,
463 3035 547 3082 totum
571 3039 632 3081 eum
652 3024 783 3091 elidens,
802 3022 873 3077 Deus
888 3021 933 3076 in-
949 3030 971 3110 ῦ
986 3036 1047 3089 uem
1062 3018 1120 3074 sine
1133 3017 1227 3086 dnbio,
1249 3016 1341 3071 carnis
1364 3014 1515 3086 animmque
1537 3021 1680 3069 texturam.
1708 3013 1781 3069 Neu-

132 3109 237 3167 erior
260 3114 479 3181 renuntiabitur,
501 3129 554 3170 non
588 3120 672 3168 totum
696 3127 758 3166 eum
781 3110 933 3167 relevans?
987 3118 1057 3166 trum
1085 3121 1152 3179 ergo
1176 3121 1280 3174 eorum,
1309 3119 1371 3174 quae
1393 3103 1505 3174 accepit,
1527 3101 1616 3173 perire
1644 3103 1780 3172 patietur,

130 3199 232 3272 thnin
246 3207 271 3256 et
284 3201 435 3289 apostolus
448 3203 570 3276 suggerit
580 3201 712 3272 (Romu),
728 3198 778 3257 nbi
792 3199 932 3256 delictum
986 3197 1071 3255 8ss
1081 3197 1136 3252 imo
1149 3211 1198 3251 nec
1220 3192 1370 3266 quidquam
1382 3191 1524 3262 utriusque
1540 3212 1547 3261 ;
1575 3190 1630 3246 imo
1649 3207 1699 3247 nec
1718 3205 1780 3244 mo-

130 3288 329 3361 abuadaacn'l,
358 3292 418 3348 illic
440 3292 565 3363 gratiam
588 3289 840 3363 superabundasse.
854 3285 932 3356 Quo·
984 3288 1085 3344 dicum.
1103 3284 1181 3355 Quod
1201 3285 1224 3338 si
1252 3280 1388 3338 modicum
1413 3294 1477 3337 caro
1491 3277 1559 3349 (58),
1575 3293 1639 3352 ergo
1654 3294 1704 3334 nec
1719 3294 1782 3333 aar·

129 3374 217 3433 modo
244 3375 360 3451 denique
398 3378 489 3434 saluus
518 3378 681 3447 habebitur,
710 3376 756 3450 qni
786 3375 883 3448 poterit
904 3382 932 3432 ει
985 3394 1058 3446 uem,
1073 3374 1138 3447 quia
1153 3388 1203 3430 nee
1230 3371 1385 3428 modicum:
1413 3366 1635 3441 necquidquam,
1650 3366 1715 3437 qnia
1734 3382 1784 3423 nec

130 3463 256 3539 perditus
274 3464 338 3531 dici,
367 3482 450 3522 carne
468 3466 572 3524 scilieet
594 3466 727 3540 perditus,
748 3464 837 3521 anima
865 3478 930 3520 vero
983 3465 1128 3537 quidquam
1142 3461 1177 3517 66.
1193 3461 1304 3533 Atquin,
1325 3457 1348 3512 si
1363 3473 1416 3515 non
1434 3466 1461 3513 et
1487 3470 1595 3512 carnem
1613 3453 1785 3511 resuscitabit

130 3555 236 3626 ειιειιε,
252 3554 390 3626 niaiqnod
401 3557 458 3627 jam
479 3564 507 3613 ει
529 3555 617 3612 anima
646 3557 673 3612 in
695 3556 801 3626 perdito
828 3553 931 3610 consti·
980 3552 1129 3626 ¹nouissima
1154 3549 1206 3617 die,
1225 3549 1282 3620 jam
1305 3560 1362 3603 non
1389 3545 1526 3602 modicum
1553 3544 1669 3616 patietur
1691 3545 1781 3617 perire

131 3653 227 3703 tuetur
241 3661 350 3703 neeesse
364 3656 416 3716 est,
441 3652 471 3703 ut
494 3646 566 3702 salva
589 3645 658 3702 ellici
678 3643 791 3718 possit?
810 3644 839 3700 ld
857 3643 930 3699 enim
984 3641 1018 3696 de
1034 3642 1141 3697 homine
1156 3634 1239 3709 qaod,
1260 3651 1309 3707 pro
1338 3642 1410 3690 tanta
1434 3631 1551 3690 dixerim
1579 3639 1665 3704 parte,
1693 3646 1780 3705 prope

815 3770 910 3834 Variae
926 3772 1082 3834 lectiones.

171 3869 279 3926 ⁶¹1licis
297 3872 385 3928 Rben.
407 3871 492 3928 Semi.
509 3870 534 3908 ⁶²
549 3869 623 3927 Perit
636 3871 725 3926 Rben.
742 3871 802 3940 Rip.
824 3870 885 3926 Van.
898 3867 984 3926 Semi.
1001 3866 1026 3904 66
1038 3866 1122 3920 Totus
1133 3862 1198 3918 add.
1214 3863 1293 3917 Pam.
1315 3860 1402 3915 Fran.
1418 3857 1513 3927 66ιὶιιε
1527 3859 1614 3914 Fran.
1629 3856 1655 3897 66
1666 3858 1787 3915 Postulat

132 3943 196 4015 Rip.
221 3943 284 4000 Ven.
296 3942 321 3981 ⁶⁶
332 3942 471 3999 Dubitavit
485 3945 565 3999 Pam.
577 3945 661 3999 Fran
677 3942 700 3979 ⁶⁷
713 3940 846 3996 Alterutra
857 3940 945 3997 Rben.
961 3938 986 3976 66
998 3937 1067 4006 Quia
1076 3951 1126 3991 nec
1141 3933 1286 4006 quidquam
1309 3931 1413 3988 abram
1430 3930 1546 3987 aRben.
1559 3931 1643 3988 Semi.

829 4028 1079 4092 Commentarius.

131 4137 165 4188 nt
179 4127 213 4186 de
227 4129 326 4198 spiritu
347 4128 523 4201 intelligenda
538 4129 601 4185 sint.
635 4128 800 4198 Verbaque
824 4125 934 4198 loquor,
988 4123 1115 4195 Bingium
1124 4127 1165 4202 eat
1182 4117 1303 4200 criminis
1317 4124 1345 4173 et
1366 4114 1510 4196 sententiae
1530 4115 1642 4185 publica
1656 4123 1683 4170 ει
1718 4115 1787 4188 legi-

132 4202 174 4258 ait
183 4201 518 4284 dbristus,spin’tnssnnt
527 4205 556 4258 et
569 4202 629 4258 uita
638 4220 651 4282 1,·
664 4197 852 4323 βςυεειεετὲο
860 4204 932 4277 suut:
988 4194 1053 4274 tima
1071 4190 1345 4274 manifestatumque
1364 4187 1500 4241 interdum
1518 4185 1603 4267 debat
1624 4198 1690 4242 voce
1713 4203 1787 4256 prae-

133 4281 244 4343 sapiunt
270 4282 447 4344 preterquam
479 4276 585 4328 sonant.
615 4272 781 4327 Liuiamenta
836 4268 933 4335 bristi,
987 4279 1075 4328 conis,
1104 4262 1240 4317 interdum
1268 4259 1345 4316 titulo
1372 4257 1490 4327 quodam
1516 4264 1648 4326 inscripta
1677 4256 1785 4313 tabella.

134 4343 174 4399 irn
210 4344 354 4400 oCbristi
379 4343 514 4412 sanctitas,
539 4342 653 4413 justitia,
686 4340 795 4397 veritae.
826 4338 935 4405 Paulus,
988 4334 1055 4389 Lae.
1228 4402 1233 4413 ι
1341 4399 1346 4412 ¹
1389 4398 1394 4410 ι
1701 4398 1706 4409 ¹

1024 4404 1082 4478 (bd)
1094 4402 1283 4461 saeculariam
1300 4413 1464 4469 princepum
1476 4396 1562 4468 plena
1571 4411 1682 4468 semper
1695 4397 1789 4455 andal-

989 4479 1096 4550 gentia,
1116 4481 1168 4531 etc.
1195 4474 1251 4527 lloc
1276 4471 1386 4526 uerbum
1405 4480 1536 4538 usurpare
1560 4481 1592 4523 ea
1619 4475 1684 4522 aetas
1706 4469 1788 4549 uulgo

132 4416 148 4472 1
172 4431 186 4468 a
236 4414 357 4472 Corinth.
388 4417 552 4471 suasioni
579 4413 755 4485 pernovimus
776 4410 973 4509 imaginem„

136 4487 257 4558 terrem,
269 4490 416 4560 pertentas
439 4486 593 4557 imaginem
606 4486 733 4542 celestis.
749 4483 811 4538 Rue.
1055 4550 1060 4560 .
1122 4547 1128 4558 ο
1172 4544 1177 4556 Ι
1326 4541 1331 4552 ⁸

173 4558 315 4629 (bailiam
329 4557 427 4615 etidea
440 4557 677 4630 praestruximus,
694 4552 938 4625 tamcorpasani·
989 4558 1084 4621 coeprt.
1101 4546 1146 4602 Sic
1171 4543 1259 4624 inira:
1278 4540 1333 4624 ‘.s.¹
1357 4553 1412 4620 non
1432 4551 1542 4594 omnem
1574 4536 1701 4608 lacrymae
1732 4557 1787 4594 un-

133 4645 201 4695 mec,
213 4636 265 4685 eta.
282 4631 348 4702 Cap.
366 4632 411 4698 ld,
422 4630 579 4699 praestruxit
607 4631 710 4683 Auctor
737 4632 893 4705 utrumque,
909 4632 937 4680 et
989 4622 1064 4677 brem
1086 4617 1256 4691 indulgentia
1270 4614 1495 4693 diurnasrccaret.
1514 4626 1525 4657 s
1543 4607 1636 4664 Runu.

132 4699 255 4755 munaus
279 4708 307 4757 ει
341 4714 441 4773 eorpus
467 4699 615 4756 obnoxium
642 4712 703 4754 esse
731 4696 773 4753 rel
803 4693 937 4765 supplicio
1026 4691 1082 4763 (57)
1095 4691 1162 4747 Nolo
1176 4701 1253 4744 nanc
1269 4687 1441 4743 contentioso
1464 4681 1536 4750 sane
1550 4679 1696 4736 deducere.
1719 4680 1788 4736 Pro·

132 4772 181 4826 vel
204 4772 324 4839 praemio,
352 4780 380 4827 et
400 4787 472 4842 cap.
489 4773 541 4838 Π,
570 4770 698 4840 quoniam
722 4769 813 4824 anima
841 4764 937 4821 fuisset
991 4761 1142 4818 verbialiter
1155 4759 1256 4814 dictum
1271 4756 1305 4811 de
1319 4752 1484 4826 argumentis
1503 4765 1564 4804 cum
1590 4750 1710 4820 prolixis,
1731 4760 1788 4808 turn

133 4843 367 4913 corporea,juxta
389 4859 467 4897 sunm
492 4840 628 4916 placitum,
649 4855 747 4909 corpus
768 4839 810 4894 sui
830 4837 937 4919 generis
990 4832 1138 4906 perplexis.
1155 4831 1246 4912 Raram.
1294 4898 1299 4908 Ι
1645 4891 1651 4902 ·
1706 4891 1713 4902 θ

133 4912 253 4984 habens,
269 4914 389 4984 torqueri
411 4915 490 4968 etiam
508 4913 630 4983 probavit
654 4911 713 4966 sine
735 4925 816 4968 carne
834 4925 862 4963 rn
892 4909 936 4963 iu·
1025 4904 1081 4976 (58)
1097 4902 1210 4972 Quodn
1223 4898 1367 4955 modicum
1385 4909 1462 4960 caro,
1490 4898 1541 4948 ete.
1560 4890 1664 4948 Alludut
1688 4895 1731 4948 bro
1753 4890 1788 4946 ud

134 4984 228 5051 ierne,
243 4984 302 5040 ideo
316 4985 353 5039 ait
366 4984 478 5040 biotam
493 5001 594 5057 corpas
609 4984 716 5038 areima
731 4997 816 5054 qnam
828 4982 936 5047 carnis,
991 4984 1174 5056 contemptum
1204 4971 1316 5051 borum
1337 4965 1531 5049 baereticorum,
1553 4961 1582 5019 in
1605 4979 1713 5046 carnem
1737 4979 1789 5020 no·

134 5055 200 5129 quia
215 5062 243 5112 et
258 5055 355 5111 animae
369 5055 444 5111 dedit
456 5071 566 5127 corpus.
582 5055 650 5111 Lac.
992 5054 1085 5115 stram,
1102 5058 1225 5116 quaeum
1240 5039 1435 5110 despiciebant,
1458 5045 1488 5092 ut
1506 5034 1587 5090 uilem
1603 5078 1610 5101 ,
1640 5035 1763 5093 frivolam
1780 5077 1788 5106 ,

171 5125 586 5198 (54)Saluaunimali.ldest,
615 5122 938 5190 inconcussacorporali-
991 5128 1019 5174 et
1038 5117 1137 5173 nullius
1152 5111 1299 5189 diguitatis,
1314 5119 1340 5167 et
1359 5122 1441 5180 supra
1458 5113 1583 5187 nauseat
1600 5118 1787 5190 insinuatum;

137 5197 328 5266 tateanimre3
357 5198 394 5253 ita
417 5198 489 5254 euim
510 5195 567 5253 vult
586 5195 620 5251 ad
634 5193 852 5267 corporalitatem
879 5209 938 5250 car·
992 5205 1053 5245 nam
1077 5189 1128 5244 etsi
1156 5187 1200 5268 ita·
1215 5189 1344 5265 assequi
1366 5195 1435 5261 earo·
1452 5178 1519 5260 adeo
1538 5177 1599 5232 uilis
1626 5190 1653 5235 et
1679 5180 1787 5260 modica

137 5267 181 5323 nis
191 5268 302 5337 referri,
317 5284 379 5343 quae
403 5269 438 5325 de
466 5266 663 5324 resurrectione
692 5265 884 5335 praedicuntur,
907 5270 939 5320 ut
993 5261 1147 5326 spissatur
1175 5260 1202 5313 br
1215 5258 1338 5337 baeretici
1357 5257 1544 5335 conviciantur
1560 5290 1567 5318 ,
1583 5247 1672 5305 adhuc
1700 5265 1788 5330 suscr-

135 5352 194 5394 non
214 5340 316 5399 obinde
339 5349 439 5412 negent
466 5339 583 5394 animam
609 5337 710 5393 babere
732 5351 811 5392 suum
837 5350 939 5406 corpus
991 5332 1165 5397 tandaesset,
1186 5328 1441 5408 necenrmmodica
1456 5329 1520 5376 sunt
1534 5334 1619 5393 opera
1633 5335 1681 5390 per
1705 5335 1788 5375 mim-

136 5410 266 5483 spcoiale,
288 5411 336 5467 sed
351 5411 441 5467 statim
463 5411 582 5468 ostendit
597 5409 766 5480 paradoxum
781 5408 833 5463 boe
856 5406 939 5475 placi·
991 5404 1104 5459 sterium
1120 5403 1190 5458 lacta
1202 5410 1228 5456 ut
1252 5397 1454 5479 negligantura
1474 5392 1563 5473 ⁸Deo,
1591 5396 1619 5470 at
1647 5400 1789 5463 propterea

135 5490 196 5538 tum
210 5497 273 5539 cum
289 5483 488 5556 subdiapason
503 5485 648 5556 ei,ipsana
660 5478 937 5553 pancircceperont,·
992 5475 1178 5537 resuscitanda
1191 5480 1232 5528 est
1247 5484 1309 5528 caro
1336 5469 1369 5524 ad
1395 5466 1529 5538 Judlclttm
1553 5463 1614 5526 Der,
1646 5470 1676 5516 ut
1698 5478 1784 5535 argu·

133 5568 237 5626 nempe
252 5555 472 5627 corporalitatem
481 5555 588 5609 animae.
605 5554 670 5610 Lac.
992 5555 1128 5605 mentatur
1136 5546 1321 5615 Athenagoras
1335 5539 1369 5596 de
1387 5551 1488 5596 resurr.
1504 5532 1570 5588 Lae.

171 5623 233 5697 (ab)
251 5628 349 5685 Totam
368 5625 511 5687 bominem
525 5626 611 5697 elogio
627 5618 869 5695 transgressionis,
885 5626 940 5676 eto.
