3840 6134
132 312 182 373 433
542 350 545 358 ·
731 317 796 378 titt.
818 317 851 378 tv
873 318 949 380 abl.
971 319 1172 385 MARCIONEM.
1733 334 1785 396 idi

129 446 323 527 argumentum
351 453 384 495 eo
402 438 559 512 pertinebit,
575 449 609 498 ut
631 457 692 499 cnm
719 443 803 516 podes
826 445 973 544 hominist
989 450 1050 520 ejus
1063 449 1447 526 lleiquinaseiteourminari,
1460 457 1592 530 quianon
1607 459 1784 521 noritiraaoi.

129 528 232 587 assulis
250 527 356 602 agerer,
378 526 504 601 lacrymis
527 530 679 600 inundaret,
700 533 823 592 crinibus
840 535 933 593 doter-
987 538 1069 595 btiror
1081 547 1171 598 antem
1191 557 1252 597 cum
1280 544 1418 602 lucernam
1435 553 1516 618 negat
1537 547 1667 606 abscondi
1687 551 1785 622 solem,

129 626 216 694 peret,
227 624 371 690 unguento
379 617 550 692 perduceret,
558 619 638 677 solidi
647 622 771 695 corporis
779 623 930 694 ueritatem,
987 627 1034 700 qui
1047 643 1077 685 se
1090 633 1166 687 muto
1174 631 1277 688 seculo
1289 631 1464 690 absconderat
1477 635 1565 704 maius
1578 643 1606 691 et
1618 640 1787 697 ιεειιιιήιιι

129 723 182 766 non
203 706 367 780 phantasma
381 706 462 765 inane
484 709 650 767 tractaverit.
668 712 703 768 ill
724 720 756 769 ut
777 713 934 784 peccatricis
985 714 1087 783 lumen,
1106 733 1168 775 curn
1183 719 1274 775 omnia
1288 720 1324 778 de
1337 722 1443 780 occulto
1457 722 1485 777 iu
1499 730 1625 795 apertum
1638 729 1786 799 repromit-

127 796 289 874 preuitentia
313 795 463 854 seeundum
485 796 638 857 Creatorem
673 801 804 860 meruerit
826 804 932 859 reniam
987 804 1026 872 tit,
1051 807 1099 880 qui
1121 807 1209 865 Deum
1237 823 1316 866 sunm
1342 825 1429 883 usque
1447 810 1537 868 adhue
1562 814 1714 883 obumbrat,
1742 834 1787 875 ex·

128 899 291 961 praeponere
314 883 424 941 solitum
448 885 590 942 sacmfido.
607 885 660 943 Sed
685 896 711 944 et
729 887 754 943 si
768 889 933 960 poeuitentiue
984 903 1120 967 spectans,
1145 897 1254 968 opinor,
1290 900 1365 956 nasci
1391 898 1567 958 Marcionem.
1594 903 1727 962 Venimus
1752 908 1787 963 ad

127 975 254 1033 mimulos
278 989 313 1030 ex
348 972 402 1032 lide
435 974 578 1044 acciderat,
606 990 656 1047 ρει
688 976 874 1047 paenitentiam
897 993 932 1036 ea
985 984 1235 1042 constantissimum
1258 997 1447 1061 argumentum
1470 988 1590 1047 omnium
1608 991 1656 1064 qui
1676 994 1788 1051 Domini

127 1061 429 1139 tusjustificatam,ab
444 1078 478 1119 eo
491 1064 576 1120 audiit
594 1081 601 1118 ι
617 1065 696 1122 lidae
710 1069 763 1123 tua
777 1071 805 1123 te
823 1067 933 1125 saluam
986 1073 1151 1131 nativitatem
1174 1074 1203 1130 iu
1230 1076 1445 1133 controversiam
1472 1077 1611 1136 delerant.
1641 1081 1712 1152 lpse,
1740 1082 1785 1138 in-

126 1156 194 1227 (ecit
206 1153 322 1227 (ldattlr.
338 1166 380 1221 rx,
394 1151 440 1224 22)
460 1170 467 1206 :
483 1152 531 1224 qui
546 1170 595 1225 per
613 1152 795 1225 liubusuam,
818 1156 846 1226 t)
865 1171 931 1229 pro·
985 1163 1089 1233 quiunt,
1100 1171 1266 1221 contestatur
1281 1181 1375 1224 senon
1385 1173 1564 1237 esscnatum,
1574 1169 1709 1230 dicendo:
1723 1174 1789 1243 Quae

127 1244 263 1300 nuntiarat
277 1260 284 1300 :
297 1243 398 1300 duatus
412 1256 449 1297 ea
461 1242 517 1312 fide
531 1258 584 1298 aaa
598 1244 673 1300 nivet
687 1243 722 1299 ²⁸.
985 1251 1058 1308 milri
1071 1257 1173 1319 muter,
1189 1256 1274 1327 etqui
1287 1257 1359 1312 milui
1368 1256 1499 1329 [rammi
1514 1259 1553 1313 lta
1563 1274 1672 1328 semper
1680 1260 1789 1319 haereti-

419 1384 534 1444 caru
558 1387 638 1443 ut·
985 1342 1790 1504 fitistii-iiiiiilltrltilitttt·

1181 1474 1189 1500 2
1779 1481 1786 1505 ν

158 1509 238 1580 Quod
250 1510 352 1567 diuites
363 1509 474 1567 cbristo
484 1508 618 1569 mutieres
629 1511 821 1582 adherebant,
835 1530 898 1587 quaa
905 1519 933 1573 et
986 1520 1167 1593 simplicitatis
1176 1523 1332 1581 conditione
1344 1523 1498 1582 dissolvunt
1507 1533 1536 1582 ut
1546 1525 1599 1583 hoc
1608 1525 1636 1581 in
1646 1526 1716 1584 loco.
1729 1528 1787 1585 Nos

127 1604 157 1661 da
170 1601 361 1675 fuealintidtas
376 1601 436 1656 auis
449 1600 655 1660 ministrabunt
671 1603 709 1669 ei,
724 1603 804 1661 inter
818 1618 888 1676 quat
904 1611 933 1663 et
986 1609 1120 1667 contrario
1139 1609 1255 1666 dicimus
1271 1626 1278 1666 ι
1294 1612 1392 1683 primo,
1407 1628 1463 1670 non
1486 1613 1610 1685 potuisse
1625 1614 1663 1669 illi
1676 1619 1787 1672 'annun-

128 1709 202 1751 aaor
215 1691 291 1780 repis
299 1692 496 1764 procuratoris
506 1692 583 1763 (lae.
595 1691 668 1763 urar),
680 1692 715 1748 de
728 1694 870 1765 prophetia
879 1703 928 1751 eat.
985 1698 1055 1764 tisri,
1076 1698 1149 1770 quod
1164 1706 1290 1756 meteret
1310 1699 1411 1757 iratres
1432 1701 1494 1771 aius
1514 1701 1582 1758 ioris
1596 1708 1697 1759 starent
1710 1720 1787 1773 quae-

128 1785 183 1841 liaa
197 1781 269 1837 enirn
281 1780 395 1837 rorabat
409 1795 457 1850 ρει
476 1779 574 1836 leniam
589 1781 693 1852 (anxir,
710 1781 740 1853 a)
768 1799 777 1838 t
803 1784 931 1843 astraea
946 1746 970 1826 Β
984 1795 1077 1846 rentes
1099 1786 1192 1845 videro
1218 1803 1290 1858 eum,
1311 1787 1334 1844 si
1356 1789 1430 1844 nulla
1457 1788 1497 1844 illi
1525 1797 1612 1847 mater
1638 1798 1666 1847 ct
1691 1792 1788 1850 iratres

133 1871 392 1941 divitumque,
405 1872 434 1925 et
445 1869 934 1944 auditeuoeemmeam,·utdiscipu-
987 1878 1052 1933 nulli
1076 1876 1198 1947 luissent,
1228 1892 1298 1950 quos
1316 1877 1410 1950 ntique
1430 1884 1509 1934 norat
1534 1880 1580 1951 qui
1604 1878 1787 1950 adnuntiaret,

135 1960 175 2017 las
192 1958 286 2031 primo,
301 1957 396 2014 dehinc
410 1966 441 2015 ut
464 1960 603 2031 operarias
626 1968 654 2015 et
678 1960 817 2018 ministras
838 1971 931 2021 osten·
986 1967 1027 2023 rel
1045 1965 1120 2023 'retro
1141 1972 1220 2022 notos
1236 1982 1244 2019 ι
1259 1966 1304 2024 rel
1331 1971 1395 2023 tuuc
1418 1965 1520 2023 ibidem
1539 1973 1702 2038 compertos,
1722 1967 1787 2025 dnm

132 2048 207 2127 dere}
230 2064 238 2102 ε
262 2046 352 2116 Filiae,
378 2049 408 2104 in
426 2064 474 2121 spe
492 2048 592 2106 audite
610 2050 933 2109 amarmurmulus
986 2070 1049 2113 eum
1062 2054 1155 2112 ridere
1176 2054 1339 2126 desiderant,
1353 2055 1398 2112 uel
1411 2055 1477 2112 dnm
1502 2055 1553 2129 ipsi
1568 2056 1690 2112 nuntium
1705 2072 1785 2114 ruau-

128 2136 188 2193 aunt
216 2144 382 2194 mementote
403 2153 464 2193 curn
490 2137 585 2194 labore
607 2137 634 2193 in
664 2153 721 2209 spe.
745 2138 814 2197 Cum
839 2138 931 2197 labore
985 2144 1058 2201 dant.
1074 2143 1117 2199 Ad
1132 2144 1201 2199 hauc
1222 2143 1337 2215 primam
1354 2143 1571 2216 propositionem
1593 2152 1714 2203 nostram
1740 2160 1786 2204 so·

128 2227 196 2284 euim
216 2241 275 2300 quo
292 2226 486 2299 sequebantur,
513 2233 541 2282 et
566 2230 601 2284 ob
620 2242 707 2301 spem,
731 2227 930 2286 ministrabant.
984 2230 1021 2288 let
1047 2247 1081 2287 ex
1103 2230 1212 2287 dirersn
1236 2231 1396 2303 responderi
1412 2249 1419 2286 :
1435 2230 1507 2302 Quid
1528 2231 1602 2288 enirn
1626 2231 1784 2290 siteutandi

126 2314 209 2390 Eque
231 2315 269 2372 de
291 2314 426 2388 parabolis
447 2316 532 2372 semel
557 2315 675 2373 sufficet
698 2318 853 2390 probatum,
877 2319 931 2375 boc
983 2321 1070 2395 pratia
1096 2319 1246 2376 nuntiatum
1270 2326 1313 2377 est
1334 2321 1384 2377 ei?
1411 2320 1463 2376 Sed
1492 2321 1545 2378 boc
1571 2319 1709 2395 Scriptura
1729 2336 1785 2379 non
1879 2342 1885 2349 ·

126 2420 208 2481 mnus
222 2403 327 2476 eloquii
350 2420 364 2460 a
386 2404 516 2462 Crantore
540 2407 715 2478 promissum.
732 2406 768 2462 ht
786 2421 859 2464 nuuc
886 2405 930 2462 illa
983 2412 1059 2480 uicit,
1088 2425 1149 2483 quae
1172 2418 1274 2482 quanto
1304 2408 1457 2487 significare
1484 2410 1554 2466 solet
1578 2425 1611 2465 ex
1639 2410 1784 2468 enudans

127 2506 231 2567 quoque
241 2492 427 2566 pronuntiatio
441 2494 502 2565 ejus
520 2494 553 2549 ad
569 2494 700 2567 populum
713 2494 780 2566 (isa.
795 2510 835 2559 vr,
854 2495 900 2567 io)
920 2511 928 2551 t
983 2499 1047 2572 quid
1070 2500 1170 2557 iactum
1192 2502 1267 2568 (Luc.
1283 2499 1315 2569 x)
1332 2515 1339 2556 :
1355 2500 1424 2557 Eece
1440 2499 1506 2571 lapis
1525 2499 1623 2556 docter
1635 2500 1784 2558 assuescit

129 2582 198 2642 lare
214 2582 351 2649 audietis,
369 2580 454 2639 tou
466 2589 494 2640 et
507 2599 565 2639 aon
580 2583 720 2650 audietisr
736 2582 810 2638 dedit
823 2581 930 2640 Christo
985 2594 1098 2647 tentans
1113 2604 1198 2656 epam
1214 2596 1242 2644 eu
1255 2588 1289 2644 de
1299 2587 1393 2644 triburi
1408 2587 1603 2644 consultatione
1619 2607 1626 2646 :
1642 2591 1681 2644 pp
1694 2604 1785 2647 acm.

128 2670 280 2746 lrequeuter
298 2671 434 2730 inculcare
450 2691 458 2727 ι
476 2673 529 2742 Qui
542 2671 625 2730 babet
639 2688 736 2745 nares,
747 2673 859 2730 audiat.
870 2674 930 2729 Non
983 2683 1082 2738 sempe
1092 2678 1129 2734 ad
1142 2693 1206 2735 enm
1225 2677 1364 2734 Phocasaea·
1374 2680 1519 2735 tentantes
1534 2693 1599 2734 eam
1613 2678 1690 2746 (Luc.
1706 2679 1758 2748 xx)
1775 2695 1781 2740 ;

130 2762 200 2836 imi
224 2779 259 2820 εἰ
283 2761 439 2819 diversitate
458 2763 578 2818 auditum
602 2761 770 2835 permistim
793 2760 929 2827 Christus,
985 2776 1058 2825 tauto
1072 2766 1118 2823 ubi
1133 2784 1190 2824 non
1219 2767 1281 2825 iacit
1300 2766 1454 2823 tentationis
1478 2765 1641 2821 mentionem
1664 2779 1718 2821 uon
1733 2769 1782 2822 ad·

120 2868 205 2928 ‚pem
229 2850 378 2910 ademisset
400 2851 511 2908 Creator
540 2873 546 2910 :
576 2851 627 2907 sed
650 2849 714 2924 quia
740 2850 931 2907 comminatio·
985 2858 1066 2913 mittit
1094 2856 1249 2914 tentationis
1276 2856 1534 2926 interpretationem.
1571 2855 1606 2911 Et
1633 2860 1721 2910 ιιιιιειι
1749 2871 1781 2912 ει

133 2956 186 2999 auu
201 2940 357 2998 exhortatio
372 2941 557 3014 sequebatur:
577 2940 676 3013 primo,
696 2954 767 2997 aare
791 2939 931 3005 audietis
986 2945 1134 3002 abundanti
1165 2960 1277 3002 caussas
1309 2943 1464 3002 tentationis
1490 2944 1641 3017 expostulo,
1671 2943 1714 3001 cui
1744 2947 1780 3000 rei

133 3030 233 3098 dehinc,
253 3033 306 3107 par·
327 3031 409 3089 dahti
429 3047 523 3100 atres,
539 3030 650 3088 audiat.
669 3030 729 3085 Non
743 3028 814 3084 enirn
835 3027 930 3083 audie·
986 3032 1147 3089 munierint
1167 3033 1254 3101 titum,
1285 3049 1334 3104 per
1356 3033 1566 3091 nominationem
1582 3031 1670 3090 doh
1688 3034 1781 3089 matris

133 3119 189 3178 bant
212 3120 302 3190 uitro,
331 3120 377 3195 qui
404 3136 484 3178 aures
509 3120 664 3190 habehant;
694 3118 743 3174 sed
772 3116 930 3174 ostendebat
945 3136 967 3217 e
981 3130 1008 3179 et
1028 3122 1151 3179 iratrum.
1175 3122 1203 3177 Si
1232 3129 1262 3177 ut
1285 3120 1386 3177 scirent
1407 3129 1522 3177 natusne
1541 3128 1624 3193 esset,
1648 3138 1683 3178 an
1706 3136 1779 3184 nour

135 3224 206 3268 mas
233 3209 329 3268 cordia
356 3209 535 3277 necessarias,
568 3209 671 3282 quibus
694 3206 758 3263 illos
786 3206 927 3263 audituros
980 3210 1088 3283 quando
1101 3209 1136 3266 de
1149 3210 1202 3266 hoe
1215 3208 1266 3265 init
1279 3210 1405 3282 quaestio,
1425 3222 1507 3281 quam
1520 3224 1554 3264 ex
1568 3208 1621 3264 ista
1634 3208 1782 3267 teutationa

131 3307 237 3375 afflarat
255 3298 376 3356 Creator.
396 3299 429 3355 tit
448 3299 508 3355 ideo
522 3313 571 3370 per
588 3296 724 3355 Christum
743 3295 861 3366 adjicit:
881 3296 928 3353 Vi·
981 3300 1157 3356 discuterent.
1169 3297 1239 3370 Quis
1261 3305 1351 3354 autem
1374 3296 1509 3354 dubitaret
1528 3304 1631 3364 natum,
1647 3311 1730 3368 quem
1741 3298 1782 3354 ri-

131 3387 341 3464 dateqannsodo
359 3388 497 3456 audiatis,
513 3387 761 3456 etnonnadintis;
776 3385 928 3441 nantoade
981 3390 1058 3446 deret
1071 3389 1218 3456 hominem,
1231 3403 1310 3461 quem
1320 3385 1442 3443 audisset
1451 3385 1536 3442 tilium
1547 3384 1706 3443 sebomiuis
1720 3399 1785 3458 pru·
1895 3416 1900 3429 ·

131 3476 229 3536 ttilioet
255 3476 406 3545 audientes,
436 3477 485 3533 sed
517 3493 593 3537 aure.
619 3477 647 3533 Si
675 3475 787 3551 dignum
818 3489 928 3531 sensum
981 3476 1092 3541 iessnm,
1107 3490 1190 3548 quem
1199 3476 1233 3533 de
1242 3483 1391 3546 conspectu
1401 3471 1491 3529 omnis
1505 3474 1628 3529 humanae
1642 3472 1784 3545 qualitatis

132 3565 339 3639 pronuntiationi
361 3567 551 3623 accommodes
571 3581 620 3637 ριο
644 3579 725 3621 seusu
740 3563 801 3633 ejrrs
815 3563 862 3636 qui
876 3577 928 3618 au·
982 3565 1133 3622 dubitarent
1147 3566 1244 3634 Deum,
1255 3570 1302 3620 aut
1312 3562 1410 3618 Filium
1425 3561 1474 3618 Dei
1488 3561 1619 3619 credere?
1634 3563 1785 3636 propheten

134 3655 190 3714 litui
202 3655 362 3727 suscitabat,
378 3656 459 3713 etiarn
473 3655 598 3723 dicendo,
616 3656 707 3715 Videte
722 3652 855 3729 quemodo
874 3670 929 3710 aa·
981 3655 1087 3712 facilins
1105 3653 1300 3717 existimantes,
1318 3652 1378 3709 linet
1396 3665 1522 3723 magnum
1545 3651 1673 3722 aliquem,
1689 3650 1785 3724 utique

136 3743 223 3811 dialis,
248 3759 304 3801 uon
333 3744 464 3801 audituris
488 3744 651 3804 minabatur.
679 3745 749 3801 Saue
775 3742 930 3800 nominatur
984 3754 1073 3802 tamor
1100 3751 1203 3800 natum.
1228 3741 1343 3798 Etiamsi
1368 3740 1396 3796 in
1423 3738 1612 3811 exploratione
1640 3739 1786 3797 natiuitatis

139 3835 383 3905 uilissimnsDeus,
402 3834 465 3907 quia
492 3850 543 3890 nec
567 3835 683 3904 judicat,
711 3849 762 3890 neo
794 3832 929 3890 irascitur.
984 3833 1131 3891 tentandus
1160 3829 1265 3896 luisset,
1291 3830 1473 3903 quodcunque
1497 3828 1570 3883 aliud
1598 3837 1786 3903 argumentum

140 3920 183 3981 hoe
196 3923 297 3997 probat
310 3922 391 3979 etiam
405 3923 549 3993 subjacens
567 3936 664 3980 sensus
679 3940 686 3979 :
712 3924 746 3980 aa·
764 3924 813 3997 qui
837 3921 929 3991 tundet,
985 3922 1126 3980 tentationi
1140 3921 1324 3993 competisset,
1340 3934 1420 3992 quarn
1434 3932 1484 3989 per
1499 3932 1594 3975 aarum
1609 3932 1786 3991 personarum

142 4012 245 4071 tabitam
253 4035 264 4083 ;
275 4012 309 4070 ab
319 4029 350 4071 eo
361 4019 461 4071 auteur
471 4014 522 4087 qai
531 4030 589 4071 non
601 4015 692 4083 trabat,
704 4014 792 4069 etiam
801 4012 932 4086 quod'lru·
985 4011 1160 4078 mentionem,
1176 4024 1244 4082 quas
1258 4008 1347 4081 potuit
1360 4009 1443 4066 etiam
1456 4014 1535 4063 uatus
1544 4007 1719 4064 nonhabere.
1736 4005 1786 4063 Dic

141 4101 190 4165 iare
206 4109 335 4178 reputat
353 4107 504 4177 auferetur
520 4107 555 4163 ei.
581 4103 651 4174 Quid
669 4102 797 4159 dabitur?
812 4102 932 4172 adjectio
985 4100 1051 4158 milri
1069 4119 1075 4154 ι
1100 4098 1233 4156 Omnibus
1254 4097 1325 4154 natis
1346 4107 1431 4155 mater
1453 4096 1722 4155 advivitiomnibus
1736 4112 1786 4152 na·

142 4189 259 4259 liniaci
275 4192 443 4260 intellectus,
458 4194 589 4251 aelsalus
604 4193 673 4265 ipsa.
689 4191 759 4263 Quid
775 4189 932 4248 auferetur?
985 4191 1021 4247 tia
1035 4188 1234 4262 adgenerantur
1256 4194 1284 4242 ct
1307 4185 1424 4243 intrent
1447 4201 1501 4243 nou
1531 4186 1592 4242 licet
1613 4193 1704 4257 patres
1725 4201 1785 4240 ma-

144 4281 314 4359 Uh'quequod
341 4283 459 4342 dabitur.
480 4285 504 4340 Δ
528 4300 583 4356 quo
599 4283 929 4355 dabitur,etaulereturl
987 4280 1029 4354 gis
1056 4286 1084 4335 et
1109 4291 1218 4333 sorores
1246 4275 1358 4346 hahere,
1374 4275 1418 4332 vel
1446 4283 1473 4329 et
1491 4272 1651 4331 neminem?
1679 4271 1733 4329 Sed
1760 4283 1787 4329 et

144 4369 195 4429 Sia
216 4373 346 4429 creatore
362 4372 509 4444 auferetur,
525 4373 559 4429 ab
582 4389 616 4431 eo
635 4382 662 4429 et
682 4373 708 4413 ²⁹
730 4372 838 4427 dabitur
853 4390 860 4428 ι
876 4371 931 4426 sia
983 4384 1083 4428 census
1101 4372 1207 4423 constat
1225 4372 1301 4422 actos
1315 4365 1394 4433 (Luc.
1409 4363 1443 4434 rr)
1462 4363 1512 4419 sub
1536 4362 1663 4437 Augusto
1677 4377 1749 4419 uuna
1762 4363 1788 4402 ³⁰

144 4457 341 4541 inoluminum
356 4461 472 4529 dabitur,
489 4463 523 4518 ab
548 4477 581 4521 eo
603 4465 630 4519 et
655 4461 798 4518 auferetur.
814 4458 930 4530 Quoquo
983 4461 1010 4516 in
1032 4457 1126 4515 Judaea
1149 4455 1173 4495 ³¹
1203 4470 1252 4524 ρει
1276 4451 1398 4509 Sentium
1420 4450 1595 4509 Saturninum
1618 4450 1689 4523 (θοι,
1715 4451 1786 4522 apud

145 4557 218 4610 auen
242 4553 354 4611 nomine
389 4552 569 4610 comminatur
594 4551 769 4622 ablationem,
796 4565 850 4606 nnn
879 4548 930 4606 erit
944 4528 967 4605 ὓ
983 4565 1054 4623 quos
1072 4559 1158 4621 genus
1176 4543 1238 4614 ejus
1260 4541 1398 4614 inquirere
1425 4537 1589 4612 potuissent.
1616 4539 1694 4597 Adeo
1712 4539 1786 4597 nulio
1823 4564 1833 4581 ·

823 4648 918 4711 Variae
944 4651 1100 4712 lectiones.

169 4729 193 4771 ²⁸
204 4730 278 4790 vivit
298 4733 385 4791 Semi.
398 4730 545 4792 vbertb.²⁹
559 4731 593 4786 Et
606 4730 783 4789 abeatPars'a.
800 4727 825 4768 ³⁰
838 4730 914 4784 Tunc
930 4728 997 4786 lun.
1014 4728 1037 4766 ³¹
1052 4725 1174 4782 tndaam
1184 4725 1268 4783 Pam.

831 4799 1081 4865 Commentarius.

142 4916 161 4963 et
202 4913 250 4969 ist.
273 4912 317 4967 it.
342 4909 421 4967 Unde
435 4910 515 4966 Missa
530 4924 579 4984 pro
595 4908 764 4966 sanctissimo
778 4906 869 4964 altaria
883 4922 928 4963 sa·
982 4909 1015 4964 in
1030 4906 1215 5033 abdenaga
1229 4902 1359 4962 Sentium
1370 4899 1573 4958 Saturninum.
1590 4896 1636 4955 Sic
1649 4896 1786 4970 legiturin

139 4981 169 5036 eri
186 4983 239 5050 cio,
263 4980 403 5053 aduplici
423 4981 549 5039 missione
572 4979 644 5039 mota
667 4988 722 5046 est;
738 4980 793 5036 dno
816 4979 928 5044 scilicet,
982 4977 1141 5050 exemplari.
1186 4981 1341 5031 treterem
1365 4970 1525 5043 scripturam
1551 4970 1579 5026 Ρ.
1605 4969 1703 5027 Pimoei
1730 4985 1787 5026 nra·

137 5054 257 5125 explicato
271 5052 430 5125 Evangelio,
446 5054 528 5110 levita
542 5053 667 5110 dicebat:
680 5052 782 5126 Siquis
793 5051 929 5109 catechu-
983 5064 1035 5105 nus
1055 5049 1088 5105 ad
1110 5046 1235 5106 Rhenaui
1258 5044 1408 5171 mrssinim
1431 5042 1471 5099 sic
1484 5041 1636 5125 ,explieatr
1662 5061 1676 5125 ι
1695 5043 1785 5126 Nune,

134 5127 390 5193 meermanni,
406 5125 565 5193 nuenbret,
580 5125 928 5188 catechumenieneuator
983 5121 1036 5177 hoc
1072 5127 1121 5183 est,
1152 5135 1212 5176 oum
1240 5117 1287 5173 illa
1337 5117 1435 5171 hristus
1464 5113 1569 5170 diceret
1597 5115 1786 5172 nuntiantibus

134 5198 246 5255 aetiam
263 5198 291 5253 in
305 5195 369 5253 fine.
386 5197 426 5253 lte
440 5199 529 5255 missu
549 5201 601 5255 eat.
624 5198 660 5253 Ex
684 5196 729 5251 illa
744 5194 845 5265 duplici
860 5193 930 5250 mis·
984 5193 1081 5249 adesse
1102 5200 1215 5248 matrem
1230 5196 1257 5245 et
1279 5190 1384 5245 iratres.
1408 5206 1421 5235 a
1450 5186 1486 5243 llt
1513 5184 1665 5269 §ananius
1692 5186 1786 5242 innuat

133 5269 201 5327 tinae
233 5284 281 5326 seu
309 5266 469 5325 dimissione
497 5268 593 5340 populi
619 5275 646 5325 et
672 5267 930 5324 catechumenorum
984 5279 1082 5323 causus
1105 5264 1172 5320 alios
1191 5259 1273 5318 abiis
1288 5274 1357 5329 quos
1372 5259 1408 5315 ab
1422 5258 1539 5328 Cyrenro
1558 5268 1635 5340 actos
1654 5258 1787 5340 didicerat

134 5340 205 5399 hiras
226 5340 299 5397 dicta
318 5348 369 5396 est.
393 5341 559 5398 l'oeabulum
585 5338 656 5395 istud
680 5337 763 5395 veluti
811 5342 931 5393 ortento-
984 5352 1017 5393 ex
1033 5351 1092 5406 cap.
1117 5351 1139 5391 ιι
1156 5336 1245 5392 hucae.
1273 5331 1337 5389 lira.
1368 5361 1403 5373 -
1430 5329 1471 5385 De
1495 5344 1579 5385 censu
1607 5331 1723 5386 duramus
1752 5327 1786 5382 ad

132 5426 188 5471 aaut
208 5419 390 5471 exsecrantur
413 5411 633 5469 Calvinianorum
658 5418 763 5479 mystae,
784 5354 873 5465 ffeeta
895 5405 931 5463 ud
984 5422 1044 5477 cap.
1060 5410 1087 5463 l.
1106 5407 1212 5464 Census
1234 5411 1325 5461 autem
1353 5403 1376 5458 is
1399 5401 1486 5458 iaetus
1500 5412 1542 5457 est
1557 5400 1616 5456 sine
1631 5398 1684 5455 ulla
1698 5413 1785 5469 pecu-

131 5478 159 5541 8.
174 5484 349 5541 Ambrosium
365 5484 523 5552 reperiatur.
540 5483 596 5540 Hac
611 5482 645 5537 de
663 5496 692 5537 re
704 5481 768 5537 aide
791 5494 852 5551 quae
870 5423 931 5535 gase
984 5478 1038 5535 ulae
1059 5478 1289 5559 indictionaseu'
1301 5474 1463 5556 capitatione
1472 5489 1482 5556 ‚²
1498 5471 1545 5553 aed
1564 5476 1665 5526 tantum
1692 5477 1785 5552 utore-

131 5554 274 5612 liurandus
292 5553 328 5612 de
352 5555 555 5613 narratura.
987 5558 1143 5606 censeretur
1164 5547 1250 5612 orbas,
1271 5555 1299 5602 et
1321 5559 1433 5603 nomana
1455 5556 1554 5599 carrum
1580 5554 1629 5597 seu
1656 5538 1786 5597 subdrto·

164 5629 224 5699 (ott)
238 5627 293 5687 Sed
303 5632 331 5687 et
341 5643 444 5687 census
453 5623 711 5684 eonatataetnasub
719 5624 845 5693 riupusto
854 5636 933 5678 nuuc
989 5636 1049 5678 rum
1063 5618 1177 5694 imperio
1191 5616 1418 5700 describerentur.
1433 5615 1472 5671 La
1486 5612 1537 5669 Pa.
