3840 6134
143 354 196 413 tar
490 344 711 407 tentaturam
730 338 865 402 OPRRUH
885 339 967 400 raas
986 338 1018 399 11.
1039 369 1074 383 -
1093 337 1209 398 sallas
1227 339 1247 413 l,
1268 339 1435 400 Patauina.
1735 340 1790 400 488

142 481 168 528 te
182 477 318 527 certantes
332 468 448 533 cadunt;
462 468 510 522 sad
526 467 573 539 qrii
587 467 615 521 in
638 480 686 521 sua
700 467 866 539 proprietate
892 472 935 519 at·
952 482 975 560 g
992 464 1033 534 (11,
1049 464 1095 533 30)
1111 481 1117 517 :
1135 463 1168 518 lit
1183 462 1251 520 dabo
1262 464 1393 536 prodipia
1406 467 1437 520 in
1452 464 1520 521 calo
1533 467 1562 521 et
1576 480 1607 519 en
1617 468 1707 537 terro,
1725 482 1792 522 san-

142 575 194 632 que
207 556 344 630 patientia,
355 556 583 626 derlontespotins
597 556 766 626 semctipsos,
779 572 862 630 quam
878 558 938 615 tin.
990 553 1103 623 aninam
1113 557 1141 610 ct
1151 553 1245 624 ignem
1256 556 1285 608 et
1299 554 1374 624 sumi
1391 569 1533 625 vaporem.
1545 554 1591 610 Sol
1605 558 1791 612 convertetur

142 649 262 703 dicantus
298 645 475 701 trucidantur.
513 643 646 716 Denique,
676 649 740 716 qaia
768 648 793 685 85
821 650 938 725 lapides,
990 641 1791 716 inlaecebras,etinsanpuinemlann,priusqaomadae-

143 737 240 809 inquit,
253 738 346 793 sancii
356 736 489 791 trebulani
505 734 572 806 (60),
585 749 639 788 non
655 735 719 806 quia
733 736 758 773 7⁰
771 739 869 795 milites
884 762 938 815 pu.
989 732 1054 785 nial
1068 729 1091 765 ⁸¹
1108 731 1165 786 dies
1184 746 1304 802 ntaqatts
1322 735 1350 787 ei
1369 731 1492 786 illustris
1512 733 1633 786 Domini.
1656 731 1754 788 Habes*
1762 741 1790 787 ct

143 835 235 901 gnont.
252 827 365 897 Lapides
380 825 451 880 enim
467 834 529 879 sunt
542 831 569 878 et
583 822 766 893 fundamenta,
783 843 865 903 super
878 851 938 908 quae
990 818 1116 875 Habacuc
1127 821 1179 887 (ιιι,
1190 822 1217 888 9,
1230 819 1270 890 la)
1283 835 1290 872 :
1303 820 1478 876 Fluminibus
1487 820 1682 891 disrumpetur
1693 825 1788 889 terrm

142 931 193 971 nos
221 914 414 970 aedilieamur:
458 916 609 982 eastracli,
639 916 786 972 secundum
824 919 938 979 Paulum
990 908 1789 982 8888888888,88Ρ8888888889οΡ8ῑῑῐ8888889888284888

142 1002 254 1075 (Hpbes.
284 1017 315 1072 ιι,
339 1003 396 1073 ιι),
425 1017 511 1074 saper
543 1002 768 1072 fondamentum
800 1013 939 1081 apostolo.
989 997 1129 1068 pressum.
1146 997 1228 1052 nean
1253 996 1365 1069 abyssus
1380 1013 1482 1053 sanaem
1504 1014 1608 1065 suam;
1626 998 1789 1057 sublimitas

142 1108 217 1156 rum,
240 1092 285 1161 qui
309 1090 412 1162 lapides
430 1090 645 1162 sanctioppositi
674 1092 793 1149 omnium
823 1098 939 1156 oileusui
992 1087 1173 1156 immitibus
1188 1086 1265 1142 elata
1280 1089 1338 1153 eiii
1353 1086 1437 1144 ³016!
1458 1088 1528 1143 luna
1547 1088 1788 1147 constititinsuo

141 1181 310 1238 volutabant.
356 1181 390 1235 Et
421 1180 465 1234 hic
492 1178 575 1250 igitur
615 1178 674 1250 ipse
711 1189 784 1239 vetat
815 1187 939 1259 cogitari,
990 1176 1098 1241 aretine,
1115 1175 1789 1250 inlacerncoruscationis⁸⁴taoeibuntinsulpo·

142 1268 205 1340 quid
226 1266 388 1338 responderi
407 1272 532 1339 oporteat
558 1266 629 1338 apud
656 1267 812 1344 tribunalia,
840 1275 888 1346 qui
913 1284 940 1331 et
990 1279 1068 1328 remi
1084 1264 1789 1335 lvibvrissuitlmivttmdncommunicationum

140 1354 249 1410 Balaam
276 1355 301 1392 ιι
343 1357 416 1426 quod
458 1368 514 1409 „011
559 1354 736 1429 cogitas-erar,
774 1358 829 1416 imo
872 1378 939 1419 oon·
991 1350 1130 1406 diminues
1142 1352 1293 1417 terranei
1304 1352 1335 1406 in
1345 1350 1599 1422 indipnntionelaa
1608 1351 1819 1425 deprecans.

143 1452 184 1498 tra
219 1457 299 1515 quam
341 1443 506 1515 cogitaverat
544 1444 683 1515 suggessit
724 1446 820 1516 (Num.
857 1452 939 1523 xxia),
992 1440 1091 1495 tiones.
1106 1437 1287 1504 Conveniunt,
1304 1439 1411 1508 opinor,
1440 1444 1467 1493 et
1486 1438 1595 1494 Domini
1621 1441 1788 1511 pronnutis·

141 1539 169 1589 et
189 1531 275 1604 illapsi
291 1539 399 1587 causato
418 1532 520 1604 linguae
536 1532 698 1601 tarditatem,
714 1548 744 1589 os
763 1538 937 1610 repromisit;
991 1523 1079 1580 888888
1094 1532 1122 1579 ei
1133 1525 1336 1598 (8881888888881,
1352 1525 1385 1580 (¹⁰
1400 1527 1625 1582 concussionibus
1646 1529 1742 1585 mundi
1763 1538 1790 1586 st

141 1625 170 1679 ct
184 1622 357 1695 sapientiam
366 1623 465 1694 ipsam,
480 1623 615 1676 cuinemo
626 1622 777 1690 resisteret,
787 1627 939 1694 perlsaiam
995 1613 1079 1680 Orbis.
1103 1615 1298 1670 elemesswlum
1323 1622 1350 1671 ei
1374 1616 1524 1672 nationum·
1546 1616 1611 1672 Post
1637 1617 1696 1675 haec
1722 1621 1790 1692 quid

140 1712 225 1781 (nm,
242 1712 270 1779 5)
292 1708 503 1764 demonstrarit:
527 1710 576 1763 llic
595 1707 670 1764 dicer
690 1712 768 1783 :590
792 1714 842 1771 pei
864 1732 937 1787 sum,
992 1702 1148 1758 Dominus?
1162 1703 1659 1763 EltuncoidebantFitinmbomiaia
1673 1709 1790 1765 uenien-

140 1804 169 1858 et
184 1796 317 1854 clamabit
331 1796 488 1852 innomine
500 1794 627 1861 lacob,et
642 1796 716 1854 alias
730 1800 899 1861 inscribetur
913 1806 939 1845 ⁷⁸
954 1771 976 1849 Β
992 1796 1048 1849 iem
1064 1794 1108 1863 (⁶2
1122 1792 1156 1851 dl
1165 1793 1241 1849 888888
1257 1808 1323 1849 0888
1334 1796 1587 1867 plurimaeirtate,
1607 1796 1676 1853 Cum
1690 1800 1791 1856 auum

141 1891 174 1946 in
196 1887 311 1942 nomine
336 1883 460 1940 israelis.
481 1880 550 1949 Quid
578 1884 650 1938 enim
666 1886 815 1957 sapientius
838 1901 864 1946 rt
893 1894 936 1951 in·
991 1880 1049 1939 iloet'
1062 1883 1142 1951 fient,
1153 1882 1265 1954 θιῑιιθίῑδ
1280 1898 1336 1951 ²10⁸,
1348 1887 1377 1939 ei
1392 1883 1518 1940 ltvstiiiii
1532 1887 1638 1956 0818888,
1653 1889 1790 1958 quoniam

140 1972 371 2032 contradicibilius
397 1969 571 2029 confessione
595 1971 711 2043 simplici
734 1984 761 2032 et
788 1990 892 2038 exserta
911 1984 937 2040 in
991 1970 1228 2045 appropinquabit
1237 1970 1263 2008 85
1276 1972 1431 2043 redemptio
1441 1975 1544 2028 uestra.
1559 1973 1590 2026 ln
1600 1979 1725 2046 ternpore
1740 1974 1793 2031 soi·

140 2063 267 2134 martyris
282 2061 391 2117 nomine
407 2076 468 2116 cum
483 2061 541 2118 Deo
567 2060 774 2121 invalescentis?
802 2074 874 2140 quod
898 2083 939 2130 esa
990 2060 1052 2116 litei
1067 2059 1153 2132 regni,
1171 2059 1204 2114 11⁰
1226 2075 1281 2132 ‘111⁰
1306 2059 1460 2129 subjectarit
1473 2059 1498 2098 ⁸⁶
1512 2060 1572 2131 ipsa
1586 2060 1725 2133 parabola.
1745 2064 1791 2121 Sic

141 2152 326 2224 interpretatio
353 2149 461 2205 Israelis
484 2149 552 2223 (61).
571 2151 738 2208 Neemirnnr
760 2157 784 2211 si
808 2157 831 2213 is
863 2162 937 2217 cohi.
991 2151 1019 2204 et
1034 2166 1081 2205 eos
1094 2165 1160 2204 cam
1174 2149 1300 2206 videritis
1314 2150 1412 2205 omnia
1423 2148 1563 2219 berneri,
1575 2151 1676 2208 scitale
1689 2169 1793 2226 appro-

139 2240 232 2298 inriti9
249 2237 508 2312 praecogitationem,
525 2238 572 2311 qui
587 2241 681 2312 etipse
698 2255 714 2294 a
737 2243 816 2300 Patre
828 2248 939 2321 excepit
989 2239 1143 2311 pinguesce
1154 2252 1270 2309 requam
1290 2239 1347 2292 liei.
1364 2236 1413 2291 llic
1424 2237 1474 2292 erit
1489 2237 1547 2293 dios
1558 2254 1671 2309 magnus
1679 2239 1792 2296 Domini

82 2307 93 2328 ’
140 2327 937 2403 ριοιιιιιιιιαιιιιίιειιιροιιίνεειιιιιιιίιιίειιιιιιοιιειιιιῡοηιῑημς
992 2335 1020 2383 et
1032 2325 1154 2392 illustris,
1169 2326 1304 2383 venientis
1319 2326 1352 2380 (le
1372 2325 1448 2383 entis
1471 2326 1531 2382 Filii
1558 2327 1675 2384 hominis
1689 2345 1792 2386 secun-

139 2419 213 2476 miln‘
231 2420 281 2475 dat
295 2418 423 2488 linpoom
442 2417 612 2490 discipline,
628 2420 739 2490 quondo
754 2421 940 2498 debeampro.
992 2413 1055 2468 dum
1071 2413 1209 2470 Danielem
1224 2414 1284 2485 (var,
1301 2415 1327 2484 3)
1344 2416 1423 2470 :Ecce
1441 2416 1709 2474 camcaelinnbibas
1727 2423 1792 2476 tan·

139 2512 215 2581 terre
225 2523 381 2566 sermonem
390 2507 456 2576 (isa.
467 2522 493 2572 a,
503 2505 605 2578 ataid
616 2509 938 2569 lilarcioanristunrnon

139 2598 291 2669 subjectum
307 2597 379 2651 Patri
393 2594 520 2651 inieras
535 2595 664 2666 proximis
685 2612 792 2669 quoque
807 2617 938 2672 persecu-

139 2687 226 2743 tiones
242 2691 270 2742 et
283 2685 391 2741 nomine
404 2699 437 2739 ex
452 2683 516 2738 odio
531 2683 621 2757 utiquc
646 2685 842 2759 blasphemiam
865 2707 937 2762 prae-

139 2776 263 2842 dlmtam,
280 2790 334 2829 non
348 2774 434 2829 debeo
449 2788 542 2828 rursus
561 2772 713 2830 ostendero.
728 2776 783 2832 Sed
796 2793 847 2851 per
867 2782 937 2838 tale-

139 2860 280 2932 ranticm,
292 2860 389 2933 inquit,
405 2861 494 2918 saluos
507 2862 829 2937 facietisnosmetipsos;
840 2867 873 2923 dc
884 2885 937 2941 qua

138 2951 243 3007 scilicet
257 2949 380 3004 Psalmus
395 2949 446 3020 (ιιι,
461 2949 524 3022 ι9);
545 2950 714 3021 laterculis,
729 2954 825 3026 inquit,
840 2960 936 3028 justo-

992 2519 1077 2574 aaom
1091 2502 1170 2573 filius
1184 2504 1307 2559 bominis
1317 2504 1479 2571 adamriens,
1492 2513 1543 2560 etc.
1555 2506 1593 2562 Et
1608 2505 1676 2562 daia
1686 2512 1732 2563 est
1744 2508 1793 2564 illi

984 2595 1069 2665 'rapio
1081 2597 1214 2667 potestas,
1233 2608 1318 2665 quarn
1338 2592 1366 2647 in
1381 2592 1507 2665 parabola
1521 2595 1705 2666 postulaturus
1718 2597 1793 2654 caia.

991 2694 1041 2750 rat,
1059 2681 1149 2738 relicta
1164 2681 1276 2753 pecunia
1299 2681 1394 2750 servis,
1424 2698 1484 2753 quae
1503 2682 1681 2742 loeneraretur
1698 2685 1736 2740 ⁸⁷.
1760 2686 1794 2741 lit

993 2771 1128 2829 universae
1152 2770 1288 2840 nationes,
1313 2786 1380 2842 quas
1400 2772 1557 2841 promiserat
1575 2780 1602 2828 et
1633 2774 1660 2828 in
1683 2775 1792 2832 Psalmo

992 2863 1035 2933 (ιι,
1051 2860 1079 2930 8)
1093 2861 1188 2914 Pater:
1200 2858 1316 2915 Postula
1331 2859 1364 2914 dc
1377 2877 1432 2931 me,
1447 2864 1475 2917 cl
1485 2860 1552 2919 dabo
1568 2861 1723 2935 tibipentes
1738 2864 1794 2923 boe.

990 2949 1142 3007 redientem
1157 2952 1245 3004 luam.
1259 2950 1294 3004 Ht
1306 2947 1398 3019 pluria
1412 2951 1503 3006 omnis
1514 2953 1635 3007 seruiens
1645 2953 1691 3008 illi
1704 2957 1792 3025 etpo-

138 3058 204 3098 rum
213 3057 269 3098 non
278 3040 382 3112 peribit
393 3039 419 3077 ⁸⁰
433 3040 569 3109 infinem.
580 3038 649 3109 Quia
664 3051 690 3098 et
703 3043 860 3116 alibilPsal.
872 3063 936 3114 car,
994 3042 1081 3096 testas
1094 3039 1155 3110 ejus
1165 3042 1285 3105 oeterrra,
1294 3053 1357 3109 que
1372 3054 1430 3094 non
1444 3040 1600 3109 auferetur,
1621 3044 1649 3098 et
1668 3058 1793 3114 repnum

138 3129 181 3203 s):
192 3127 366 3185 Honorabilis
376 3129 614 3199 normanorum,-
626 3145 660 3186 ex
671 3132 814 3207 tolerantis
824 3137 882 3192 siue
891 3136 938 3192 du·
954 3111 976 3189 c
990 3129 1050 3199 ejas
1060 3126 1134 3199 quod
1148 3141 1206 3183 non
1220 3131 1436 3198 corrumpetur:
1446 3127 1508 3199 quia
1522 3145 1573 3185 nec
1582 3130 1746 3187 morientur
1758 3134 1792 3188 in

137 3220 193 3287 nio,
211 3217 296 3276 ⁴¹57
316 3218 380 3291 quia
393 3217 632 3290 etZacharias(vr,
649 3221 683 3275 ιι
694 3224 783 3295 seqq.)
800 3242 806 3278 :
830 3224 937 3282 corona
991 3218 1052 3286 illo,
1068 3231 1119 3273 nec
1135 3216 1249 3281 nabent,
1266 3214 1313 3273 sed
1326 3220 1414 3272 erant
1428 3218 1505 3273 sicut
1519 3219 1622 3289 onpcli.
1639 3218 1679 3275 De
1692 3221 1791 3276 endem

136 3316 235 3368 nalem
250 3311 306 3366 erit
320 3310 360 3365 eis
375 3309 423 3381 aui
439 3307 633 3365 toleraverint.
649 3309 702 3365 Sed
726 3327 760 3367 ne
774 3312 875 3369 audeas
889 3330 935 3372 ar·

135 3399 287 3477 gumentari
301 3396 451 3472 apostolos,
468 3397 619 3453 utalterius
630 3398 680 3454 Dei
695 3415 845 3475 precones,
861 3406 936 3461 aiu·

134 3488 203 3546 dreis
220 3492 342 3556 renatos,
357 3491 495 3542 memento
520 3487 664 3558 propbetas
686 3486 780 3543 eadem
804 3490 935 3549 aludaeis

134 3594 241 3652 passos,
270 3587 358 3633 tamen
388 3592 442 3632 non
465 3574 575 3632 alterius
604 3574 656 3633 Dei
678 3580 816 3649 apostolos
840 3579 933 3651 luisse,

135 3685 218 3740 quam
236 3666 380 3724 Creatoris.
396 3664 449 3722 Sed
463 3673 612 3721 monstrato
626 3665 723 3722 delrinc
742 3677 864 3741 tempore
884 3688 934 3728 ex·

134 3757 207 3824 oidii,
224 3771 288 3811 cam
308 3756 435 3825 cepisset
446 3753 550 3809 uallari
562 3755 733 3811 enercilibus
748 3758 933 3827 Hierusalem,

134 3846 213 3916 signu
225 3844 281 3912 jam
297 3842 383 3896 ultimi
408 3840 468 3896 linis
488 3849 606 3910 enarrat,
622 3843 689 3900 solis
712 3850 740 3902 et
765 3847 842 3904 turrae
862 3850 934 3908 side·

133 3946 253 4005 rumque
269 3931 408 4003 prodigia,
420 3934 447 3986 et
466 3930 498 3985 in
523 3934 601 3986 terro
617 3936 767 4004 annuatias
781 3937 933 3996 nationum

133 4021 696 4094 obstupescentiumaclatasonitnmaris
704 4024 932 4100 fluctuantispro

133 4111 347 4185 exspectatione
357 4111 641 4170 imminentiumorbl
653 4114 804 4172 malorum.
816 4115 895 4185 Quod
906 4129 934 4177 et

133 4203 200 4274 ipsae
214 4201 288 4259 airas
304 4199 438 4258 caelorum
459 4206 576 4258 concute
590 4201 715 4271 babeam,
729 4204 821 4277 accipe
830 4205 933 4266 loelem

990 3307 1107 3363 adventu
1122 3304 1182 3360 Filii
1200 3304 1316 3360 bominis
1330 3312 1355 3361 ct
1371 3304 1458 3362 lructu
1472 3306 1497 3342 88
1523 3307 1584 3376 ejus
1610 3308 1684 3378 apud
1703 3309 1792 3364 Haba-

989 3410 1038 3452 cuc
1051 3397 1101 3466 (ιιι,
1114 3397 1177 3464 ι3);
1194 3395 1289 3451 anien
1299 3396 1330 3448 in
1345 3396 1468 3452 salntem
1476 3397 1577 3469 populi
1587 3396 1623 3453 ad
1637 3397 1731 3456 saluos
1739 3401 1789 3472 sa·

988 3484 1099 3541 ciendos
1113 3483 1235 3541 cbristus
1251 3488 1333 3553 tuos,·
1351 3494 1490 3541 erecturos
1508 3487 1610 3542 scilieet
1624 3502 1666 3554 se,
1691 3494 1719 3543 et
1742 3503 1790 3544 ca·

988 3574 1042 3646 pita
1058 3570 1141 3630 458
1157 3573 1294 3630 levaturos
1311 3574 1339 3628 in
1360 3584 1480 3643 tempore
1495 3576 1571 3647 regni
1585 3575 1789 3648 redemptosii.

987 3663 1073 3734 igitur
1087 3678 1147 3718 cum
1162 3670 1188 3718 ct
1202 3663 1269 3732 haec,
1286 3679 1347 3735 quae
1362 3672 1424 3719 sunt
1434 3665 1653 3736 promissionum,
1669 3665 1787 3737 proinde

987 3752 1147 3809 conteniant
1162 3752 1232 3808 sicut
1246 3762 1272 3809 ct
1287 3752 1332 3807 illa
1346 3770 1406 3826 quae
1429 3763 1493 3810 sunt
1513 3755 1738 3830 consensionum,
1753 3774 1787 3815 ex

986 3840 1162 3899 consonantia
1197 3840 1418 3913 propheticarum
1443 3852 1469 3899 et
1496 3843 1692 3900 dominicarum
1722 3862 1785 3919 pro·

987 3932 1196 3998 nuntiationum,
1225 3930 1326 3987 nullam
1354 3932 1397 3989 bia
1418 3933 1521 4004 poteris
1544 3933 1720 3992 interstruere
1733 3936 1787 3993 dis·

985 4022 1152 4090 tinctionem,
1186 4028 1217 4076 ut
1257 4020 1450 4078 concussiones
1483 4021 1592 4092 quidem
1621 4023 1724 4080 referas
1751 4023 1786 4080 ad

985 4112 1152 4176 Creatorem,
1168 4109 1279 4166 saeuitiae
1294 4109 1506 4177 sullimannum,
1526 4127 1594 4182 quas
1607 4113 1668 4168 baec
1680 4112 1784 4180 sinere,

985 4210 1084 4268 nedum
1098 4217 1253 4282 exspectare
1275 4211 1386 4268 deberet
1409 4209 1483 4266 Dens
1506 4209 1641 4282 optimus;
1672 4213 1791 4286 promis,

817 4303 915 4369 Variae
938 4311 1093 4373 lectiones.

170 4380 195 4422 88
210 4379 263 4452 Qui
279 4379 363 4439 Semi.
376 4377 401 4417 ⁷⁶
415 4376 486 4446 Quin
497 4379 589 4436 Paris.
604 4382 688 4438 lion
706 4379 730 4420 ⁷⁷
744 4380 816 4437 aare
833 4385 944 4443 llbertb.
966 4389 991 4428 ⁷⁸
1004 4387 1136 4445 Inscribat
1148 4389 1187 4444 al.
1204 4387 1229 4428 ⁷⁹
1244 4388 1428 4446 Prohibuital.
1445 4389 1471 4427 88
1483 4390 1571 4447 Periet
1586 4390 1672 4447 Semi.
1689 4391 1714 4430 ⁸¹
1725 4392 1785 4448 Ad·

131 4455 223 4512 veniet
237 4455 301 4524 Hip.
331 4450 642 4525 lener.⁸²1uapergens
659 4453 745 4511 Hben.
763 4455 847 4511 Saml.
863 4457 888 4495 ⁸³
905 4459 1021 4517 Gressus
1041 4462 1133 4518 Venet.
1149 4461 1174 4497 88
1195 4461 1401 4517 coruscationes
1421 4465 1537 4537 Franeq.
1549 4463 1785 4520 circumstationes

133 4529 174 4584 ol.
189 4525 214 4564 ⁸⁵
229 4522 639 4598 dppopinquabitlllten.8eml.
658 4524 767 4581 Obcrtb.
782 4525 807 4561 ³⁶
826 4527 954 4599 Subiecta
968 4531 1020 4587 erit
1040 4531 1125 4590 lilaea.
1148 4532 1234 4589 Semi.
1259 4534 1338 4588 Para.
1359 4533 1383 4570 88
1413 4532 1620 4591 Foenerarentur
1639 4534 1738 4593 Latin.
1759 4536 1784 4574 88

132 4599 248 4657 Fructus
277 4597 369 4652 Paris.
391 4596 479 4650 Fran.
494 4592 519 4631 88
537 4595 705 4666 Redemptus
720 4597 806 4654 lilaea.
834 4598 920 4657 Semi.
943 4604 1053 4662 Oberilr.

830 4671 1081 4740 Commentarius.

166 4780 223 4851 (60)
243 4778 314 4846 Quia
330 4773 436 4846 lapides
446 4777 540 4829 sancta
553 4775 695 4832 uolutant.
711 4776 773 4832 Haec
788 4777 867 4834 enam
881 4781 931 4836 Za·

129 4921 253 4975 caltiniaca
264 4917 303 4971 ἐπὶ
313 4920 416 4988 siparis.
432 4915 495 4970 iila.

198 4851 203 4861 ¹
260 4849 263 4858 ,
490 4844 516 4855 ..
727 4849 732 4859 ¹
944 4781 1097 4876 ustionem
1111 4778 1246 4862 indirecte,
1261 4779 1340 4837 solvit
1359 4780 1538 4910 Hierouffmus
1551 4782 1620 4868 ipse,
1636 4801 1701 4871 cum
1716 4788 1780 4846 ait:

86 4893 90 4900 .
132 4851 230 4906 charrae
242 4851 440 4915 citanturpuxta
454 4844 599 4902 editionem
609 4858 781 4922 septuaginta
792 4850 929 4920 llolutant,
987 4875 999 4904 ι
1016 4855 1072 4909 Nos
1087 4867 1173 4925 magas
1188 4851 1334 4922 Scripturae
1348 4860 1376 4909 et
1390 4869 1459 4927 ange
1469 4872 1488 4923 1,
1498 4855 1542 4913 rel
1552 4857 1614 4927 Der,
1628 4874 1676 4931 qur
1688 4876 1782 4931 ipsum

981 4925 1064 4980 lsrael
1091 4922 1206 4992 vocavit,
1234 4924 1388 4981 auctoritate
1405 4925 1539 4994 ducimur,
1554 4944 1634 5000 quarn
1665 4933 1782 5002 cujusli-

166 4990 224 5065 (61)
242 4989 319 5059 Quod
334 4996 373 5044 est
387 4989 589 5060 interpretatio
600 4990 722 5050 israelis.
733 4992 775 5049 De
789 4995 870 5063 liujus
883 5010 928 5051 vo·
980 4997 1026 5053 bat
1046 4995 1207 5068 eloquentiae
1235 4997 1411 5051 saecularis.»
1437 4999 1517 5071 Atqui
1543 4999 1615 5055 Deus
1634 4998 1643 5055 i
1665 5017 1704 5068 se,
1730 5019 1781 5060 aaa

130 5062 170 5120 cis
195 5062 347 5134 signitieatu
366 5069 474 5114 sanctus
498 5061 677 5135 Hieronymus
697 5064 736 5134 (in
760 5066 864 5134 Queat.
889 5066 927 5123 ad
980 5068 1100 5140 angelus,
1122 5067 1315 5122 nomeulsrael
1334 5076 1428 5124 neutro
1475 5085 1537 5124 uem
1560 5018 1666 5127 dixitii

1670 5075 1781 5148 lerony-

133 5133 272 5201 Genesim)
302 5131 395 5186 multis
409 5132 504 5201 probat
516 5132 600 5188 lsrael
614 5135 721 5207 proprie
736 5135 806 5192 idern
821 5153 882 5193 esse
896 5142 927 5194 aa
980 5152 1050 5207 mus,
1076 5139 1167 5202 modo,
1196 5138 1255 5202 sed,
1272 5145 1302 5195 ut
1336 5141 1436 5211 optime
1456 5141 1637 5198 iertullinnus
1672 5154 1779 5209 noster,

130 5208 290 5281 principem
301 5220 351 5261 seu
364 5203 504 5260 directum
519 5205 571 5262 liei
584 5224 594 5260 .·
609 5220 632 5258 «⁴
649 5204 719 5260 Illud
733 5221 809 5272 uero,
825 5209 923 5275 inquit,
980 5211 1200 5267 invalescentem
1219 5226 1283 5268 cum
1300 5212 1354 5267 Deo
1373 5212 1563 5282 interpretatus
1576 5220 1641 5271 est:
1668 5218 1781 5290 licque·

129 5279 202 5350 quod
235 5277 262 5331 in
288 5275 357 5331 libro
384 5275 531 5332 Nominum
557 5278 610 5331 inte
646 5285 745 5332 relatur
777 5279 859 5334 lsrael
882 5282 926 5336 air

129 5350 228 5408 uidens
238 5351 337 5417 bearn,
349 5346 405 5402 sire
419 5362 497 5403 inens
511 5346 608 5404 uidens
641 5361 717 5416 eum,
728 5349 847 5402 omnium
859 5365 926 5421 pena

980 5298 1074 5410 paam,
1085 5281 1180 5352 inquit,
1197 5281 1280 5338 laceb
1290 5282 1481 5355 appellabitur
1493 5300 1593 5341 nomen
1612 5290 1708 5352 tuum,
1732 5289 1780 5347 aed

993 5353 1084 5410 srael:
1095 5354 1228 5426 quoniam
1238 5356 1263 5411 si
1272 5357 1371 5410 contm
1380 5356 1467 5412 Deum
1476 5357 1561 5427 fortis
1567 5358 1661 5428 suisti,
1670 5364 1781 5432 quanta

128 5436 253 5478 sermone
276 5420 413 5484 detritum,
443 5432 498 5473 non
527 5427 582 5472 tom
605 5432 667 5473 rerc
693 5432 776 5489 quam
795 5420 927 5479 uiolenter
979 5428 1070 5500 niopis
1083 5430 1183 5483 contro
1199 5425 1321 5484 bemiaas
1333 5427 1515 5498 prevalebis?
1528 5429 1597 5485 Euo.

128 5494 198 5549 mibi
219 5494 424 5562 interpretatum
466 5487 608 5545 videtur.»
633 5486 812 5556 Quaereudum
844 5492 927 5566 igitur

1016 5500 1072 5570 (62)
1088 5498 1223 5556 Videbunt
1236 5497 1340 5554 Filium
1351 5497 1473 5556 bominis
1491 5503 1661 5559 uenientem.
1675 5502 1780 5559 Secun-

129 5573 221 5621 manet
240 5571 302 5620 utra
322 5559 518 5631 interpretatio,
542 5561 712 5644 princepsne
732 5564 792 5633 liei,
820 5579 857 5621 an
879 5567 925 5624 di·
979 5573 1043 5628 dum
1057 5570 1101 5627 liic
1124 5569 1268 5626 adventurn
1284 5567 1384 5625 Christi
1398 5585 1432 5629 ex
1459 5569 1572 5631 infinitis
1599 5572 1669 5632 locis
1682 5575 1780 5651 probat

129 5641 223 5704 rectus
237 5634 296 5704 Hei,
324 5629 490 5692 admittenda
508 5640 598 5709 patrus
618 5643 662 5696 sat.
686 5635 835 5699 Hancraro
848 5654 925 5722 quae·
979 5642 1256 5706 cantratlareionenr.
1272 5639 1312 5699 La
1326 5640 1375 5703 Pa.
