3840 6134
126 378 179 440 821
738 383 835 443 LIBER
854 384 897 444 ott
915 384 1024 449 cluth
1043 384 1182 450 ussisti.
1721 380 1776 441 822

128 506 210 564 norit.
224 504 299 561 Nihil
312 505 403 562 adhuc
417 505 451 561 de
465 507 522 563 Deo
537 507 653 575 discens,
669 508 755 565 Deum
775 511 894 568 nominat
912 532 919 568 :
935 527 960 607 Α
975 530 1037 574 οπο
1061 516 1122 588 ipso
1141 526 1250 588 genere.
1273 509 1391 569 Proinde
1415 515 1442 565 ot
1464 508 1555 564 anima
1577 509 1688 577 Christi,
1710 524 1774 566 οπο

127 595 197 651 nihil
211 594 299 651 οοοοο
310 594 344 651 de
356 595 456 666 judicio
469 597 529 668 ejus
542 597 695 670 admittens,
710 600 768 658 Deo
781 616 922 658 commen·
977 605 1055 672 iacta,
1071 621 1125 662 non
1146 611 1236 677 potest
1257 618 1312 658 non
1335 599 1362 655 id
1380 596 1527 673 essequod
1547 598 1680 668 inclausi,
1696 607 1721 656 et
1734 598 1773 654 'id

128 684 195 742 dare
217 700 247 740 so
270 683 335 741 dicit
357 685 392 744 ⁶¹.
407 685 479 741 Nihil
502 688 590 761 magis
606 689 728 756 audieus,
744 707 826 763 quam
845 709 922 764 spem
978 711 1031 752 non
1047 694 1194 767 essequod
1209 687 1774 760 luerit,aliudseilieetiaeta.thuoniam

128 774 235 831 nullam
249 789 311 830 esse
325 781 387 845 post
401 782 524 843 mortem,
540 786 566 832 et
579 777 649 834 bene
662 785 690 833 et
708 780 776 835 male
794 782 923 839 defuncto
977 785 1130 856 proximum
1145 781 1317 839 adhibuimus
1341 779 1507 850 exemplum,
1529 778 1636 849 plenius
1659 794 1692 834 eo
1714 787 1774 835 ute-

128 865 226 935 cuique
244 861 409 933 imprecatur
431 863 465 917 ⁶².
485 864 594 921 Plenius
612 865 671 923 haec
694 870 862 942 prosequitur
890 871 924 926 li·
978 891 1049 930 mur.
1065 876 1142 931 Certe
1157 872 1231 929 enim
1246 879 1313 928 testa
1327 884 1360 925 ex
1375 867 1469 941 argilla
1492 884 1576 923 unum
1600 876 1640 922 est
1665 884 1773 938 eorpus,

129 952 218 1008 bellus
231 967 311 1025 quem
325 950 482 1022 scripsimus
497 953 530 1012 da
544 957 925 1017 Testimonioauintoe.dlio·
978 980 1116 1037 unumque
1140 961 1310 1027 vocabulum,
1332 958 1412 1015 unius
1436 956 1540 1014 scilicet
1561 957 1693 1028 corporis.
1718 958 1775 1014 Neo

130 1039 205 1112 quin,
221 1038 246 1098 si
261 1039 351 1096 anima
365 1037 537 1113 semetipsam
550 1043 682 1118 ignorans
700 1057 756 1104 orat
779 1051 812 1105 ab
835 1050 922 1121 initio,
979 1059 1065 1123 potest
1089 1053 1114 1091 ⁶⁶
1137 1051 1189 1109 dici
1212 1059 1239 1108 et
1256 1048 1360 1122 argilla,
1379 1044 1458 1104 111
1476 1045 1539 1118 quia
1554 1048 1628 1118 quod
1643 1045 1705 1115 fuit,
1720 1061 1775 1103 non

129 1128 196 1186 nibil
225 1145 241 1186 a
267 1130 374 1187 Christo
401 1135 561 1204 cognovisse
588 1134 727 1207 debuerat,
757 1138 809 1194 nisi
837 1140 926 1212 qualis
979 1148 1037 1210 est;
1053 1141 1126 1214 quod
1141 1150 1231 1197 autem
1246 1154 1300 1195 non
1315 1146 1365 1206 est,
1383 1135 1491 1192 omnino
1514 1136 1539 1175 ⁶⁵
1562 1150 1616 1193 non
1640 1135 1772 1192 adbaeret.

129 1227 208 1276 osset.
233 1219 312 1275 Nunc
334 1226 424 1275 autem
446 1236 498 1277 non
518 1221 638 1298 effigiem
661 1241 737 1280 suam
760 1230 840 1285 discit
863 1231 923 1287 ⁶²a
979 1228 1050 1302 Ergo
1075 1237 1102 1286 et
1128 1231 1217 1285 anima
1244 1242 1306 1286 caro
1334 1226 1415 1294 iacta,
1441 1225 1594 1291 uniformis,
1624 1225 1740 1281 solidata
1764 1244 1772 1286 ς

129 1307 245 1376 Christo,
270 1308 318 1363 sed
341 1306 465 1364 salutem.
490 1309 638 1382 Propterea
662 1312 747 1371 116
771 1317 858 1374 Filius
872 1320 923 1376 Dei
978 1318 1079 1375 scilicet
1094 1319 1120 1358 ⁶⁶
1132 1317 1305 1390 singularitas
1319 1322 1376 1372 tota
1393 1315 1483 1385 ⁶⁶,est,
1499 1321 1527 1369 ot
1539 1314 1686 1371 indiscreta
1709 1316 1774 1371 sub·

130 1397 280 1471 descendit,
296 1404 324 1454 et
345 1398 464 1454 animam
487 1399 586 1469 subiit;
604 1417 656 1458 non
678 1412 704 1459 nt
720 1407 778 1478 ipsa
792 1422 821 1462 se
834 1409 925 1465 anima
977 1407 1087 1463 stantia.
1101 1408 1132 1463 ln
1146 1406 1253 1464 Christo
1266 1420 1331 1463 voro
1345 1402 1497 1458 invenimus
1522 1404 1637 1458 animam
1663 1409 1692 1459 et
1713 1419 1774 1459 car·

130 1494 307 1562 cognosceret
329 1487 358 1542 in
381 1486 500 1559 Christo,
521 1489 569 1546 sed
584 1497 612 1547 ut
630 1492 766 1550 Christum
779 1495 807 1551 in
822 1507 923 1554 semet·
977 1511 1039 1553 nem
1061 1497 1228 1569 simplicibus
1253 1502 1281 1552 ot
1301 1493 1382 1550 nudis
1404 1490 1546 1550 vocubulis
1564 1492 1660 1563 editas,
1683 1492 1711 1549 id
1733 1502 1775 1551 est

129 1575 207 1649 ipsa3
221 1592 277 1634 non
295 1575 367 1633 enim
382 1592 411 1633 se
426 1577 576 1649 ignorando
589 1581 623 1638 de
641 1583 726 1640 saluto
748 1586 921 1658 periclitatur,
977 1584 1093 1640 animam
1114 1583 1241 1652 animam,
1264 1590 1290 1638 et
1304 1597 1402 1637 carnen
1419 1596 1517 1637 earnen
1540 1582 1614 1654 (dil,
1639 1597 1774 1654 nusquam

130 1668 177 1724 sed
191 1664 391 1725 Deilochum.
414 1669 484 1735 tcta,
501 1670 587 1742 inquit
606 1671 633 1740 (l
645 1675 724 1730 Ιοοο.
743 1692 762 1743 r,
778 1677 817 1748 2),
834 1681 924 1736 meni-
977 1673 1096 1729 unimam
1112 1687 1230 1742 carnem,
1246 1677 1293 1726 eut
1307 1686 1416 1726 earnem
1431 1672 1546 1726 unimam
1567 1687 1574 1725 :
1602 1670 1711 1742 qrraudo
1735 1671 1775 1728 ita

133 1759 375 1828 festutuest3non
387 1755 486 1827 anima,
502 1765 579 1818 etc:
602 1762 922 1838 Verti‚inquit(duc.1x,
979 1762 1111 1820 nominari
1134 1760 1292 1818 debuissent
1318 1776 1324 1815 :
1347 1759 1369 1814 si
1391 1757 1443 1814 ista
1463 1757 1579 1815 luissent
1599 1775 1605 1812 :
1631 1760 1679 1815 sed
1693 1761 1774 1817 etiam

136 1844 194 1916 bh),
210 1846 335 1903 animum
347 1845 455 1904 solvam
468 1849 564 1918 [αοπο
576 1867 586 1904 .·
600 1865 655 1905 οοο
670 1851 746 1924 dixit,
767 1854 922 1913 ostendere.
943 1812 965 1889 Β
980 1853 1032 1909 sibi
1046 1868 1179 1925 quamque
1194 1849 1373 1908 substantiam
1387 1846 1471 1906 divise
1489 1847 1678 1919 pronuntiatas
1691 1851 1726 1904 ab
1749 1850 1775 1889 ⁶⁶

135 1935 332 2006 Ignorabamus
357 1933 483 1991 nimirum
510 1936 639 2005 animam,
666 1940 729 1997 licet
751 1941 923 2016 invisibilem,
978 1943 1047 2014 ipso,
1062 1944 1157 2015 utique
1171 1941 1196 1981 66
1209 1956 1259 2013 pro
1272 1939 1388 1996 duarum
1406 1936 1564 2010 qualitatum
1588 1934 1775 2006 distinctione,

133 2022 210 2078 nasci
224 2032 250 2078 et
263 2022 343 2094 mori,
357 2022 409 2079 nisi
423 2025 600 2097 corporaliter
614 2029 798 2086 exhiberetur.
814 2031 925 2105 ignora·
978 2048 1102 2089 seorsum
1130 2033 1260 2097 animam,
1288 2038 1315 2086 et
1346 2043 1469 2085 seorsum
1497 2040 1616 2083 carnem.
1647 2023 1718 2092 Quid
1750 2023 1776 2064 ⁶⁶
1806 2069 1814 2084 ,

129 2111 221 2168 umus
244 2110 324 2183 plane
351 2125 563 2172 resurrecturam
591 2133 653 2173 cum
678 2134 768 2177 carna.
794 2121 850 2179 lloc
875 2123 927 2179 erit
980 2123 1072 2180 οοοίο
1092 2125 1144 2192 est,
1170 2119 1257 2191 inquit
1279 2118 1391 2192 (harro.
1416 2131 1497 2180 οπο,
1522 2117 1579 2186 38),
1599 2116 1776 2171 animemed

130 2201 203 2273 quod
226 2202 350 2259 Christus
370 2202 558 2263 manifestavit.
581 2207 634 2265 Sed
657 2216 684 2266 et
702 2210 753 2267 boc
776 2226 829 2267 non
850 2211 927 2269 aliter
980 2227 1068 2285 usque
1084 2210 1120 2267 ud
1136 2213 1278 2267 mortem?
1296 2217 1323 2265 et
1337 2207 1431 2280 (loto.
1446 2205 1486 2275 π)
1503 2223 1509 2259 :
1526 2205 1613 2263 Portis
1628 2221 1709 2277 quem
1728 2219 1776 2276 opo

130 2289 155 2344 5¹¹
183 2305 225 2357 ⁸⁶.
242 2307 326 2364 quam
348 2291 376 2347 in
394 2293 495 2351 Lazaro
513 2294 615 2367 aliquo,
629 2301 708 2370 eujus
721 2313 785 2356 caro
800 2315 855 2356 nou
870 2306 927 2357 erat
980 2298 1141 2373 dederopro
1154 2298 1248 2356 salute
1261 2296 1444 2367 maurillii),
1460 2311 1524 2353 caro
1539 2311 1602 2351 mea
1617 2297 1669 2350 est.
1681 2295 1774 2359 Porro,

131 2379 265 2447 ⁶⁶imalifl,
291 2381 328 2437 iit
351 2397 402 2438 1100
424 2382 513 2441 anima
541 2386 664 2441 carnalis.
681 2386 753 2455 Quid
777 2404 843 2462 ergo
866 2406 926 2446 am-
981 2387 1004 2445 si
1025 2387 1113 2443 anima
1131 2402 1193 2443 caro
1213 2386 1318 2452 suisset,
1334 2400 1418 2442 unum
1431 2390 1502 2440 esset
1515 2383 1542 2440 in
1558 2381 1663 2439 Christo
1678 2396 1777 2438 carnea

132 2468 199 2538 plius
214 2469 331 2527 innotuit
345 2471 425 2527 nohis
441 2473 475 2528 de
489 2473 586 2529 animae
601 2474 732 2548 ignoratae
746 2486 819 2534 retro
832 2477 928 2552 dispo·
980 2477 1080 2545 anima,
1105 2484 1154 2533 aut
1176 2490 1239 2532 caro
1262 2473 1393 2530 animalis.
1415 2473 1452 2528 At
1473 2488 1535 2530 cum
1551 2471 1646 2528 dividit
1660 2472 1775 2542 species,

132 2560 251 2617 sitioriei
270 2561 341 2632 Quid
364 2562 496 2620 invisibile
518 2565 579 2634 ejus
601 2564 662 2636 suit,
682 2569 753 2641 qnod
778 2569 927 2627 visibilita-
981 2579 1090 2621 carnem
1105 2573 1132 2621 et
1145 2563 1274 2629 animum,
1287 2562 1343 2618 dno
1358 2560 1478 2617 ostendit
1494 2576 1501 2618 :
1519 2559 1542 2617 si
1555 2560 1619 2627 duo,
1640 2561 1697 2630 jam
1721 2574 1776 2615 non

133 2659 182 2706 tem
198 2667 249 2724 per
263 2666 374 2709 carnem
387 2653 576 2711 desideraret?
981 2669 1083 2724 unnm3
1100 2652 1123 2710 si
1147 2667 1202 2730 non
1223 2667 1315 2715 unum,
1330 2650 1386 2719 jam
1404 2665 1455 2705 nec
1477 2649 1567 2704 anima
1589 2648 1712 2713 carnalis,
1727 2663 1777 2703 nec

982 2757 1044 2799 οπο
1068 2741 1206 2811 animalis3
1234 2755 1319 2795 uuum
1345 2737 1416 2794 enim
1444 2745 1486 2793 est
1513 2737 1602 2791 anima
1627 2751 1699 2802 earo,
1728 2743 1777 2790 aut

423 2797 535 2857 CAPUT
553 2800 630 2859 xm·
982 2845 1045 2888 οπο
1069 2829 1169 2886 anima.
1192 2828 1252 2886 Nisi
1271 2835 1298 2885 et
1320 2841 1442 2884 seorsum
1466 2824 1545 2881 aliam
1573 2825 1695 2897 gestabat
1715 2823 1777 2878 ani-

168 2918 238 2975 Caro
262 2917 332 2975 iacta
360 2929 400 2977 est
429 2921 527 2992 anima,
553 2929 585 2980 ut
612 2923 701 2980 anima
727 2927 926 2984 ostenderetur.
982 2935 1065 2988 mam,
1091 2928 1188 2991 praetcr
1213 2933 1273 2975 eam
1294 2932 1355 2989 quae
1369 2931 1431 2973 οπο
1445 2922 1509 2983 erat,
1526 2921 1552 2970 et
1566 2912 1644 2968 aliam
1659 2912 1777 2969 eircum-

132 3006 260 3080 Nunquid
282 3024 347 3083 crgo
371 3017 400 3067 et
414 3026 476 3068 caro
491 3010 578 3067 anima
594 3011 664 3070 lacta
677 3023 727 3081 esr,
744 3023 772 3071 ur
787 3031 851 3072 caro
865 3033 927 3072 ma.
982 3008 1086 3064 serebat
1101 3023 1218 3074 curnem,
1233 3012 1332 3077 praeter
1347 3006 1418 3059 illam
1434 3019 1495 3075 qnae
1509 3002 1598 3058 anima
1612 3007 1679 3058 erat.
1695 3000 1776 3071 Quod

131 3095 324 3155 nitestaretur‘?
348 3099 376 3156 Si
399 3115 461 3157 οπο
484 3101 573 3156 anima
598 3110 649 3171 est,
670 3103 727 3174 jam
755 3119 808 3160 non
835 3104 925 3161 anima
941 3095 963 3175 c
979 3097 1003 3155 li
1027 3113 1079 3152 ⁰11³
1102 3110 1175 3163 0³⁶⁰,
1191 3103 1218 3152 0⁶
1241 3109 1296 3150 1¹⁶³
1319 3093 1428 3159 66666θὶ
1451 3092 1498 3148 51¹⁶
1523 3092 1606 3148 6666666
1629 3106 1714 3163 63666
1741 3089 1777 3146 66

131 3195 179 3252 est,
196 3185 244 3242 sed
258 3202 331 3244 οπο.
348 3187 376 3243 Si
391 3188 479 3245 anima
493 3205 558 3246 caro
573 3199 624 3260 ost,
640 3193 694 3259 iam
712 3207 767 3248 non
789 3208 852 3249 οπο
871 3202 924 3264 est,
982 3192 1107 3253 mortem,
1127 3195 1153 3241 et
1176 3184 1222 3239 illa
1244 3181 1320 3254 panis
1342 3197 1395 3253 pro
1417 3182 1518 3236 mundo
1546 3180 1643 3250 saluto;
1670 3180 1773 3247 salvus,

131 3273 297 3331 sedecima.
322 3275 372 3331 Ubi
394 3292 460 3351 orgo
483 3292 545 3333 οπο
570 3278 923 3351 (63),etubianimaeav,
978 3282 1019 3330 est
1043 3289 1173 3331 numerus
1201 3272 1314 3328 duarum
1338 3269 1559 3334 substantiarum,
1586 3267 1614 3323 in
1644 3282 1693 3323 suo
1722 3282 1774 3340 go·
1869 3302 1877 3319 .

130 3362 286 3421 alterutrum
307 3363 378 3421 iacta
402 3371 453 3421 est.
482 3367 538 3424 imo
559 3366 582 3422 si
606 3378 731 3425 neutrum
755 3378 828 3439 sunt,
858 3371 925 3429 dum
978 3379 1041 3419 nere
1064 3360 1229 3431 distantium,
1253 3359 1399 3418 excludens
1417 3373 1524 3415 carneae
1545 3356 1643 3413 animae
1665 3356 1774 3413 unicam

129 3451 287 3510 alterutrum
309 3453 423 3510 altorum
447 3454 524 3526 fiunt,
547 3463 618 3512 certe
635 3457 880 3531 perversissimum,
896 3469 925 3517 ut
978 3452 1107 3524 speciem·

128 3555 237 3599 carnem
261 3544 440 3616 nominantes,
464 3543 580 3600 animam
603 3545 796 3617 intelligamus,
821 3556 848 3605 et
866 3550 925 3605 ani-

128 3646 198 3688 mam
225 3631 417 3705 significantes,
445 3648 550 3689 carnem
580 3635 797 3708 interpretemur.
827 3635 924 3695 Omnia
1272 3588 1385 3650 CAPUT
1405 3589 1481 3647 ΚΝ

128 3721 354 3791 periclitabuntur
376 3721 453 3777 aliter
473 3722 557 3793 accipi
577 3738 657 3794 quam
673 3729 744 3790 sunt,
761 3732 787 3781 et
800 3725 923 3782 amittere
1014 3717 1067 3775 Sed
1092 3716 1230 3791 angulum,
1246 3716 1329 3784 aiunt,
1355 3715 1468 3792 gestavit
1491 3711 1625 3770 Christus.
1645 3712 1706 3783 Quo
1729 3727 1775 3768 ra·

129 3811 199 3881 quod
224 3817 298 3881 sunt,
313 3810 378 3866 dum
402 3810 481 3868 aliter
502 3811 677 3882 accipiuntur,
693 3812 717 3869 si
742 3813 819 3870 aliter
842 3830 922 3887 quam
977 3806 1073 3864 tione?
1094 3805 1154 3875 Qua
1176 3816 1203 3862 et
1223 3805 1371 3862 hominem.
1384 3804 1485 3861 Eadem
1500 3817 1567 3876 ergo
1582 3809 1623 3858 ost
1636 3810 1663 3857 et
1678 3816 1772 3873 causa,

128 3908 199 3969 sont,
230 3900 464 3970 cognominantur.
493 3899 571 3954 Fides
605 3900 746 3956 nominum
784 3903 856 3958 salus
881 3913 922 3960 est
978 3907 1007 3952 ut
1027 3897 1162 3953 homiuem
1186 3903 1303 3968 gestaret
1324 3895 1446 3951 Christus
1463 3912 1469 3953 :
1488 3892 1561 3948 salus
1584 3890 1701 3947 hominis
1725 3889 1775 3949 tuit

127 3987 332 4060 proprietatum.
361 3990 450 4044 Etiam
477 4004 539 4044 curn
565 3989 737 4046 demutantur
767 3993 920 4063 qualitates,
976 4001 1077 4052 oausa3
1106 3985 1227 4053 scilicet,
1253 3984 1287 4038 ad
1314 3982 1509 4039 restituendum
1535 3979 1607 4052 quod
1643 3979 1773 4051 perierat.

128 4076 262 4148 accipiunt
283 4076 476 4136 vocabulorum
499 4076 696 4148 possessiones.
721 4076 803 4133 Verbi
822 4080 918 4152 gratia,
973 4075 1061 4131 liomo
1080 4075 1213 4146 perierat3
1239 4073 1377 4130 hominem
1404 4071 1509 4127 restitui
1537 4076 1707 4142 oportuerat.
1737 4069 1773 4125 Ut

130 4161 223 4235 argilla
240 4174 352 4220 excocta
367 4172 442 4222 testas
457 4166 617 4223 vocabulum
632 4165 762 4238 suscipit;
779 4182 828 4223 nec
842 4181 919 4224 com·
974 4164 1101 4237 angelum
1124 4171 1240 4234 gestaret
1262 4161 1395 4229 Christus,
1411 4159 1476 4215 nihil
1500 4159 1554 4215 tale
1572 4157 1607 4212 de
1621 4172 1703 4212 eausa
1717 4165 1769 4219 est.

131 4249 244 4308 munient
262 4268 327 4309 cum
341 4253 365 4293 ⁶³
384 4255 514 4312 vocabulo
529 4253 634 4328 pristini
652 4253 769 4328 generis,
785 4254 848 4328 quia
871 4233 955 4312 neon
969 4254 1037 4312 Num
1051 4252 1102 4309 etsi
1117 4251 1216 4323 angelis
1230 4250 1348 4342 perditio
1364 4255 1516 4320 reputatur,
1532 4249 1564 4304 ira
1589 4247 1682 4317 ignem
1696 4260 1774 4317 proe·

816 4402 912 4470 Variae
933 4409 1089 4470 lectiones.

163 4533 185 4571 ⁶¹
201 4533 299 4592 Didicit
313 4538 402 4595 libera.
425 4540 510 4596 Semi.
531 4537 605 4594 dicit.
631 4538 692 4594 Vera.
711 4537 736 4576 ⁶²
759 4536 859 4595 Didicit
884 4539 974 4597 Rhea.
997 4540 1083 4596 Scml.
1106 4537 1130 4576 ⁶³
1150 4536 1216 4592 Cum
1237 4537 1316 4593 obest
1335 4552 1353 4592 ο
1374 4534 1453 4590 Pom.
1480 4533 1540 4603 llip.
1562 4529 1586 4568 ⁶⁶
1601 4530 1683 4586 'l'esta
1706 4532 1770 4588 add.

129 4604 205 4661 Pam.
221 4608 313 4666 Rhea.
330 4609 355 4647 ⁶⁵
367 4610 426 4664 Non
439 4617 481 4665 cst
499 4618 526 4665 et
545 4623 599 4664 non
618 4610 746 4675 adhaeret,
762 4616 789 4666 at
804 4609 893 4664 anima
909 4612 988 4666 Pam.
1008 4610 1096 4666 Rhea.
1111 4609 1137 4648 ⁶⁶
1151 4608 1205 4664 Sed
1225 4610 1306 4666 Pom.
1331 4606 1420 4665 libera.
1444 4604 1469 4644 ⁶⁶
1492 4604 1563 4659 Tuta
1585 4603 1665 4658 Pom.
1682 4603 1771 4663 Rhea.

130 4673 153 4714 ⁶⁶
168 4677 347 4736 Pronuntiata
360 4681 411 4737 suh
426 4684 507 4738 Pam.
528 4680 615 4740 libera
630 4681 656 4722 ⁶⁹
678 4679 783 4751 Ubique
793 4681 872 4742 codd.
891 4682 994 4740 Wouru.
1015 4681 1040 4720 ⁶⁰
1055 4682 1087 4738 Et
1099 4680 1164 4738 odd.
1180 4682 1243 4737 Lat.

829 4824 1084 4889 Commentarius.

160 4962 217 5035 (62)
233 4962 345 5023 litberto
355 4972 383 5024 et
392 4967 465 5024 male
475 4966 609 5039 defuncto
624 4969 724 5041 cuique
733 4969 923 5040 imprecatur.
1015 4966 1073 5034 (65)
1092 4965 1179 5022 Porcia
1198 4982 1279 5038 quem
1302 4983 1349 5039 eqo
1364 4966 1463 5024 dedero
1476 4983 1528 5040 pro
1542 4968 1635 5026 solute
1660 4968 1772 5028 muudi.

130 5031 304 5092 Cmdelitatis
329 5045 357 5093 et
383 5038 556 5094 immanitatis
578 5039 628 5095 fuit
656 5047 776 5095 mortuos
796 5038 925 5094 conviciis
978 5036 1138 5093 Frivolaest
1152 5037 1330 5108 quommdam
1350 5038 1478 5109 objectio,
1502 5041 1548 5112 qui
1571 5039 1689 5096 effusum
1714 5057 1773 5098 sau·

129 5104 245 5176 afficere,
261 5108 333 5162 unde
353 5118 447 5165 notum
465 5110 531 5165 illud
544 5110 654 5182 pietatis
668 5125 732 5180 erga
748 5117 870 5166 mortuos
884 5110 923 5165 si·
978 5107 1087 5179 guinem
1115 5108 1208 5164 dicunt
1231 5110 1285 5163 ἀπ)
1313 5110 1444 5176 πλείστων,
1474 5126 1528 5167 οοο
1544 5111 1597 5167 ἀντὶ
1625 5114 1735 5182 πάντων,
1749 5114 1773 5170 si

131 5191 212 5246 gnum
234 5179 265 5234 S.
288 5180 319 5234 Τ.
335 5180 368 5234 Τ.
383 5182 414 5237 L.
429 5183 539 5239 Terram
554 5197 661 5252 gravem
675 5180 747 5237 enim
761 5187 856 5254 optare
870 5179 922 5236 im·
978 5178 1022 5234 hic
1036 5179 1112 5236 locus
1123 5186 1266 5251 spectetur.
1277 5181 1365 5237 Vertit
1378 5192 1467 5238 autem
1480 5200 1487 5240 :
1495 5186 1649 5255 prosulute
1659 5186 1771 5252 mundi,

130 5250 248 5316 precatio
262 5251 385 5323 quasdam
401 5260 467 5307 erat.
488 5253 526 5308 Lu
541 5253 590 5309 Pu.
977 5265 1038 5306 cum
1055 5252 1165 5308 deberet
1178 5251 1267 5308 dicere
1283 5271 1290 5309 :
1305 5269 1358 5324 pro
1371 5253 1474 5310 mucidi
1489 5257 1558 5313 vito.
1574 5258 1613 5310 La
1633 5257 1682 5310 Pu.

166 5318 222 5388 (63)
237 5321 286 5380 uhi
308 5337 339 5379 er
356 5338 371 5379 o
396 5338 473 5394 caro,
496 5333 548 5380 etc.
565 5321 747 5378 Tertullianus
762 5321 829 5377 nihil
844 5323 924 5378 habet
1014 5323 1071 5393 (66)
1089 5325 1122 5381 Ut
1136 5339 1174 5378 οο
1192 5326 1268 5380 etum
1282 5328 1414 5395 gestaret,
1426 5325 1500 5382 nihil
1511 5329 1568 5383 tale
1580 5327 1708 5385 decausu
1719 5332 1771 5383 est.
1831 5350 1834 5355 ⁴

129 5391 260 5461 propositi
282 5341 366 5459 atini,
383 5411 464 5466 qnam
488 5403 519 5449 ut
542 5393 664 5451 ostendat
688 5392 714 5447 in
736 5394 841 5475 Christo
863 5410 923 5449 οπ-
977 5392 1006 5447 ld
1022 5403 1064 5451 est
1081 5411 1087 5449 ε
1105 5409 1158 5451 οοο
1172 5341 1223 5451 init
1237 5411 1327 5462 eausa,
1343 5411 1392 5452 eur
1414 5397 1540 5470 angelum
1561 5405 1690 5470 gestaret.
1714 5399 1772 5453 Oh·

129 5473 188 5517 uem
213 5472 240 5518 et
261 5465 379 5519 unimam
399 5466 513 5521 diversa
538 5467 621 5522 fuisse
637 5465 803 5519 substantrae.
819 5464 857 5520 Lu
873 5466 923 5520 Pu.
975 5468 1137 5523 serrandum
1172 5467 1299 5524 unionem
1327 5469 1532 5539 hypostaticam,
1559 5469 1591 5523 ad
1621 5475 1773 5524 restauran-

161 5532 221 5604 (ot)
236 5536 371 5593 Aairnum
385 5538 562 5604 animumn
576 5552 831 5594 earnemcarnem.
848 5535 923 5590 Sim·
976 5536 1039 5591 dam
1068 5539 1185 5606 aliquam
1213 5546 1353 5606 naturam,
1383 5548 1507 5610 oportere
1533 5537 1592 5594 fieri
1620 5537 1647 5591 in
1676 5540 1772 5597 eodem

130 5603 275 5734 ffimoem
308 5608 353 5667 hic
379 5608 508 5678 allactet,
536 5617 566 5665 ut
594 5607 826 5682 amphibologiam
851 5607 924 5667 vitet.
978 5614 1086 5736 ἔειπ’).
1112 5610 1254 5666 Rationem
1279 5609 1368 5666 innuit
1391 5612 1524 5678 lrooaeus,
1553 5609 1602 5666 lib.
1630 5622 1682 5678 111,
1710 5627 1771 5686 cap.

200 5691 229 5733 n·
1016 5721 1023 5736 ο
1076 5695 1105 5736 c·
