3840 6134
100 381 154 443 825
687 379 783 443 Lllillll
815 381 859 442 llll
885 382 995 447 CARNE
1019 382 1160 446 CHRISTI.
1697 386 1752 448 826

100 517 143 567 ter
161 507 247 578 nasci,
262 521 318 564 non
338 506 372 564 da
394 505 502 578 spiritu,
518 520 570 562 nec
591 507 624 563 de
638 507 707 574 Deo,
725 509 772 566 sed
791 524 824 564 ex
843 507 894 565 riri
908 523 933 603 g
948 517 1063 577 cusam,
1106 510 1135 565 in
1162 524 1216 583 qna
1239 507 1387 566 dolnsnon
1410 509 1470 569 luit.
1500 508 1678 569 Defendimus
1702 528 1750 570 au·

99 595 299 655 retinetene
321 609 369 651 cur
392 609 446 650 non
469 593 503 650 de
526 594 680 666 corruptela
702 595 766 667 (7⁰),
790 596 837 654 sed
860 596 895 654 de
953 609 1006 658 tem
1028 599 1095 673 (ll),
1120 614 1175 655 nori
1198 613 1309 655 carnem
1334 598 1441 670 peccati
1465 608 1622 657 evacuatam
1641 618 1702 659 esse
1720 601 1749 659 in

99 683 303 758 incorruptela?
316 684 349 739 Et
366 698 450 756 quare
465 698 528 748 nou,
545 681 613 740 sicut
627 689 653 738 et
668 683 715 739 illa
738 671 914 749 resurrexit(
952 689 1068 759 Christo,
1088 687 1135 744 sed
1155 696 1294 758 peceatum
1314 687 1420 756 carnis3
1445 703 1500 743 non
1524 689 1675 756 materiam,
1701 690 1750 747 sed

100 786 129 834 et
153 775 183 832 in
206 774 277 832 coele
298 780 435 843 resumpta
458 779 509 840 est,
525 772 561 827 ita
581 782 607 829 et
630 779 732 844 nostra,
753 790 803 846 per
826 777 897 846 ejus,
952 784 1089 844 naturam;
1115 792 1166 833 nec
1183 775 1367 848 substantiam,
1392 776 1440 832 sed
1458 775 1577 848 culpam,
1599 779 1750 835 secundum

99 865 193 923 statim
205 862 370 921 assumitur?
383 870 487 918 auteur
501 861 557 928 illa,
570 877 619 932 par
633 870 805 930 nostrae,non
821 878 898 936 aequc
951 865 1077 937 Apostoli
1093 866 1279 923 auctoritatem
1293 864 1408 921 dicentis
1423 866 1514 935 (Rom.
1531 880 1593 935 viii,
1609 867 1636 938 3)
1654 883 1661 920 :
1678 857 1752 926 Evc-

99 954 244 1012 interram
268 951 400 1008 dissoluta
418 950 480 1007 est?
493 950 567 1008 Talia
588 958 616 1007 et
628 951 653 990 ⁸⁹
673 951 772 1009 ethnici
790 953 898 1009 solnh-
952 957 1048 1013 enavit
1066 959 1214 1028 peecatum
1230 955 1261 1010 iri
1280 970 1375 1012 certic.
1388 955 1456 1010 Nam
1472 964 1500 1013 et
1522 954 1585 1011 alibi
1601 957 1705 1029 (itta),
1719 957 1752 1013 iri

99 1046 188 1102 bunt:
205 1045 277 1118 Ergo
290 1042 339 1097 Dei
364 1037 437 1096 filius
463 1040 489 1096 iii
509 1047 611 1095 tantum
625 1039 785 1097 humilitatis
797 1042 900 1098 exhau-
952 1044 1154 1110 similitudine,
1166 1044 1260 1117 iuquit,
1273 1045 1370 1101 camis
1377 1045 1490 1119 peceati
1504 1044 1588 1103 inisse
1603 1046 1750 1103 Christum.

99 1131 182 1190 nuel
196 1132 241 1199 Et,
266 1129 290 1187 si
311 1128 461 1187 resurrexit
482 1128 509 1184 iii
532 1128 685 1202 exemplum
709 1132 768 1201 spei
788 1137 898 1196 nostrie,
952 1134 1015 1190 Non
1043 1132 1116 1206 quod
1149 1130 1353 1189 similitudinem
1381 1133 1470 1189 carnis
1501 1134 1645 1205 acceperit,
1674 1132 1752 1206 qnasi

99 1217 229 1277 curnihil
242 1218 294 1273 tale
316 1216 351 1274 da
373 1215 453 1273 nobis
475 1216 617 1289 probatum
630 1218 690 1273 est?
703 1216 791 1275 tao
805 1218 899 1275 llerito
953 1223 1100 1296 imaginem
1114 1220 1247 1293 corporis,
1262 1223 1290 1276 et
1312 1235 1368 1277 non
1385 1220 1540 1291 veritatem3
1556 1223 1604 1278 sed
1620 1221 1752 1278 similitu-

100 1308 205 1367 ethnici
220 1305 293 1373 talia,
307 1305 357 1362 sed
381 1306 475 1364 merito
496 1317 523 1364 et
544 1303 670 1365 haeretiei.
687 1307 814 1380 Numquid
828 1307 900 1364 euim
953 1312 1043 1368 dinam
1066 1309 1226 1383 peccatricis
1249 1310 1337 1366 carnis
1361 1309 1419 1366 vult
1437 1309 1568 1383 intelligi;
1596 1310 1670 1381 quod
1693 1311 1753 1383 ipsa

101 1397 173 1454 inter
196 1396 259 1453 illos
281 1394 372 1464 distat,
397 1393 449 1451 nisi
470 1395 542 1466 quod
565 1395 663 1452 ethnici
687 1412 741 1452 non
766 1398 901 1455 credendo
954 1415 1008 1456 uon
1023 1399 1158 1472 peccatrix
1178 1414 1240 1455 caro
1255 1396 1364 1466 Christi,
1379 1398 1439 1469 ejus
1454 1397 1503 1455 tuit
1526 1414 1585 1470 par,
1603 1401 1680 1471 cujus
1695 1404 1753 1457 erat

101 1485 226 1552 aedunt,
242 1491 270 1542 at
284 1482 403 1540 haretici
423 1483 560 1541 credendo
574 1499 629 1541 non
651 1485 784 1541 eredunt?
796 1485 902 1559 Legunt
957 1486 1036 1546 78¹
1061 1493 1217 1560 peccatum;
1239 1503 1350 1562 genere,
1367 1500 1421 1544 non
1444 1488 1510 1545 vitio
1530 1488 1617 1547 Adae:
1642 1487 1751 1561 qnando

101 1572 221 1647 denique
241 1570 329 1643 (Pici.
344 1571 428 1644 siii):
444 1571 590 1631 llinerosti
611 1588 675 1631 cum
693 1574 801 1632 modico
824 1575 902 1632 eitra
953 1577 1019 1633 binc
1046 1575 1126 1631 etiam
1157 1573 1350 1631 confirmamus
1376 1590 1434 1631 eam
1467 1573 1551 1632 luisse
1583 1590 1691 1631 carnem
1722 1574 1752 1631 in

102 1661 228 1736 angelos,
242 1669 268 1718 et
288 1666 389 1734 negant
410 1660 564 1718 interiorem
589 1663 765 1719 substantiam
789 1663 898 1735 Christi,
953 1663 1070 1732 Christo,
1093 1663 1171 1735 cujus
1188 1657 1291 1718 'natura
1311 1672 1353 1719 est
1372 1664 1399 1718 in
1416 1663 1526 1719 bomine
1551 1665 1701 1737 peccatrix;
1724 1669 1753 1721 et

104 1766 160 1807 nec
181 1750 317 1807 bominem
339 1765 380 1820 se,
396 1752 445 1807 sed
463 1766 583 1808 vermem
602 1754 799 1823 pronuntiantis
812 1753 898 1824 (Psoi.
953 1751 992 1808 sie
1007 1751 1034 1806 iii
1048 1751 1094 1809 illa
1108 1758 1248 1825 peecatum
1262 1756 1429 1817 evacuatum,
1444 1751 1515 1824 quod
1530 1751 1558 1806 iti
1570 1751 1676 1809 Christo
1692 1751 1751 1809 siue
1817 1774 1821 1781 ·

106 1839 189 1910 ui);
203 1838 249 1910 qni
265 1836 332 1910 (lic.
354 1838 413 1910 nui)
436 1854 488 1896 nee
502 1840 626 1910 somnum
647 1840 753 1906 ichnit,
770 1857 822 1898 nee
835 1855 900 1914 spe·
952 1848 1062 1912 peccato
1082 1841 1222 1909 habeatur,
1237 1855 1298 1914 quai
1313 1840 1339 1895 in
1358 1839 1469 1894 homine
1488 1838 1546 1894 sino
1569 1848 1681 1910 peceato
1696 1855 1752 1898 non

105 1930 199 1996 nicam·
222 1926 269 1983 sed
289 1927 374 1983 lorrna
396 1926 456 1999 ejus
479 1927 617 1999 ignobilis,
640 1927 768 2000 despecta
786 1929 810 1968 ⁹¹
834 1929 901 1986 citra
953 1930 1114 1986 habebatur.
1130 1930 1198 1985 Nam
1213 1944 1300 2002 neque
1319 1928 1351 1984 ad
1375 1927 1547 1999 propositum
1571 1927 1670 1983 Christi
1685 1927 1753 1987 lace·

101 2031 204 2073 omnes
217 2016 353 2083 bomines;
370 2016 451 2072 homo
463 2015 489 2070 iii
500 2016 589 2089 plaga,
599 2024 625 2072 et
634 2015 724 2072 scieris
733 2016 805 2074 ferre
818 2016 902 2076 imbc·
954 2028 994 2076 ret
1016 2020 1172 2077 evacuantis
1193 2027 1335 2094 paccatum
1358 2017 1457 2084 carnis,
1481 2032 1536 2074 non
1563 2017 1591 2072 in
1616 2033 1648 2074 ea
1671 2033 1753 2075 carne

98 2104 251 2163 ahmam
265 2106 424 2177 Agnoscunt
446 2105 584 2160 hominem
604 2106 662 2161 Deo
676 2106 793 2177 mistum,
809 2115 836 2162 et
850 2123 901 2164 ne-
954 2123 1084 2165 evacuare
1107 2108 1184 2176 illud,
1208 2108 1237 2164 iii
1260 2124 1313 2182 qua
1337 2115 1395 2164 erat
1417 2114 1511 2163 natura
1535 2107 1648 2180 peccati,
1664 2122 1753 2179 nequo

97 2203 169 2267 gant
188 2193 339 2250 hominem.
353 2193 489 2250 hlortuum
504 2193 626 2262 credunt,
640 2201 666 2250 et
681 2195 753 2266 quod
768 2201 810 2251 est
829 2210 902 2251 mor·
955 2197 989 2253 ad
1011 2197 1137 2271 glorium.
1153 2196 1225 2265 Quid
1248 2197 1318 2253 enim
1341 2212 1480 2270 magnum,
1498 2196 1522 2250 si
1543 2195 1571 2249 iii
1596 2209 1676 2253 carne
1695 2211 1753 2252 iiic·

97 2290 192 2349 tunm,
206 2297 240 2340 ex
254 2281 436 2354 incorruptela
445 2286 538 2338 natum
549 2298 611 2339 esse
625 2283 808 2340 contendunt:
824 2285 902 2356 quasi
954 2286 1033 2353 liora,
1055 2294 1082 2342 et
1110 2285 1230 2352 alterius,
1255 2284 1282 2339 id
1310 2293 1350 2340 est
1375 2300 1428 2342 non
1458 2283 1615 2358 peccatricis
1638 2291 1751 2354 naturae,

95 2371 260 2444 corruptela
277 2370 349 2428 aliud
371 2373 406 2428 sit
428 2389 444 2427 a
468 2381 564 2439 morte,
581 2392 594 2425 r
611 2370 664 2430 Sed
685 2379 712 2429 et
735 2382 825 2430 nostra
839 2389 902 2432 carc
954 2391 1060 2433 naewm
1073 2375 1098 2414 ⁹³
1112 2375 1245 2431 redemit?
1259 2375 1343 2447 Ergo,
1360 2373 1461 2447 inquis,
1477 2375 1501 2430 si
1515 2382 1634 2430 nostram
1653 2373 1751 2442 induit,

96 2461 197 2518 statim
211 2475 353 2533 resurgere
365 2459 490 2517 debebat.
509 2483 521 2512 i
539 2462 675 2534 Exspecta
691 2480 698 2517 ε
714 2463 834 2519 nondum
848 2464 902 2519 ini·
955 2463 1088 2537 peccatrix
1104 2462 1154 2519 luit
1171 2478 1235 2520 caro
1250 2462 1359 2519 Christi.
1374 2461 1436 2521 Noli
1460 2462 1648 2536 constringere
1665 2462 1754 2535 expli-

96 2552 192 2607 niiccs
214 2564 279 2606 suos
303 2548 426 2606 Christus
448 2551 591 2623 oppressit,
614 2558 645 2608 ut
666 2568 729 2608 cnm
752 2553 846 2610 amicis
868 2553 903 2610 de
955 2553 1071 2611 cabilem
1092 2568 1212 2610 sensum.
1232 2551 1361 2608 Nostram
1377 2551 1450 2608 euim
1469 2551 1593 2620 induens,
1609 2566 1686 2607 suam
1710 2550 1752 2608 le-

96 2638 224 2698 animine
236 2639 390 2712 triumphet.
956 2642 1009 2708 cit;
1024 2657 1101 2697 suam
1116 2640 1226 2706 iaciens,
1243 2656 1297 2694 uon
1321 2640 1498 2712 peccatricem
1518 2654 1579 2694 eam
1604 2637 1677 2696 lecit.
1694 2640 1753 2697 Cae·

402 2728 515 2786 CilPUT
534 2730 608 2788 xvl.
957 2740 1043 2787 terum
1070 2729 1155 2801 (quod
1179 2727 1213 2783 ad
1236 2742 1332 2784 omnes
1355 2729 1454 2783 dictum
1480 2726 1524 2799 sit,
1549 2726 1594 2797 qui
1612 2725 1673 2782 ideo
1697 2741 1753 2785 non

138 2818 267 2889 insuper,
282 2819 491 2890 argumentandi
509 2819 629 2889 libidine,
646 2835 679 2876 ex
698 2817 785 2875 forma
800 2818 902 2893 ingenii
956 2828 1050 2891 putant
1062 2834 1167 2874 carnem
1191 2824 1311 2874 nostram
1335 2817 1362 2872 in
1378 2816 1484 2873 Christo
1509 2814 1604 2884 luisse,
1620 2815 1753 2888 quianon

102 2905 238 2974 haeretici,
257 2907 349 2964 locuni
367 2907 418 2963 sibi
437 2907 502 2964 iecit
514 2908 666 2965 Alexander
686 2907 741 2976 ille,
757 2909 834 2980 quasi
852 2923 903 2966 nos
955 2906 1007 2963 luit
1031 2923 1063 2963 ex
1088 2906 1139 2966 viri
1163 2907 1278 2977 semine)
1299 2905 1473 2962 recordentur
1499 2903 1582 2961 ddum
1611 2906 1702 2977 ipsum
1723 2902 1753 2961 in

102 2993 283 3065 affirmemus,
295 2996 398 3054 idcirco
411 2997 548 3055 Christum
558 2997 659 3054 terreni
672 3012 769 3055 census
783 2997 903 3054 induisse
956 2999 1026 3053 bano
1038 3011 1156 3062 carnem,
1171 3010 1224 3053 non
1238 3011 1271 3052 ex
1284 2994 1389 3051 semine
1402 2993 1452 3051 riri
1468 2993 1577 3052 lactum.
1590 2993 1666 3050 Sicut
1680 3001 1753 3051 terra

104 3099 228 3154 earnem,
245 3093 274 3142 ut
296 3095 437 3143 evacuaret
457 3086 486 3141 in
504 3087 651 3158 semetipso
665 3102 772 3143 carnem
786 3086 901 3160 peccati.
920 3086 1086 3166 econverso
1103 3094 1143 3141 est
1165 3083 1194 3138 in
1212 3084 1282 3141 hano
1306 3098 1414 3139 carnem
1439 3082 1497 3139 sine
1520 3083 1570 3140 riri
1588 3085 1699 3153 semine,
1714 3083 1753 3139 ita
1861 3133 1865 3140 .

104 3172 188 3242 Quod
215 3174 265 3231 etsi
287 3173 451 3245 diceremus,
473 3190 630 3248 quacunque
653 3175 757 3231 ratione
780 3177 903 3232 munire·
957 3184 984 3230 et
996 3172 1045 3229 Dei
1060 3172 1178 3228 Verbum
1192 3171 1282 3242 potuit
1294 3171 1353 3226 sine
1364 3171 1477 3244 coagulo
1487 3170 1513 3226 in
1529 3171 1654 3242 ejusdem
1664 3169 1753 3228 carnis

106 3277 169 3320 nius
191 3263 352 3319 sententiam
375 3270 506 3331 nostram,
531 3264 594 3319 dum
622 3276 656 3320 ne
679 3270 753 3319 tanta
775 3262 901 3334 amentia,
957 3261 1232 3320 transiiemateriam.

106 3367 159 3424 qua
175 3350 292 3423 putarit,
309 3359 436 3425 tanquam
454 3351 541 3425 ipsam
556 3367 664 3409 carnem
685 3352 784 3408 Christi
803 3353 901 3422 opine·
1242 3401 1354 3459 CAPUT
1373 3400 1449 3456 XVII

107 3456 179 3511 mur,
213 3447 244 3496 ut
276 3442 464 3513 peccatricem,
492 3447 646 3499 evacuatam
674 3440 703 3497 in
728 3443 811 3514 ipso:
839 3459 903 3500 eum
1452 3440 1459 3455 '

107 3530 223 3588 tumet
242 3529 277 3585 ad
292 3529 430 3587 dexteram
448 3531 534 3587 Patris
552 3531 580 3586 in
595 3530 670 3588 ooelis
687 3533 826 3603 presidere
841 3549 902 3589 me·
990 3530 1045 3590 Sed
1073 3528 1184 3586 remisso
1215 3527 1367 3585 Alexandro
1396 3541 1457 3584 cuni
1486 3524 1544 3581 suis
1572 3522 1748 3598 syllogismis,

109 3619 275 3689 ninerinius,
304 3628 332 3676 et
358 3627 498 3676 tenturam
525 3619 599 3688 inde,
623 3632 754 3694 suggestu
783 3630 902 3692 paterna
956 3635 1026 3694 quos
1060 3618 1088 3674 in
1119 3615 1397 3691 argumentationibus
1432 3622 1549 3686 torquet,
1578 3613 1658 3670 otiam
1690 3627 1751 3667 cnm

108 3707 248 3775 Caritatis,
279 3705 467 3778 praedicemus.
490 3708 576 3780 Adeo,
605 3716 635 3765 ut
666 3716 822 3767 evacuatam
848 3726 902 3769 non
955 3707 1068 3781 psalmis
1094 3706 1229 3764 Valentini
1261 3706 1330 3778 (tt),
1360 3720 1429 3778 quos
1455 3718 1553 3776 magna
1582 3699 1750 3773 impudentia

109 3811 256 3869 posmnius
269 3794 296 3836 ⁹²
315 3795 414 3864 dicere,
434 3795 471 3852 ita
484 3811 536 3854 neo
558 3797 750 3870 peccatricem
770 3814 821 3856 nec
838 3814 902 3858 ern·
956 3797 1033 3872 quasi
1057 3795 1148 3854 idonei
1169 3794 1288 3868 alicujus
1308 3793 1425 3852 aucmris
1443 3791 1588 3859 interserit,
1614 3791 1647 3848 ad
1671 3805 1753 3846 unani

795 3897 892 3961 Variae
912 3900 1066 3963 lectiones·

109 4001 346 4131 ”affluam
371 4000 460 4061 liberi.
484 4001 569 4060 Semi.
599 4001 626 4042 ⁹⁸
650 4000 813 4059 Votutabarii
836 4006 917 4061 Pom.
944 4003 1031 4062 liberi.
1057 4000 1082 4041 ⁹¹
1105 3999 1217 4058 Deiecto
1247 4002 1333 4059 Fron.
1360 4002 1441 4057 Pam.
1470 3998 1495 4038 ⁹²
1524 3995 1661 4055 Pessimus
1683 3997 1754 4056 lito.

806 4144 1052 4210 Commentarius.

133 4253 201 4379 ⁰Sit)
216 4254 253 4310 nt
266 4267 318 4309 cur
331 4268 389 4309 nen
411 4250 445 4308 dc
463 4252 635 4326 corruptele.
651 4250 698 4305 Hae
712 4255 774 4305 sunt
788 4250 900 4322 argutia
953 4251 1007 4306 hoc
1029 4247 1135 4319 capite:
1152 4247 1268 4320 primum
1291 4249 1393 4317 purgat
1415 4243 1566 4300 catholicos
1584 4244 1617 4297 ab
1631 4243 1682 4299 bae
1696 4241 1752 4297 iiii·

112 4325 132 4381 V
160 4325 369 4390 entininnorum,
385 4338 446 4395 quae
460 4321 611 4379 Alexander
634 4321 677 4377 ille
692 4321 898 4393 conscripserat.
956 4329 1078 4391 postura;
1116 4318 1240 4387 alterum,
1268 4315 1382 4387 explieat
1414 4315 1560 4385 quomodo,
1590 4314 1652 4371 lieet
1687 4328 1750 4371 cato

111 4394 227 4464 enaim
250 4395 309 4452 hoec
331 4401 424 4465 postea
447 4401 574 4450 renotata
595 4393 621 4448 in
651 4391 782 4449 Oriente:
811 4400 900 4448 utrum
955 4390 1053 4448 Christi
1069 4389 1195 4445 lueritac
1210 4397 1312 4456 nostia,
1329 4396 1419 4441 tamen
1438 4400 1491 4441 nori
1507 4386 1641 4456 peccatrix
1656 4384 1748 4443 fuerit.

112 4466 211 4523 scilieet
223 4466 324 4524 Christi
342 4481 404 4522 caro
426 4464 607 4536 corruptibilis
628 4464 671 4522 rel
690 4463 901 4535 incorruptibilis
954 4463 1135 4533 Quamobrem
1156 4459 1249 4515 titulus
1270 4456 1366 4539 capitis
1387 4456 1425 4528 (iu
1449 4465 1504 4537 vet.
1527 4456 1677 4538 edit.),·qii·i
1701 4458 1751 4514 ob-

111 4536 200 4608 iuarit,
213 4546 244 4595 ut
256 4538 364 4594 monuit
377 4536 496 4611 Reginus
517 4552 616 4606 comes,
633 4537 712 4606 epist.
728 4537 900 4607 adFulgent.
916 4534 1051 4613 niceros
1071 4542 1122 4601 est,
1148 4530 1233 4603 potuit
1253 4530 1377 4602 decipere
1400 4528 1558 4609 baronium}
1585 4533 1636 4582 erit
1659 4536 1752 4600 itaque

110 4611 187 4680 cnjus
210 4609 336 4666 meminit
357 4608 509 4664 Ferraodus
524 4608 657 4665 Diaconos
672 4607 700 4662 iti
714 4608 899 4665 Pcroeeeticc.
956 4606 1000 4661 hic
1022 4604 1141 4660 clarior:
1161 4626 1171 4652 ι
1189 4603 1341 4670 Responsio
1357 4614 1405 4671 pro
1428 4598 1583 4663 Catholicis,
1599 4598 1672 4670 quod
1688 4613 1751 4656 caro

110 4680 172 4738 lto.
956 4691 1019 4732 vera
1032 4674 1132 4731 Christi
1146 4672 1280 4745 peccatrix
1303 4687 1356 4726 non
1379 4669 1472 4725 luerit.
1489 4690 1500 4719 ι
1518 4669 1596 4734 Lim,
1611 4669 1753 4725 admoturi·

144 4754 202 4823 (Ἡ)
217 4753 399 4825 Defendimus
408 4754 515 4809 aetem.
530 4750 665 4826 Integrum
679 4750 732 4804 hoc
747 4756 825 4820 ceput
839 4764 902 4819 apo-
959 4749 1032 4805 tibus
1047 4748 1120 4801 Eoo.

110 4823 181 4895 logia
195 4835 237 4881 est
261 4839 309 4906 pro
329 4821 488 4880 Christianis
509 4833 601 4879 contra
620 4821 769 4878 calumnias
784 4822 903 4877 Alexan·
991 4819 1048 4889 (te)
1066 4817 1134 4874 Cum
1148 4816 1267 4872 Psalmis
1291 4813 1441 4873 Valentini.
1457 4810 1621 4866 Eorumdem
1640 4808 1709 4891 inira
1723 4807 1753 4866 lit

110 4895 161 4962 dri,
192 4895 238 4966 qui
264 4895 420 4967 imponebat
451 4893 506 4948 illis
536 4891 690 4949 existimare
726 4893 902 4962 peccatricem
956 4891 1057 4944 mentio
1081 4905 1139 4960 cap.
1155 4891 1212 4944 20:
1233 4887 1345 4942 «Nobis
1366 4900 1475 4958 quoque
1496 4881 1531 4936 ad
1550 4883 1753 4951 bancspeciem

110 4980 219 5021 carnem
244 4966 380 5022 Christum
405 4965 541 5021 habuisse.
564 4964 648 5021 lliroi
673 4963 827 5031 Beronium,
857 4978 901 5019 an.
957 4960 1055 5016 Psalmi
1070 4960 1323 5041 patrocinabuntur,
1349 4955 1535 5038 noniquidem
1558 4960 1700 5036 apostatas,
1725 4960 1752 5009 ct

111 5035 208 5094 Christi
242 5041 304 5105 209,
329 5038 381 5094 boc
407 5042 489 5109 caput
516 5051 570 5091 non
599 5035 775 5100 intellexisse;
809 5033 904 5090 tribuit
957 5031 1088 5100 haeretiei,
1103 5040 1130 5086 et
1143 5029 1272 5086 Platonici
1288 5029 1455 5097 vilerum»
1473 5035 1525 5082 etc.
1539 5025 1648 5083 Videtur
1662 5034 1752 5081 autern

111 5123 181 5166 enirn
195 5109 351 5165 Alexandro
368 5107 433 5164 liuic
455 5107 665 5164 diversissimam
679 5106 804 5161 haeresim
819 5105 852 5159 ab
871 5118 905 5160 ea
957 5120 991 5159 ex
1010 5101 1157 5230 posteriori
1185 5102 1245 5157 loco
1268 5099 1430 5156 Valentinus
1455 5114 1509 5153 una
1533 5112 1596 5152 cum
1615 5095 1753 5153 Nicolaitis

112 5193 190 5250 qnam
216 5180 322 5238 babuit.
351 5181 390 5235 lta
422 5178 495 5236 enim
522 5178 705 5234 Alexandrum
739 5178 904 5247 exprobrans
958 5181 984 5231 et
1038 5173 1149 5229 nosticis
1172 5173 1281 5245 (quibus
1299 5187 1360 5227 eum
1383 5185 1504 5225 errorem
1532 5170 1641 5225 ascribit
1664 5168 1753 5224 Phili-

114 5251 256 5307 eiehmat:
275 5269 288 5303 r
305 5252 419 5307 Carnem
435 5249 544 5314 Christi,
562 5249 603 5304 sui
618 5258 688 5315 ortu,
705 5249 772 5319 proli
797 5247 902 5304 scelusl
958 5245 1123 5317 strius)⁸non
1144 5243 1288 5316 agnovisse
1308 5242 1429 5298 Psalmos
1451 5240 1545 5296 barin.
1560 5239 1636 5309 Quos
1659 5247 1755 5321 postea

113 5317 194 5402 impie
206 5322 316 5378 dicebat
340 5322 465 5377 inlectam
486 5320 577 5402 luisse·
592 5328 711 5390 peceato.
728 5320 811 5374 »Non
830 5318 903 5402 enim
957 5316 1195 5442 imitatuehPaulus
1217 5316 1418 5441 ὃαωὲἷειῗηυῗ,
1443 5321 1509 5368 teste
1525 5312 1754 5435 Ι[ἔμεοῑίᾖοὶῃίῒιρίῑτὰ

110 5389 905 5543 tltttlffbltttgtitt.lttltttt.ttltltt
957 5389 1353 5540 liililnlltlllaxt.
1367 5398 1540 5534 talitali
1554 5395 1755 5532 lliimlCa

111 5550 166 5606 ipse
200 5551 311 5593 minem
338 5535 507 5601 christine
536 5535 638 5589 diceret
666 5531 793 5588 iniectam
820 5531 905 5587 inisse
958 5539 1229 5601 nuperiuventos3a
1251 5545 1281 5583 se
1302 5541 1368 5582 vero
1383 5533 1562 5607 compositos,
1579 5521 1676 5605 diebus
1699 5521 1754 5603 Pa·

192 5613 230 5673 tc,
246 5606 414 5679 spiritualem
436 5605 563 5678 tingebat.
580 5605 610 5659 ld
633 5603 724 5679 colligi
745 5619 778 5659 ex
793 5601 903 5657 Tertul·
958 5603 1041 5664 scbae,
1055 5600 1082 5653 in
1098 5600 1187 5655 medio
1204 5597 1338 5678 eeclesia,
1354 5597 1484 5676 mulieres
1494 5607 1592 5650 canere
1604 5599 1756 5676 1¹¹³?113132

110 5622 190 5737 ma
203 5684 312 5750 potest,
326 5693 382 5736 non
403 5676 485 5736 aliud.
500 5676 541 5734 ilc
563 5683 707 5748 propterea
727 5675 781 5732 duo
803 5671 858 5746 igit
875 5671 904 5730 iit
958 5680 988 5727 ut
999 5672 1170 5728 horresceret
1190 5684 1214 5725 si
1237 5683 1299 5741 quis
1320 5667 1436 5725 inhiet
1451 5663 1520 5735 Qua
1537 5663 1621 5724 rerba
1642 5663 1705 5724 ideo
1727 5678 1756 5722 in
