3840 6134
134 292 186 357 alt
752 288 816 351 blB.
834 289 846 352 l
865 288 942 352 nltll.
963 289 1168 353 uauuouull.
1490 284 1500 301 ⁸
1729 293 1781 355 att

165 509 241 566 linos
265 507 393 565 Pontiam
418 506 486 565 deca
512 506 591 563 alieri
609 506 684 579 (tlt),
709 516 834 580 tanquam
863 430 969 564 duas¹
1020 505 1178 579 Principalis
1200 507 1299 579 itaqua,
1319 515 1348 565 et
1375 508 1399 547 ¹³
1413 507 1509 564 exinde
1532 517 1588 566 tola
1612 508 1780 580 mugressia,

130 597 322 671 symplegadas
339 597 475 668 naufragii
495 595 538 652 sui
556 595 637 668 (16);
658 611 739 669 quem
762 611 861 669 negare
875 610 930 652 non
983 593 1018 652 da
1037 608 1167 653 numero:
1193 611 1227 652 ιι
1249 595 1318 655 duos
1340 596 1407 654 deos
1430 595 1511 653 liceat
1530 596 1632 669 induci,
1658 599 1681 654 si
1710 596 1781 655 forts

129 687 224 759 patuit,
240 685 269 742 id
283 692 325 742 est
337 684 350 724 ⁹
364 685 529 753 Creatorem,
544 684 572 739 id
595 692 639 740 est
658 691 791 753 nostrum,
807 692 834 739 et
847 699 930 755 quern
983 684 1087 756 poetica
1099 693 1127 740 et
1144 683 1258 755 pictoria
1283 682 1391 740 licentia
1413 685 1471 753 (22)
1494 690 1522 739 ct
1538 684 1616 741 tertia
1635 686 1692 755 iam
1719 688 1780 742 bae·

128 775 247 849 probara
269 789 324 830 non
355 774 464 846 poterit,
483 773 509 829 id
532 782 574 831 est
592 788 689 829 sunm:
715 788 812 843 passus
839 772 931 832 infelix
983 773 1075 830 retica.
1101 773 1154 830 Sed
1178 772 1276 832 ueritas
1301 772 1451 829 Christiana
1472 772 1592 829 districtc
1619 775 1779 844 pronuntia·

128 864 210 933 buius
234 860 455 934 praesumptionis
474 860 630 918 instinctum
659 863 725 931 (17),
757 860 791 916 de
814 859 931 932 simplici
982 859 1040 915 uit:
1055 860 1139 925 Deus,
1153 859 1177 915 si
1192 875 1244 917 non
1258 873 1329 916 unns
1344 867 1395 926 est,
1421 874 1475 917 non
1501 866 1544 916 est
1559 877 1565 914 :
1583 858 1649 932 quia
1668 860 1780 931 dignius

130 950 250 1024 capitale
266 949 416 1006 Dominicae
437 949 667 1023 pronuntiationis
696 949 730 1014 ¹⁰,
751 951 778 1005 in
808 951 930 1008 homines
981 946 1118 1003 credimus
1142 961 1197 1004 nou
1216 962 1289 1014 esse,
1304 947 1484 1020 quodcunque
1508 962 1563 1004 non
1587 947 1624 1002 ita
1646 947 1726 1005 luerit
1750 957 1780 1005 at

127 1055 180 1097 non
194 1039 226 1094 in
240 1037 309 1094 deos
326 1037 492 1108 disponentis
506 1039 630 1109 exempla
650 1035 696 1092 illa
712 1038 789 1093 bonae
803 1045 831 1093 et
848 1038 928 1094 malas
982 1050 1043 1092 esse
1057 1035 1176 1091 debebit.
1192 1036 1279 1093 Deum
1302 1043 1437 1093 autemut
1455 1036 1524 1093 scias
1548 1051 1632 1091 uuum
1652 1051 1713 1092 esse
1726 1035 1779 1095 de·

126 1128 243 1193 arboris,
256 1126 328 1200 quod
343 1141 432 1198 neque
446 1125 518 1182 bona
532 1127 629 1192 malm,
649 1141 737 1199 neque
753 1126 823 1182 mala
841 1128 928 1184 bonos
981 1126 1055 1194 bere,
1070 1141 1164 1199 querc
1177 1125 1243 1198 quid
1264 1124 1299 1183 sit
1317 1127 1403 1194 Deus,
1428 1134 1455 1182 et
1478 1139 1533 1181 non
1548 1124 1626 1181 aliter
1645 1125 1778 1183 invenies.
1851 1140 1855 1150 ·

127 1216 247 1290 proferat
270 1215 373 1271 imatus
402 1215 513 1284 (llattb.
543 1230 605 1279 vara,
622 1216 682 1286 ¹⁸)³
707 1214 735 1270 id
763 1224 814 1280 est,
841 1231 929 1288 neque
980 1213 1115 1284 Quantum
1137 1216 1255 1271 humana
1268 1214 1388 1272 conditio
1412 1213 1446 1270 de
1469 1214 1527 1272 Deo
1541 1213 1654 1272 delinire
1680 1221 1779 1284 potest,

126 1320 203 1362 mens
216 1304 260 1360 rel
273 1302 343 1358 fides
361 1302 442 1369 bona,
462 1301 545 1358 malas
559 1305 620 1358 edat
634 1317 740 1374 operas,
756 1318 844 1375 neque
858 1305 928 1361 mala
979 1304 1007 1359 id
1026 1302 1126 1360 definio
1145 1304 1217 1375 quod
1240 1311 1266 1360 cl
1290 1302 1412 1360 omnium
1435 1303 1601 1360 conscientia
1624 1311 1777 1375 agnoscet:

127 1395 223 1449 bonas.
248 1391 392 1465 Languens
422 1391 492 1448 enim
517 1390 601 1462 (qnod
630 1398 657 1446 et
683 1406 755 1447 nunc
782 1392 872 1458 multi,
900 1400 929 1450 et
981 1392 1075 1462 Deum,
1091 1408 1226 1447 summum
1251 1407 1311 1448 esse
1331 1406 1462 1464 magam
1484 1392 1553 1464 (23),
1578 1391 1607 1448 in
1630 1364 1806 1456 eternitate(
1845 1377 1849 1381 ’

127 1479 243 1537 maxime
267 1477 398 1550 baeretici)
417 1478 489 1534 circa
517 1478 579 1534 mali
607 1478 795 1550 questionem,
827 1479 928 1537 rande
981 1481 1166 1547 constitutum,
1186 1480 1318 1551 innatum,
1345 1479 1484 1548 iniectum,
1507 1480 1565 1535 sine
1596 1479 1683 1546 initia,
1717 1481 1778 1537 sina

128 1567 227 1624 ndum
242 1566 326 1638 (ltili
343 1586 355 1616 ι
370 1574 397 1624 et
418 1565 522 1622 obtusis
540 1567 666 1624 sensibus
688 1567 747 1639 ipsa
769 1568 928 1626 enormitate
981 1567 1046 1625 linc.
1067 1569 1143 1625 Hunc
1160 1569 1341 1626 enimstatnm
1364 1568 1506 1649 aeternitati
1527 1567 1703 1641 censendum,
1716 1585 1778 1641 qua

127 1655 300 1723 conminus,
324 1653 464 1711 inveniens
488 1653 643 1711 Creatorem
667 1655 887 1724 pronuntiantem
903 1654 925 1693 ¹¹
981 1673 1116 1714 summurn
1137 1673 1266 1730 magnum
1292 1658 1377 1712 Deum
1398 1655 1508 1723 efficiat,
1523 1657 1587 1712 dum
1610 1657 1662 1714 boc
1682 1664 1724 1713 est
1751 1657 1778 1712 in

127 1744 190 1814 (Μ
211 1758 280 1806 bxv,
294 1742 323 1812 7)
336 1759 342 1796 τ
354 1743 538 1814 ansumqrn
550 1743 636 1799 condo
651 1743 810 1816 malalttl);
825 1751 927 1816 quanto
944 1717 1036 1803 Boea
1056 1745 1124 1816 ipsa,
1145 1754 1224 1819 atque
1239 1746 1278 1802 ita
1300 1753 1327 1801 et
1348 1752 1445 1802 cetera
1461 1752 1519 1813 ;*ut
1539 1745 1574 1801 sit
1599 1745 1674 1801 Dans
1699 1759 1777 1801 sum·

129 1831 214 1902 iprum
241 1838 456 1902 presumpserat
483 1830 547 1886 mali
575 1838 724 1897 auctorem,
749 1838 777 1886 et
804 1845 838 1885 ex
867 1829 928 1887 aliis
981 1851 1053 1890 mum
1073 1842 1259 1908 magnumst
1281 1831 1379 1899 forma,
1406 1839 1433 1887 at
1447 1832 1560 1898 ratione,
1575 1839 1602 1888 ct
1622 1833 1662 1904 ui,
1676 1844 1704 1888 et
1722 1848 1778 1905 po·

129 1919 306 1991 agumentis,
330 1933 393 1990 quae
420 1917 458 1974 ita
476 1919 642 1988 persuadent
668 1931 801 1990 perverso
819 1918 925 1992 cuique,
980 1930 1085 1979 testate.
1102 1924 1169 1981 Cum
1192 1922 1227 1978 de
1241 1921 1296 1977 isto
1318 1920 1461 1978 conveniat
1473 1918 1556 1991 2apud
1575 1921 1778 1993 omneslnemo

131 2014 199 2062 unte
224 2006 255 2062 in
282 2006 437 2063 Creatorem
460 2006 653 2079 interpretatus
679 2007 779 2063 malam
801 2008 927 2065 arborem
980 2009 1052 2068 enim
1071 2010 1180 2082 negabit
1194 2010 1280 2066 Deum
1300 2024 1435 2065 summum
1460 2022 1591 2079 magnum
1613 2007 1679 2080 qnid
1701 2023 1776 2078 esse,

129 2094 209 2152 natos
242 2092 346 2151 iructus
383 2095 555 2162 condentem,
598 2095 700 2152 scilicet
732 2095 812 2162 mala3
844 2095 926 2152 alium
980 2098 1032 2155 nisi
1046 2101 1092 2172 qui
1106 2099 1304 2171 poleritDeum
1328 2098 1422 2165 imum,
1439 2095 1576 2152 modicum
1590 2095 1666 2166 quid,
1682 2111 1779 2154 econ·
1873 2096 1878 2109 '

130 2180 301 2241 mdeum
316 2183 488 2256 presumpsit
500 2199 562 2241 esse
575 2183 675 2240 debera
691 2184 719 2239 in
733 2193 838 2256 partem
848 2187 927 2242 bonas
980 2189 1064 2246 traria
1078 2188 1260 2260 pronuntiare,
1277 2195 1307 2243 ut
1321 2187 1409 2243 Deum
1432 2193 1513 2258 neget
1535 2183 1684 2242 auterendo
1704 2185 1778 2258 quod

128 2273 227 2329 uberis
242 2272 331 2328 bonos
346 2271 457 2328 tructus.
473 2271 506 2327 tu
520 2272 558 2328 ita
575 2271 604 2327 in
623 2272 731 2329 Christo
745 2273 820 2344 quasi
843 2272 925 2329 aliam
980 2279 1028 2334 Dei
1042 2281 1104 2349 est),
1119 2294 1179 2350 quae
1195 2277 1245 2334 erit
1257 2279 1312 2345 jam
1327 2275 1446 2333 conditio
1457 2276 1544 2346 ipsius
1554 2275 1777 2348 summimagnii

128 2359 268 2418 inveniens
281 2359 502 2432 dispositionem,
517 2360 604 2417 solius
618 2370 645 2416 el
669 2378 745 2433 purae
769 2362 925 2436 benignita·
979 2383 1078 2439 nempe
1096 2375 1125 2422 ut
1152 2366 1217 2422 nihil
1241 2365 1280 2420 illi
1308 2365 1474 2436 adaequetur,
1490 2363 1519 2420 id
1545 2371 1597 2429 est,
1623 2371 1654 2420 ut
1673 2363 1780 2421 nonsit

128 2447 166 2516 tis,
186 2448 380 2505 ntdirersaea
400 2450 536 2518 creatore,
553 2448 630 2506 facile
653 2466 750 2507 novam
779 2459 806 2505 et
832 2451 926 2522 hospi·
981 2457 1054 2513 atiud
1068 2472 1204 2512 summum
1218 2471 1356 2530 magnum,
1367 2453 1462 2527 quiaai
1477 2453 1567 2521 inerit,
1578 2452 1777 2525 adaeqaabitur.

127 2545 175 2605 nm
203 2540 417 2610 argumentatus
442 2549 483 2594 est
503 2537 670 2594 divinitatem
691 2541 718 2595 in
741 2539 848 2597 Christo
876 2556 926 2597 suo
979 2555 1006 2604 el
1024 2546 1047 2600 si
1062 2544 1253 2616 adaequabitur,
1270 2558 1324 2599 non
1339 2541 1459 2612 eritjm
1473 2556 1607 2596 summurn
1616 2536 1702 2596 ²50
1724 2554 1781 2596 ma·

126 2627 284 2695 revelatam,
299 2625 460 2698 modicoque
482 2628 580 2683 exinde
592 2627 726 2686 termento
756 2636 838 2687 totam
862 2628 926 2685 fidei
980 2650 1074 2708 gnum,
1091 2648 1187 2691 eversa
1201 2631 1367 2696 conditione,
1390 2638 1427 2693 et,
1442 2635 1472 2684 nt
1501 2627 1538 2682 ita
1564 2626 1688 2697 dixerim,
1716 2626 1778 2700 lege

126 2730 238 2772 massam
254 2716 383 2771 baeretico
404 2730 482 2770 acore
510 2716 533 2754 ¹²
561 2715 667 2787 decepit
679 2717 748 2788 (20).
778 2716 876 2773 Habuit
899 2724 927 2774 et
979 2739 1039 2795 qnae
1067 2735 1173 2778 summo
1200 2735 1300 2794 magno
1328 2716 1395 2776 nihil
1431 2714 1496 2771 sinit
1530 2715 1676 2785 adequari.
1705 2714 1779 2786 Ergo

126 2802 276 2861 Cardeam
300 2801 446 2876 quemdam
475 2804 533 2874 (11)
567 2803 774 2861 informatorem
808 2805 927 2861 scandali
979 2812 1088 2868 unicum
1100 2809 1135 2867 sit
1148 2824 1261 2867 necesse
1285 2814 1337 2874 est,
1362 2803 1436 2878 quod
1457 2802 1539 2861 fuerit
1560 2817 1697 2860 summum
1716 2816 1777 2857 ma-

126 2893 218 2963 buJ'us;
238 2906 296 2964 quo
321 2891 427 2948 lucilius
442 2893 511 2948 dnos
538 2892 604 2948 deos
627 2893 692 2950 ceci
711 2895 882 2966 perspexisse
895 2909 924 2950 ss
978 2916 1070 2973 gnum,
1092 2913 1140 2970 par
1166 2913 1221 2955 non
1235 2896 1369 2964 babendo,
1385 2909 1420 2949 ue
1433 2906 1486 2948 non
1516 2891 1551 2947 sil
1564 2906 1700 2948 summum
1719 2906 1778 2947 ma·

129 2982 352 3037 emanaverunt.
378 2979 465 3036 Unum
486 2980 560 3037 enim
583 2996 636 3039 non
658 2983 765 3054 integre
788 2983 923 3040 uiderant.
937 2999 960 3076 c
973 3003 1068 3061 gnum.
1083 2987 1156 3061 Ergo
1181 3001 1236 3042 non
1263 2984 1340 3040 aliter
1355 2981 1406 3039 erit
1424 2998 1506 3056 quarn
1530 2997 1577 3050 per
1600 2979 1673 3052 quod
1696 2979 1820 3072 babath

129 3068 311 3139 Lippientibus
339 3069 420 3126 etiam
447 3070 595 3143 singularis
634 3071 744 3128 lucerna
776 3087 924 3128 numerosa
978 3090 1048 3143 esse,
1068 3074 1096 3130 id
1111 3082 1153 3131 est
1166 3075 1190 3113 11
1204 3072 1313 3131 unicum
1331 3071 1453 3129 omniuo.
1480 3069 1596 3127 Proinde
1617 3071 1692 3127 Deus
1713 3084 1792 3137 cum,

136 3164 184 3211 cst.
202 3155 321 3215 Alteram
345 3157 430 3229 igitur
454 3158 545 3228 deum,
563 3174 646 3232 quem
668 3159 792 3217 confiteri
809 3161 924 3234 negaba
978 3179 1113 3220 summum
1129 3177 1253 3234 magnum
1269 3161 1313 3227 sit,
1328 3157 1514 3216 recteueritas
1532 3165 1627 3212 nostra
1649 3148 1792 3230 pronun-i

132 3253 181 3309 lar,
194 3242 227 3300 de
249 3245 324 3302 malo
348 3246 509 3306 infamando.
523 3248 679 3305 destruxit:
701 3247 827 3314 alterum,
843 3264 924 3321 quem
978 3253 1069 3311 tiavit:
1084 3252 1164 3320 Deus,
1180 3251 1203 3306 si
1218 3264 1274 3307 non
1287 3263 1359 3305 unns
1372 3252 1425 3316 est,
1450 3260 1506 3300 non
1529 3251 1579 3302 est.
1608 3245 1669 3300 Nun
1697 3245 1776 3319 quasi

128 3335 298 3390 commentari
314 3334 512 3403 connitebatur,
528 3338 561 3393 de
576 3336 649 3394 bano
664 3337 829 3410 proferendo
841 3353 926 3395 cons.
980 3343 1139 3400 dubitemus
1153 3356 1213 3397 esse
1228 3341 1326 3405 neum,
1341 3334 1475 3394 diceudo:
1495 3333 1525 3390 Si
1539 3346 1593 3389 110⁰
1616 3349 1697 3399 ⁰⁰¹⁵,
1720 3350 1777 3392 1101!

128 3424 213 3481 traxit.
229 3425 416 3480 Hasnaturas
429 3425 528 3497 quibus
546 3425 713 3496 disposuerit
732 3425 862 3494 articulis,
875 3441 923 3499 per
976 3436 1034 3497 est3
1054 3426 1180 3500 sedquia
1194 3440 1275 3497 quem
1299 3421 1547 3489 confidimusesse,
1561 3418 1591 3474 id
1609 3425 1670 3476 aum
1688 3419 1776 3476 ¹⁵de·
1818 3414 1825 3427 ’

126 3509 190 3581 ipsas
206 3513 407 3583 responsiones
421 3520 527 3569 nostras
541 3514 718 3571 ostendimus.
978 3513 1103 3571 finiamus
1116 3529 1176 3572 esse
1190 3513 1263 3587 qnod
1279 3511 1300 3568 si
1317 3526 1372 3568 uon
1383 3517 1436 3578 est,
1447 3508 1519 3565 Deus
1533 3521 1587 3563 nou
1601 3515 1655 3572 est,
1666 3507 1689 3546 ¹⁶
1698 3523 1775 3563 surn-

810 3635 906 3701 Variae
928 3641 1085 3704 lectiones.

153 3758 210 3814 ¹ld
224 3764 267 3815 est
282 3762 378 3817 omiti.
405 3762 499 3817 botin.
515 3761 539 3799 ¹⁰
551 3761 785 3819 Prennntiationis
807 3762 869 3817 alii.
888 3762 910 3799 ¹¹
926 3761 1151 3820 Praenuntiantem
1166 3762 1228 3819 alii.
1251 3760 1274 3799 11
1302 3762 1404 3817 acrore
1443 3757 1552 3816 Samlcr
1575 3757 1636 3814 cad.
1659 3757 1773 3814 maaet.

129 3827 149 3868 ¹³
160 3830 207 3886 Est
222 3832 324 3888 Jun.¹¹
337 3832 368 3886 ld
379 3838 405 3887 ct
419 3834 486 3889 lan.
502 3834 593 3891 Vanet.
605 3836 668 3905 Rea.
682 3834 706 3872 ¹⁵
720 3833 804 3891 iidem
814 3834 932 3891 semler.
949 3834 1023 3890 idem
1038 3838 1122 3892 Fran
1141 3834 1164 3873 ¹⁶
1177 3834 1211 3889 Et
1227 3834 1317 3892 inser.
1335 3831 1453 3890 Semlcr.

817 3957 1068 4023 Commentarius.

157 4079 214 4151 (ιὸ)
228 4083 304 4137 baca
314 4082 447 4138 Ponticas
461 4081 525 4140 deas
538 4083 639 4154 asseri.
658 4081 698 4137 Αι
738 4089 860 4138 mentum
870 4082 924 4137 ha·
977 4081 1108 4152 nequitia,
1686 4149 1692 4158 Ι

126 4149 166 4218 jus
179 4152 278 4222 capitis
298 4150 341 4206 his
350 4153 442 4208 verbis
456 4152 557 4208 indicat
572 4160 665 4208 auctor
680 4171 687 4208 ε
724 4153 855 4212 eduabus
869 4154 924 4211 diis
1013 4154 1070 4225 (ιι)
1084 4151 1185 4209 aaran
1199 4157 1227 4210 et
1240 4151 1392 4209 Cerdonem
1407 4153 1564 4222 quemdam.
1577 4149 1708 4205 Cerdonis
1722 4149 1777 4206 dis·

130 4221 284 4292 terrionis,
301 4222 376 4293 quod
392 4225 526 4296 precipua
541 4231 667 4280 tractatur
679 4224 721 4278 bis
736 4224 823 4296 primo
838 4233 865 4280 et
881 4239 924 4280 se·
977 4226 1085 4295 cipulus
1099 4223 1219 4280 Marcion
1233 4223 1356 4291 magistri
1371 4223 1520 4278 doctrinam
1546 4221 1634 4277 adbuc
1655 4221 1774 4287 adauxit,

127 4293 208 4348 cundo
234 4293 313 4349 libris
328 4293 460 4352 aduersas
475 4297 652 4354 Marcionem.
676 4297 716 4352 De
728 4311 782 4366 quo
797 4295 878 4351 etiam
892 4296 923 4351 B.
942 4312 966 4390 ὓ
983 4297 1075 4366 sicque
1099 4293 1207 4365 pessimi
1221 4293 1343 4365 magistri
1367 4292 1486 4364 optimus
1513 4292 1564 4349 init
1586 4290 1736 4363 discipulus
1748 4300 1776 4349 el

125 4361 240 4420 lustinus
251 4364 373 4437 apolog,
385 4367 419 4421 11.
434 4366 503 4423 Pata.
982 4366 1110 4423 imitator.
1121 4365 1160 4420 [ι
1174 4366 1224 4420 Pa.

157 4436 215 4506 (te)
233 4437 377 4509 Tanquam
398 4437 467 4495 duas
481 4438 674 4519 symplepadas
695 4438 846 4511 naufrapii
864 4439 922 4496 sui.
1013 4441 1067 4511 (22)
1083 4438 1113 4495 Si
1125 4439 1199 4509 sarie
1210 4435 1356 4507 poeticael
1368 4435 1492 4506 pictoria
1508 4434 1776 4504 licentia.Quoniam

127 4504 321 4578 Symplegadas
335 4515 397 4562 sunt
417 4508 471 4564 duo
494 4510 609 4578 scopula,
630 4526 677 4564 sen
699 4510 785 4566 maris
800 4523 880 4577 rupes
893 4510 921 4564 in
976 4525 1106 4565 concessa
1122 4507 1211 4563 omnia
1226 4506 1353 4561 videntur
1367 4507 1603 4575 pictoribusatque
1618 4505 1715 4577 poetis,
1732 4519 1778 4561 ea·

127 4576 191 4631 mari
205 4578 239 4631 ad
253 4577 427 4648 bosphorum
445 4579 599 4636 Thracium.
616 4580 748 4637 Dicuntur
769 4590 851 4651 pelrae
866 4579 922 4651 Cy·
975 4583 1036 4637 dem
1052 4579 1158 4637 licentia
1171 4577 1289 4633 Marcion
1307 4576 1346 4632 uti
1361 4576 1433 4632 uelle
1444 4592 1473 4630 se
1489 4575 1632 4699 significat,
1644 4573 1778 4655 ut'impie·

126 4661 181 4702 ιιιιι
194 4648 230 4703 ab
243 4649 408 4720 appollonia
423 4649 523 4715 illaad,
548 4651 595 4705 lab.
612 4667 621 4705 ι
635 4652 739 4722 Arpon.
759 4658 786 4707 et
809 4651 924 4721 Cyanee
976 4652 1093 4709 tatemin
1109 4653 1193 4706 Deum
1208 4655 1315 4704 astruat
1330 4649 1423 4718 Neque
1435 4646 1470 4702 de
1493 4662 1519 4701 nr
1543 4644 1577 4700 rlo
1599 4645 1644 4700 bre
1657 4652 1769 4726 picturae
1865 4649 1875 4668 ‘

128 4719 319 4791 symplegades
334 4720 367 4776 ab
382 4720 510 4792 Euripide
525 4720 552 4775 in
569 4723 669 4779 Medea.
687 4723 727 4778 La
742 4723 790 4777 Pu.
976 4723 1039 4780 iacit
1067 4722 1250 4788 mentionem3
1277 4735 1350 4787 nam,
1381 4726 1411 4775 nt
1439 4716 1493 4772 alio
1522 4717 1580 4772 loco
1609 4729 1774 4784 monuimus,

159 4790 215 4871 (ιι)
229 4791 334 4871 Passus
347 4793 433 4863 lajas
442 4796 672 4875 praesumptionis
683 4795 862 4852 instinctam·
880 4791 925 4850 Sic
977 4794 1105 4866 appelles
1114 4801 1141 4850 et
1154 4794 1341 4865 Hermogenes
1353 4788 1522 4860 professione
1530 4787 1646 4869 pictores
1656 4786 1777 4855 luerunt,

128 4875 260 4932 pnncrpro
283 4862 345 4917 libri
363 4865 397 4918 de
418 4863 574 4935 Virginibus
596 4865 734 4920 velandis:
753 4886 765 4916 ι
783 4862 924 4936 Proprium
978 4876 1123 4938 antequam
1136 4866 1170 4922 ad
1181 4862 1341 4921 turbandam
1349 4861 1505 4918 aeclesiam
1520 4875 1637 4916 animum
1657 4857 1777 4932 appelle·

128 4939 180 4987 ιιιι
193 4932 337 5005 negotium
348 4949 445 5005 passus
460 4950 527 4991 meae
543 4935 689 5004 opinionis.
707 4937 796 4993 »lira
979 4947 1048 4995 rent.
1064 4939 1105 4995 ln.

162 5002 219 5074 (ιι)
237 5006 317 5063 Circa
331 5007 403 5062 mali
421 5008 618 5077 qaaestionem,
634 5008 709 5066 uam
729 5007 851 5064 malam.
868 5007 926 5063 Hoc
1027 5012 1072 5080 23)
1086 5011 1174 5066 Deam
1189 5023 1331 5064 carantam
1355 5021 1412 5064 esse
1435 5020 1584 5077 acapnum.
1599 5001 1777 5084 Pulcbralllei

128 5082 176 5142 est,
275 5082 352 5131 ειιιι
377 5076 448 5133 circa
461 5077 522 5132 mali
556 5079 725 5135 uestionem.
742 5078 861 5148 Quaestio
875 5093 926 5134 au·
979 5081 1014 5136 de
1036 5079 1111 5144 nitio,
1127 5083 1277 5153 quantana,
1293 5087 1322 5133 ut
1336 5075 1426 5136 verbis
1434 5076 1553 5132 auctoris
1562 5075 1780 5146 precedentibus

131 5153 182 5199 tem
198 5147 244 5202 ιιι
257 5154 299 5202 est
315 5164 321 5201 :
339 5147 420 5203 Unde
435 5095 556 5204 matum‘i
570 5149 611 5204 lo.
980 5159 1050 5217 utar,
1071 5173 1081 5202 ι
1098 5152 1216 5207 hnmana
1238 5149 1358 5207 conditio
1380 5148 1416 5204 de
1431 5149 1488 5209 Deo
1510 5146 1622 5203 delinire
1645 5154 1744 5218 potest.
1762 5165 1776 5198 s

163 5216 221 5287 (19)
235 5219 290 5290 Epo
305 5235 371 5275 sam
385 5224 433 5292 qai
444 5219 530 5277 canda
546 5221 633 5277 mala.
649 5221 735 5277 Vatia.
751 5221 775 5277 11
797 5237 848 5276 ms.
864 5220 926 5277 cod.
981 5223 1209 5307 Similiterautcm
1223 5220 1291 5304 dinlt
1304 5220 1375 5276 inira
1387 5235 1448 5302 cap.
1465 5217 1496 5273 7:
1513 5218 1604 5300 ullane
1619 5233 1717 5290 nempe
1731 5216 1778 5273 Dei

130 5302 201 5413 ιι
216 5290 585 5434 astrumenta
600 5291 928 5421 ιιιιιιι
980 5288 1779 5432 ιιιιιιιιιιιιιιιιι

132 5447 164 5500 pa
181 5431 379 5503 inpcrrecut„
395 5432 540 5489 sedetiam
560 5434 610 5489 lib.
625 5448 646 5490 ιι
658 5435 720 5492 adu.
739 5436 821 5492 liare.
834 5437 905 5491 Ριιι.
983 5438 1031 5496 lib.
1046 5438 1082 5494 ad
1098 5440 1296 5511 Hermogenem
1305 5452 1365 5508 cap.
1381 5437 1415 5489 7:
1432 5453 1447 5485 ι
1463 5434 1548 5489 Deum
1562 5439 1701 5493 aeternum,
1722 5433 1780 5486 5118

165 5499 222 5570 (20)
239 5504 333 5559 Totam
342 5502 411 5571 fidei
419 5521 544 5563 massam
559 5503 690 5563 haeretica
703 5523 784 5564 acore
808 5506 927 5578 decepit.
982 5509 1113 5579 innatum,
1127 5510 1253 5564 omatibus
1265 5508 1395 5577 majorem
1411 5512 1438 5560 et
1457 5501 1651 5568 sublimiorem,
1667 5515 1716 5557 nec
1731 5516 1778 5556 na·

132 5570 253 5643 Proprie,
269 5574 395 5648 decepit.
411 5575 543 5633 Eatsmm
552 5577 668 5648 pertidia
681 5577 804 5649 quedam
818 5579 847 5634 in
859 5578 930 5636 aceti
984 5588 1040 5639 turn
1055 5595 1105 5637 nec
1118 5577 1229 5649 iactum,
1240 5579 1300 5635 sine
1313 5576 1399 5645 initio,
1415 5575 1473 5631 sine
1483 5575 1546 5630 fine.
1563 5591 1578 5624 s
1598 5571 1670 5627 Patr.
