3840 6134
48 341 115 402 rect
483 328 998 400 tarmutxt.-u.tt⁰ltttttt1ttt1
1015 329 1136 393 motta
1153 332 1274 398 maor.
1499 302 1503 309 ’
1623 343 1693 404 rasa

83 467 143 523 Non
163 465 263 522 mirum
282 474 373 523 autem
388 469 440 534 est,
460 464 533 538 quod
548 464 703 522 Ecclesiam
716 464 749 519 in
767 461 844 520 catis
858 471 882 552 fl
897 458 986 516 Unum
1010 458 1130 517 habuere
1143 459 1318 533 baptismum,
1333 459 1380 535 qui
1393 476 1476 519 unam
1498 477 1552 522 non
1571 463 1693 527 habuere

47 556 154 628 dixerit,
165 572 226 613 cum
241 557 299 613 hac
313 554 413 627 passim
423 554 451 609 in
464 551 617 626 Evangeliia
631 555 755 626 llepnam
763 551 846 608 ceclo-
898 564 994 621 apem3
1021 548 1157 621 quomodo
1178 548 1252 605 enim
1276 565 1357 605 unam
1376 568 1453 624 spem
1476 552 1612 612 habehant
1630 574 1691 615 cum

48 641 795 717 rumappelletur,utitatth.xtrr,tl:Similesactnm
804 642 846 699 est
898 636 999 695 sanetis
1020 644 1047 694 et
1070 636 1162 708 justis,
1184 639 1230 710 qui
1258 637 1382 696 dicebaut
1407 660 1414 698 :
1439 643 1637 704 Manducemus
1665 651 1693 707 et

47 734 315 809 repnamcoeloram
326 734 434 791 bantra
444 734 493 805 qni
503 733 847 802 seminavit,etc.,etc.;et
900 725 1036 792 bibamus,
1054 743 1116 783 cras
1138 728 1215 785 enim
1229 730 1396 800 moriemur,
1416 730 1536 790 diceutes
1550 735 1625 806 quod
1639 752 1693 794 uon

51 840 77 880 r.
95 828 125 879 at
146 823 268 880 :Simile
282 826 323 880 est
337 837 456 893 regnam
470 821 604 881 crebrum
621 836 708 894 prono
728 820 846 891 sinapis,
899 823 972 871 esset
986 814 1159 871 ressurrectio
1174 816 1365 874 mortuorum?
1381 840 1392 868 ι

50 922 101 970 etc.
114 912 149 966 Et
162 911 201 967 sic
216 909 310 968 eadam
334 925 395 982 cap.
411 909 520 981 sapius,
544 908 591 965 nbi
614 916 716 966 certum
730 916 771 965 est
795 910 846 964 Ec-
936 904 1052 959 Possunt
1065 902 1147 976 igitur
1160 919 1244 961 unum
1260 904 1434 963 nihilomiuus
1453 905 1566 979 habere,
1579 909 1696 984 dareque

53 1001 169 1060 chriam
183 1007 299 1057 nostram
314 999 462 1072 designari,
477 1013 570 1071 quaa
593 998 651 1055 Deo
664 1000 697 1054 in
717 997 794 1055 ecclic
813 996 847 1051 ab
902 991 1074 1064 baptismum,
1099 993 1144 1066 qui
1169 1009 1250 1051 unum
1280 1011 1333 1052 nou
1355 995 1457 1054 habeut
1479 997 1570 1066 fidem,
1591 1016 1642 1059 uec
1669 1000 1695 1058 in
1791 1045 1794 1054 .

54 1098 155 1145 aeterno
174 1087 304 1157 ordinata,
325 1102 338 1142 a
366 1087 472 1143 Christo
487 1087 514 1142 in
531 1085 611 1142 terris
633 1085 764 1157 plantata,
779 1090 807 1141 et
820 1083 849 1140 in
902 1097 956 1139 nna
978 1082 1118 1140 nobiscum
1134 1083 1256 1141 Ecclesia
1273 1092 1344 1157 sunt,
1359 1086 1508 1158 baptismus
1521 1090 1592 1147 enim
1601 1094 1698 1165 janna

54 1177 156 1235 unitate
177 1176 312 1248 baptismi
333 1176 491 1245 coadunata,
514 1174 621 1232 demum
646 1176 677 1231 in
702 1175 778 1231 caelis
801 1189 850 1246 per
904 1172 934 1226 et
946 1171 1053 1227 ostiam
1073 1169 1199 1228 Ecclesiae
1213 1179 1263 1240 est,
1288 1188 1336 1245 per
1356 1175 1427 1248 quod
1452 1177 1538 1233 solum
1561 1179 1595 1234 ad
1620 1196 1695 1236 eam·

52 1265 185 1326 visionem
200 1281 231 1323 ac
246 1265 383 1321 lruitivam
397 1265 569 1324 dilectionem
584 1271 794 1323 consummatur.
903 1258 964 1314 dent
985 1257 1125 1334 ingressus
1148 1266 1238 1331 patet;
1255 1275 1309 1318 uou
1328 1260 1411 1336 igitur
1429 1263 1508 1322 datur
1522 1266 1547 1323 ei
1571 1269 1621 1341 qui
1643 1274 1696 1337 est,

90 1355 132 1414 ta
146 1372 198 1414 nos
211 1356 289 1413 enim
303 1353 412 1412 editam
426 1359 478 1412 est.
490 1352 535 1410 Sic
550 1352 659 1426 quidam
674 1353 849 1427 intelligunt:
906 1345 952 1402 ted
974 1351 1009 1404 ttl
1032 1350 1071 1405 ait
1085 1347 1112 1404 in
1135 1347 1266 1406 Ecclesia.
1292 1348 1369 1419 Sicut
1391 1359 1481 1409 autem
1507 1354 1593 1412 malus
1607 1357 1699 1428 bapti·

54 1444 97 1501 Λᾶ
111 1460 161 1501 nos
179 1443 249 1500 euim
271 1441 338 1498 illud
352 1449 451 1499 sauctae
465 1441 610 1516 Scripturas
632 1441 744 1499 allatum
764 1441 854 1511 (vide·
906 1436 957 1492 ami
984 1435 1108 1493 minister
1134 1437 1161 1492 in
1183 1453 1213 1493 se
1236 1439 1391 1497 nonhabet
1412 1441 1537 1515 gratiam,
1559 1452 1587 1502 et
1611 1453 1700 1503 maren

54 1533 117 1590 licet
138 1532 172 1589 de
190 1533 301 1591 linitate
313 1531 457 1605 baptismi,
479 1539 584 1588 utmor
598 1533 690 1604 supra)
711 1532 852 1589 directam
906 1523 1031 1580 eamdem
1054 1540 1101 1596 per
1115 1523 1278 1597 baptismum
1300 1526 1375 1585 alteri
1389 1529 1495 1589 coulert
1511 1549 1518 1588 :
1533 1531 1572 1590 sic
1593 1540 1620 1591 et
1643 1535 1701 1592 hae-

56 1629 112 1689 mt,
128 1638 175 1679 sen
190 1638 250 1690 nos,
268 1621 367 1677 Christi
382 1620 485 1687 fideles,
502 1622 628 1694 respicit.
906 1612 1016 1679 retiens,
1043 1611 1152 1670 etiamsi
1183 1611 1252 1671 lorte
1279 1615 1393 1687 ipsemet
1420 1618 1586 1692 baptismum
1612 1623 1702 1682 aalide

96 1713 376 1770 Communicntr'enis.
391 1710 439 1765 Vel
462 1727 495 1767 er
509 1711 562 1767 troc
584 1713 669 1769 solum
693 1709 754 1767 loco
769 1708 854 1766 mani·
908 1716 961 1758 uon
977 1701 1133 1774 susceperit,
1150 1708 1237 1759 tamen
1252 1703 1327 1761 alteri
1350 1706 1437 1764 valide
1460 1708 1580 1767 coulerre
1601 1720 1700 1784 potest,

57 1802 157 1858 testum
180 1808 231 1865 cst,
258 1814 363 1860 morem
387 1799 421 1854 ab
448 1799 637 1857 haeretieorum
664 1798 854 1858 communione
870 1756 893 1836 Β
909 1790 987 1863 eique
1012 1792 1110 1848 ostium
1136 1790 1203 1848 illud
1232 1792 1358 1851 Ecclesiae
1386 1811 1515 1869 reserare,
1540 1814 1571 1855 ac
1600 1817 1647 1872 per
1675 1801 1702 1857 id

56 1886 222 1951 abstinendi,
247 1884 275 1940 in
297 1882 417 1942 Ecclesia
439 1885 653 1959 antiquissimum
682 1902 753 1944 esse.
776 1885 855 1943 Adde
908 1879 991 1935 alium
1010 1879 1201 1955 intromittere,
1223 1881 1337 1955 ipsemet
1360 1887 1557 1958 extraJauuam
1580 1904 1702 1947 maneus.

55 1973 138 2033 priam
155 1973 174 2028 t,
191 1973 224 2030 aa
242 1975 358 2032 Praescr,
379 1989 438 2046 cap,
454 1977 498 2031 30.
909 1964 964 2024 Sed
977 1967 1028 2024 hac
1047 1968 1081 2026 de
1093 1984 1124 2025 re
1143 1984 1193 2026 nos
1208 1985 1257 2028 suo
1272 1972 1331 2031 loco
1345 1973 1515 2033 commodius
1528 1975 1705 2053 erectiorque

97 2061 178 2120 Nobis
204 2065 235 2119 et
253 2062 322 2119 illis.
346 2063 510 2131 Cerdonem,
527 2064 707 2137 llarcionem,
721 2065 857 2138 Apellen,
908 2055 1039 2113 dicemus·

58 2152 273 2223 Hermogenem,
285 2150 461 2222 ejusdemque
476 2151 589 2208 lnrluris
604 2153 671 2211 alios
690 2154 735 2210 hic
749 2154 855 2229 suggit.
944 2145 1051 2202 luterea
1064 2162 1129 2204 raro
1145 2162 1177 2204 ex
1195 2147 1273 2206 dictis
1292 2149 1464 2209 manifestum
1487 2160 1530 2212 est
1550 2155 1706 2227 opinionem

59 2240 108 2310 lat,
124 2239 171 2312 qni
193 2238 262 2296 duos
283 2239 360 2304 deos,
385 2239 451 2306 imo,
474 2247 503 2294 ut
526 2239 695 2306 Valentinus,
720 2242 856 2315 integrum
909 2235 1071 2290 contrariam
1084 2236 1140 2305 iam
1159 2254 1224 2295 aoee.
1239 2253 1260 2294 u
1282 2249 1440 2298 senescente
1461 2243 1490 2300 in
1503 2244 1624 2303 Ecclesia
1637 2248 1706 2305 Car·

59 2328 219 2389 eorumdem
241 2342 353 2384 examen
377 2342 410 2383 ex
435 2326 519 2382 deliro
534 2344 585 2385 suo
600 2330 711 2386 cerebro
730 2331 855 2386 emisere.
910 2324 985 2397 theg.
1007 2331 1101 2391 Oltam,
1128 2339 1161 2380 tt
1184 2325 1313 2400 deinceps
1331 2328 1365 2384 ah
1392 2331 1556 2407 Agrippino,
1580 2336 1707 2406 ejusdem

10 2434 20 2443 ·
58 2418 131 2477 Vide
150 2417 198 2474 lib.
212 2416 247 2474 de
261 2419 380 2473 Proeser.
392 2431 451 2486 cap.
471 2417 498 2483 t,
514 2432 574 2487 cap.
590 2419 635 2486 30,
650 2432 710 2489 cap.
732 2421 777 2486 33,
793 2433 854 2491 cap.
910 2411 1048 2485 episcopo,
1064 2420 1226 2486 susceptam,
1242 2431 1258 2471 a
1276 2425 1369 2476 sancto
1390 2420 1526 2494 Cypriane
1548 2424 1634 2482 multo
1652 2426 1707 2485 ior·

57 2509 97 2569 do
111 2509 146 2566 nd
160 2509 208 2563 fin.
224 2517 250 2564 et
268 2507 296 2562 in
311 2506 433 2579 Append.
449 2521 511 2577 cap.
527 2507 561 2563 it
578 2521 627 2578 per
642 2514 689 2563 tot.
910 2499 964 2557 tius
982 2501 1165 2559 confirmatam
1187 2503 1273 2562 luisse
1289 2523 1296 2562 :
1311 2523 1365 2578 qua
1382 2506 1416 2564 de
1429 2525 1459 2565 re
1477 2511 1585 2571 illorum
1600 2522 1706 2584 tempo.

100 2598 198 2662 idest,
218 2595 306 2662 idem,
333 2594 511 2652 Valentinum
530 2593 701 2666 singulariter
720 2594 764 2651 hic
782 2595 857 2652 inse·
910 2605 971 2646 rum
994 2590 1107 2648 historia
1127 2592 1205 2664 plena
1223 2603 1304 2662 aean
1326 2595 1458 2669 theologis
1476 2602 1576 2659 nocuis
1594 2601 1707 2677 dogma·

61 2693 163 2758 ctatrtr,
179 2683 224 2757 qni
250 2683 383 2739 Christum
408 2698 441 2739 ex
467 2684 612 2755 Demiurge
627 2685 656 2739 et
679 2683 782 2757 Sophia
800 2684 858 2740 edi·
910 2678 970 2737 tieis
983 2679 1113 2751 prolixius
1127 2682 1247 2739 exhiberi
1262 2683 1349 2740 solita.

61 2781 121 2832 tum
135 2772 294 2844 impiissima
306 2772 410 2839 asserit,
426 2786 520 2827 rursus
534 2770 566 2826 de
582 2773 685 2828 Praese.
700 2786 760 2843 cap.
776 2772 802 2827 7.
948 2766 984 2825 ht
996 2784 1061 2827 aero
1076 2784 1176 2826 norum
1195 2771 1240 2827 hic
1253 2773 1375 2847 exsurgit
1385 2773 1509 2846 dubium,
1523 2795 1558 2838 an
1576 2782 1708 2859 Agrippi.

101 2864 160 2922 Nan
174 2862 286 2919 babent.
307 2860 376 2916 Sunt
395 2858 515 2932 quidem,
531 2857 577 2929 qui
600 2859 796 2916 Tertullianum
814 2858 858 2919 hic
912 2874 963 2914 nus
977 2874 1011 2915 ex
1035 2858 1210 2927 Tertulliano,
1230 2877 1298 2918 anve
1312 2863 1355 2920 hic
1369 2879 1403 2921 ex
1425 2864 1471 2923 illo
1497 2870 1616 2940 (coaeros
1634 2874 1708 2931 enim

60 2953 100 3008 ah
112 2950 185 3008 omni
199 2950 300 3006 erroris
325 2948 382 3004 labe
403 2962 520 3019 purgare
546 2946 719 3017 contendunt,
733 2948 811 3020 quasi
825 2950 858 3005 de
911 2947 994 3004 inime
1012 2952 1128 3020 constat)
1150 2949 1222 3006 hunc
1243 2965 1363 3008 errorem
1387 2954 1535 3015 hauserit?
1553 2978 1708 3036 quanquam

60 3038 106 3097 iis·
133 3048 238 3096 tuntum
264 3035 401 3092 hereticis
437 3035 525 3090 eidem
557 3051 646 3093 sermo
681 3034 785 3103 luisset,
812 3037 858 3110 qui
912 3041 1001 3091 autem
1016 3053 1059 3093 res
1076 3037 1174 3094 haeciu
1190 3045 1262 3095 tauta
1280 3039 1470 3101 incertitudine
1483 3048 1636 3125 Agrippioi,
1652 3054 1709 3125 epi·

60 3127 189 3200 baptismi
215 3126 361 3199 legitimam
385 3124 500 3180 lormam
518 3123 713 3195 adulterabant,
732 3131 762 3180 ut
785 3134 860 3182 erant
875 3144 898 3221 c
913 3134 1053 3196 scopatum
1068 3142 1147 3183 suum
1161 3128 1333 3200 auspicantis,
1359 3133 1424 3188 satis
1436 3135 1510 3193 clare
1529 3137 1635 3195 definiri
1654 3156 1708 3198 nou

62 3215 231 3288 temporibus
258 3212 411 3272 Tertulliani
446 3214 581 3279 Gnostici,
611 3215 745 3279 llarcitoe,
773 3215 860 3270 Cata·
914 3215 1009 3287 possit,
1021 3215 1193 3272 verisimilius
1207 3225 1296 3295 tamen
1311 3220 1505 3293 existimamus,
1516 3226 1709 3285 Tertullianum

60 3306 193 3380 phryges,
208 3314 260 3361 etc.
274 3307 310 3360 ttt
324 3316 388 3359 uero
409 3301 576 3371 claruerant,
592 3303 717 3358 eumdem
736 3303 810 3373 loqui
824 3301 859 3358 da
914 3305 948 3359 ab
963 3306 1115 3376 Agrippino
1130 3307 1156 3362 iu
1172 3307 1240 3363 hanc
1254 3309 1412 3366 sententiam
1423 3311 1574 3385 inductum,
1585 3331 1616 3372 ac
1630 3316 1710 3387 proin

62 3392 203 3449 haereticia
216 3391 371 3457 universim,
387 3390 511 3459 idemque
527 3391 553 3444 in
567 3390 585 3447 l.
607 3391 639 3446 de
654 3391 751 3447 Pedia.
771 3408 797 3447 e.
813 3393 858 3456 19,
915 3393 987 3448 huuc
1002 3394 1101 3449 erroris
1124 3394 1197 3450 illius
1212 3397 1240 3450 in
1262 3396 1354 3454 Africa
1368 3398 1495 3469 primum,
1511 3418 1595 3473 quem
1618 3407 1710 3463 nosci·

62 3480 229 3537 confirmat:
249 3498 260 3530 r
284 3479 362 3551 Apud
377 3493 436 3546 ucs,
460 3478 595 3548 inquiens,
622 3487 651 3534 ut
673 3480 780 3537 ethnico
801 3495 860 3551 par,
915 3496 984 3552 mus,
1008 3490 1144 3539 auctorem
1171 3483 1264 3540 luisse.
1291 3485 1348 3541 imo
1375 3487 1437 3561 qnia
1463 3490 1622 3549 Vincentius
1644 3494 1713 3550 hiri·

63 3571 125 3628 imo
143 3577 170 3625 et
193 3583 273 3640 super
293 3567 438 3634 ethnicum,
466 3566 608 3623 haereticus
629 3566 708 3623 chum
730 3584 779 3640 per
794 3568 860 3640 bap
915 3572 1018 3642 nensis,
1039 3586 1101 3629 saec.
1127 3573 1288 3643 rescriptor,
1318 3575 1523 3637 commonitorii
1551 3583 1594 3638 sui
1619 3585 1712 3654 capit

63 3660 174 3718 tismnm
197 3655 321 3713 veritatis
342 3656 448 3729 (verum
477 3656 653 3730 baptismum)
679 3665 794 3730 utroque
811 3659 863 3714 ho·
917 3658 950 3713 de
977 3658 1129 3733 Agrippino
1168 3662 1196 3717 in
1226 3661 1285 3719 haee
1323 3664 1404 3720 rerba
1431 3665 1531 3724 diserte
1562 3677 1674 3726 testatur
1704 3686 1712 3729 τ
1810 3683 1813 3697 ·

63 3747 148 3818 mine,
163 3763 261 3818 nempe
276 3745 383 3802 ethnico
397 3744 455 3816 illo,
476 3752 503 3801 et
516 3746 709 3816 superinducto
726 3746 862 3815 haeretico,
919 3766 931 3798 ι
958 3746 1087 3803 Omnium
1107 3748 1260 3804 mortalium
1284 3749 1388 3821 primus
1401 3751 1442 3820 (iu
1463 3754 1552 3813 Africa
1569 3755 1712 3833 intelligo;

63 3845 196 3909 purgatus
209 3834 369 3900 admittitur,
387 3852 399 3883 a
417 3834 451 3888 ad
466 3834 615 3890 Ecclesiam
628 3835 759 3891 uidelicet.
918 3851 981 3892 nam
995 3837 1022 3892 in
1045 3835 1157 3894 Oriente
1171 3853 1273 3895 morem
1298 3841 1481 3912 rebaptizandi
1502 3844 1644 3910 haereticos
1656 3849 1714 3918 jam

101 3924 192 3979 Manat
215 3937 291 3996 ergo,
313 3920 434 3994 graviter
462 3922 523 3987 boc,
549 3937 630 3991 quem
660 3937 715 3992 prae
741 3923 867 3979 manibus
919 3923 966 3981 diu
989 3921 1068 3982 antea
1092 3925 1212 4000 viguisse
1235 3929 1349 3999 constat)
1375 3936 1469 3987 contra
1492 3932 1614 3991 divinum
1632 3951 1715 3992 cano·

62 4014 206 4079 habemus,
230 4013 291 4068 loco
317 4026 423 4067 errasse
447 4010 654 4078 Tertullianum
676 4027 766 4084 ucqne
785 4014 867 4070 etiam
920 4030 993 4080 uem,
1011 4020 1074 4083 ata,
1090 4014 1313 4086 rebaptizandum
1328 4032 1389 4073 esse
1404 4021 1542 4077 censebat.
1558 4044 1572 4072 »
1593 4026 1622 4077 2⁰
1640 4037 1716 4080 acce-

61 4102 126 4175 cjus
151 4110 344 4174 argumentum
375 4100 520 4158 concludit.
547 4099 622 4158 Licet
649 4100 720 4157 enim
748 4102 866 4159 haeretiei
921 4101 969 4169 dit,
985 4102 1057 4169 quod
1078 4110 1187 4158 sanetus
1209 4102 1360 4174 Cyprianus
1388 4121 1497 4178 quoqne
1511 4108 1539 4163 in
1562 4110 1654 4182 Epist.
1679 4110 1717 4168 ad
1816 4094 1819 4101 ’

62 4191 115 4263 illi,
131 4191 280 4265 dequibus
295 4190 562 4262 supracircaDeum
577 4191 753 4248 etGhristum
782 4206 868 4247 enor-
922 4190 1104 4258 lahaianam,
1119 4189 1308 4262 Agrippinum,
1328 4198 1452 4264 tanquam
1467 4194 1586 4251 omnium
1601 4197 1717 4267 primunr

61 4282 148 4338 miter
171 4281 328 4350 erraverint,
361 4281 490 4354 quamdin
518 4291 608 4337 tamen
636 4280 665 4335 in
689 4280 748 4351 ipso
772 4295 864 4336 sacra-
882 4315 906 4395 n
921 4285 1114 4334 commemoret
1138 4296 1145 4332 ι
1173 4298 1186 4331 r
1210 4279 1288 4348 Apud
1308 4295 1360 4336 uos
1381 4290 1482 4348 autem,
1506 4282 1641 4356 inquiens,
1662 4300 1717 4344 nou

60 4376 160 4427 mento
187 4368 401 4428 administrando
425 4386 479 4428 uon
503 4376 644 4438 errarunt,
669 4368 718 4425 sed
742 4368 867 4424 camdem
922 4381 991 4424 nova
1010 4374 1035 4422 et
1058 4365 1197 4437 repentina
1210 4383 1254 4425 res
1273 4376 1324 4433 est,
1350 4376 1379 4426 ut
1406 4369 1581 4441 baptizandos
1603 4389 1717 4431 censea-

61 4456 383 4519 adhibueremateriam
399 4463 427 4517 ct
440 4457 578 4532 sormam,
601 4473 683 4530 quam
706 4466 799 4514 noster
817 4471 868 4514 va·
922 4472 983 4512 mus
1001 4471 1052 4513 eos
1073 4457 1120 4530 qui
1140 4458 1174 4515 ab
1198 4457 1331 4517 hereticis
1354 4458 1388 4514 ad
1413 4459 1560 4518 Ecclesiam
1584 4461 1715 4535 veniunt3

60 4564 169 4620 rusque
185 4549 315 4608 Christus
341 4549 369 4605 in
392 4567 442 4607 sua
464 4566 583 4622 veraque
602 4551 727 4607 Ecclesia
742 4547 867 4616 instituit,
886 4594 899 4615 ,
923 4546 1033 4619 quaudo
1047 4546 1120 4603 multi
1134 4548 1190 4618 jam
1211 4548 1275 4604 anni
1294 4547 1357 4619 sint,
1375 4556 1403 4605 at
1425 4548 1508 4623 longa
1523 4557 1598 4618 aetas,
1613 4567 1646 4609 ex
1664 4569 1719 4627 quo
1756 4552 1759 4557 '

60 4637 145 4695 idem
159 4636 204 4694 hic
218 4639 369 4712 baptismus
387 4648 454 4704 erat,
479 4638 575 4696 iisdem
601 4639 722 4706 partibus
737 4636 869 4696 essentia·
925 4638 976 4691 sub
997 4635 1149 4708 Agrippino
1170 4637 1360 4695 couvenientes
1381 4637 1409 4693 in
1423 4653 1508 4695 unum
1521 4639 1642 4713 episcopi
1660 4644 1721 4715 plu·

60 4725 156 4792 tibus.
180 4735 210 4784 ut
232 4743 369 4806 vocamus,
394 4735 531 4795 constans,
563 4727 672 4787 ttae
698 4727 874 4800 eumdemque
926 4723 1000 4794 rimi,
1025 4726 1077 4781 boc
1098 4726 1248 4796 statuerint,
1272 4745 1285 4776 a
1306 4732 1357 4783 etc.
1380 4729 1410 4782 3⁰
1431 4725 1460 4782 S.
1480 4729 1552 4802 Aug.
1573 4727 1620 4784 lib.
1641 4743 1662 4786 rt
1687 4729 1721 4788 de

63 4821 224 4877 Auctorem
239 4816 351 4874 hahens.
371 4818 462 4875 Potest
475 4833 541 4890 ergo
564 4818 635 4876 idem
656 4819 806 4891 baptismus
819 4832 873 4873 uo·
928 4817 1009 4888 bapt.
1033 4829 1058 4870 c.
1078 4814 1105 4883 7,
1130 4812 1165 4869 de
1185 4815 1294 4886 antiqua
1319 4814 1502 4875 Ecclesiarnm
1524 4819 1722 4878 cousuetudine

57 4917 125 4979 ,ter
140 4906 221 4962 etiam
240 4916 315 4963 extra
329 4908 476 4965 Ecclesiam
492 4916 612 4966 nostram
634 4909 761 4981 conferri,
786 4908 810 4964 si
825 4906 875 4964 rite
927 4903 1041 4975 laqueus
1066 4903 1103 4958 ait
1131 4919 1138 4958 ε
1169 4923 1181 4954 r
1210 4902 1306 4959 Verius
1332 4904 1450 4961 creditur
1472 4921 1521 4977 per
1539 4905 1723 4981 Agrippinum

57 4997 222 5066 eodemque
235 4997 325 5064 modo,
340 4995 411 5053 sieut
429 4997 456 5051 in
479 5004 574 5054 nostra
594 4998 723 5068 Ecclesia,
749 4996 875 5055 confera-
929 4990 1065 5062 corrumpi
1092 4989 1217 5062 coepisse,
1238 5006 1321 5064 quam
1341 4991 1453 5067 corrigi,
1479 5011 1492 5048 a
1520 4996 1605 5068 Atqui
1620 4996 1724 5055 Tertul-

55 5086 122 5140 tur.
138 5083 220 5152 Nam,
237 5090 267 5138 ut
280 5084 309 5140 S.
324 5084 395 5158 hug.
410 5086 431 5141 l.
454 5102 480 5145 r.
505 5093 605 5144 centra
628 5089 769 5145 Doraatiat.
789 5102 814 5143 c.
830 5089 875 5153 26,
930 5081 999 5139 liano
1023 5080 1115 5153 potius
1137 5080 1212 5137 haec·
1225 5082 1363 5152 corruptio
1385 5082 1543 5155 imputanda
1575 5085 1678 5155 iubeat,
1698 5087 1723 5143 si

54 5170 226 5230 discurrit:
245 5172 460 5232 «Sientdieitnr
483 5191 540 5232 nna
559 5174 690 5242 Ecclesia,
714 5193 784 5233 unns
806 5177 877 5248 bap·
931 5171 976 5226 ille
1002 5181 1062 5227 ante
1090 5170 1270 5243 Agrippinum
1294 5187 1413 5230 errorem
1439 5175 1511 5231 huuc
1544 5176 1723 5246 propalasset.

67 5256 178 5327 isnttm
203 5262 240 5318 ita
268 5262 366 5320 dieitur
398 5280 450 5319 uua
486 5281 549 5335 spes
586 5284 599 5316 a
647 5265 767 5336 (respicit
787 5273 877 5320 antem
931 5261 961 5315 t⁰
977 5261 1102 5332 Denique
1114 5260 1296 5316 Tertullianus
1310 5261 1371 5333 ipsa
1385 5279 1448 5319 mox
1462 5263 1541 5320 initio
1555 5264 1639 5334 hujus
1662 5278 1724 5335 cap.

51 5341 134 5409 SD.
150 5347 217 5406 illud
236 5351 435 5424 Ephes.rv,t:
462 5357 666 5426 Unurncerpas
683 5359 711 5410 ct
728 5354 880 5427 llnasSpr'·
933 5365 981 5422 per
995 5351 1076 5407 rerba
1097 5349 1165 5407 illa:
1188 5350 1256 5405 «Ad
1270 5366 1321 5409 nos
1340 5351 1412 5407 enim
1435 5351 1535 5408 editum
1548 5359 1609 5418 est;
1629 5375 1642 5403 ι
1660 5351 1727 5409 satis
1772 5408 1776 5415 .

54 5440 424 5506 ritusmieutaocatiestis
436 5443 469 5499 in
482 5444 878 5516 ttnnSpeuoeatienisuestrae,
934 5439 1075 5515 significa,
1090 5440 1118 5497 id
1142 5456 1181 5512 ae,
1202 5447 1328 5518 tauquam
1351 5440 1465 5502 solemni
1479 5441 1599 5516 quodam
1618 5442 1728 5500 decreto

50 5526 187 5601 ecquod
210 5544 276 5586 mox
297 5530 445 5604 sequitur:
466 5534 543 5592 tinas
557 5535 707 5605 Dementes,
729 5535 788 5593 ilaa
801 5534 880 5605 fides,
934 5530 962 5586 in
991 5530 1125 5588 Africanis
1152 5532 1276 5591 Ecclesia
1305 5536 1482 5592 coustitutum
1506 5532 1655 5603 accepisse,
1680 5547 1735 5587 uae

53 5607 173 5672 Unum
206 5615 355 5690 baptisma,
385 5620 465 5690 etc.)
493 5641 504 5671 r
537 5621 630 5694 Atqui,
660 5623 762 5695 pergit,
791 5633 881 5680 tamen
936 5621 1015 5693 proin
1031 5632 1137 5678 suonret
1150 5623 1258 5693 ingenio
1272 5623 1461 5681 adiurenisse.
