3840 6134
219 289 272 352 ‘tus
575 283 795 347 ihhlbbhlllll
814 282 948 346 crubuit
966 281 1051 349 etus
1067 284 1103 346 ll.
1121 315 1158 329 -
1174 280 1290 346 sallus
1306 283 1329 360 1,
1348 283 1512 348 paululus
1809 280 1867 347 ibi

219 413 305 487 msqis
319 413 436 487 sapiunt,
452 425 534 484 quam
549 417 580 467 ut
590 409 631 483 {aa
645 410 730 468 nihilo
752 411 843 469 mauis
856 409 926 466 lacta
939 409 1015 467 sinti
1029 424 1053 505 Ι
1070 410 1199 483 probatur
1220 410 1247 452 66
1259 410 1350 468 curnis
1363 425 1379 467 a
1392 410 1497 469 Densa
1514 408 1600 468 nihilo
1619 408 1703 481 isch,
1725 409 1778 469 nisl
1791 409 1867 484 qnod

217 518 282 575 quaa
304 518 355 560 nec
373 499 496 560 inuenire
523 515 573 557 nse
596 499 754 575 investigari
770 500 825 557 uisi
844 517 860 557 a
883 499 942 558 solo
957 500 1015 558 Deo
1070 501 1256 574 Hermogenes
1279 500 1406 558 eumdem
1420 507 1519 557 sutum
1537 499 1713 559 daemonio
1731 499 1865 569 matema,

217 599 347 664 possent,
374 589 475 663 alioqui
497 588 705 663 investigabilia,
730 590 753 648 si
771 607 805 647 es
823 589 933 647 mamma
951 598 1016 648 sunt
1069 605 1124 663 qno
1138 590 1163 630 ⁶¹
1177 598 1220 647 est
1234 589 1302 662 ipse,
1318 588 1495 659 inconditum,
1512 588 1665 659 contusum,
1681 587 1866 646 turbulentum

218 679 422 754 investigasset
443 680 560 738 inrents.
584 679 670 754 igitur
696 678 724 736 in
753 686 882 753 quantum
895 677 1015 737 constitit
1068 676 1194 750 ancipitis
1211 685 1238 734 el
1255 676 1404 752 praecipius
1432 685 1460 735 et
1484 676 1579 735 luridi
1601 684 1703 746 mutus,
1718 675 1866 735 documen·

216 770 358 828 materiam
372 769 474 826 nullam
488 768 571 826 inisse
585 783 618 826 es
642 769 695 826 hoc
719 768 799 825 etiarn
812 768 884 842 quod
906 784 956 827 nec
969 777 1014 826 ta·
1069 776 1125 823 tum
1140 766 1166 806 66
1183 767 1250 826 ιιιίι
1264 782 1321 825 sua
1335 765 1400 824 dum
1418 766 1543 836 ostendit,
1561 764 1664 839 ipsese
1679 764 1776 838 pinsit.

216 859 270 919 lon
296 866 433 934 competat
455 857 539 917 iusso
566 857 655 932 qualis
681 857 825 928 inducitur,
854 859 881 916 iu
908 866 1014 917 tantum
1778 884 1781 891 ·

473 1062 479 1071 -
898 1018 996 1084 Varia
1015 1021 1170 1083 lectiones.

255 1129 281 1169 66
296 1126 458 1189 Probaretur
469 1123 557 1186 iidem
567 1130 669 1185 contra
678 1139 785 1185 omnes.
799 1125 823 1166 66
851 1126 897 1184 Al.
908 1124 981 1199 quod
993 1133 1036 1185 est
1047 1125 1116 1198 ipse.
1130 1125 1155 1165 66
1168 1123 1344 1184 Documentis
1357 1122 1446 1183 llben.
1463 1123 1548 1183 Semi.
1566 1119 1676 1182 Obertlr.

914 1247 1168 1317 Commentarius.

220 1358 450 1432 quemadmodum
468 1364 495 1414 et
518 1357 612 1415 investi
651 1357 707 1442 bile
721 1357 766 1414 hic
783 1354 927 1430 significat,
946 1358 1019 1429 quod
1071 1354 1409 1442 ιἰιυειιιιὶιιίίιιιιίᾳιιιιιᾱᾳ
1424 1353 1571 1438 legendum
1587 1352 1753 1426 putarimus.
1769 1352 1866 1416 Rnnu.

220 1431 377 1514 investigari
396 1444 451 1513 nou
470 1435 572 1502 potest.
597 1501 603 1512 ι
626 1444 753 1512 eminusse
775 1436 864 1512 aulem
887 1426 1018 1486 debemus
1070 1425 1327 1486 —insncentubstsa
1331 1425 1447 1509 pudiosa
1457 1422 1730 1507 epus,·etc.lnGraeca
1736 1426 1866 1510 mitrata-

217 1500 621 1646 ililtllilullllli
634 1500 1018 1628 bhtllllllllll‘lu
1070 1498 1256 1655 iiiiii.
1271 1495 1866 1651 tllllllllllliill‘lliltlhsti

218 1654 309 1702 sutem
334 1644 393 1702 haec
415 1659 467 1701 ros
485 1642 568 1717 vulgo
586 1642 710 1699 fortassis
733 1641 866 1699 usitatior.
886 1642 942 1698 Nos
961 1642 1017 1699 rim
1070 1642 1174 1716 gabules
1195 1649 1242 1698 ant
1262 1640 1507 1712 ininvestigabiles,
1526 1649 1669 1712 utrumque
1691 1640 1763 1697 enim
1786 1641 1864 1699 reddi

217 1715 306 1774 Graeci
329 1714 464 1781 vocabuli,
490 1714 562 1787 quod
588 1722 630 1770 est
652 1712 825 1786 maispeirqra
838 1713 1016 1783 attendentes,
1070 1721 1159 1785 potest
1172 1728 1207 1771 ea
1220 1712 1316 1771 Graeco
1331 1710 1520 1785 ἀνεξιχνίαστοι.
1536 1711 1575 1768 La
1594 1713 1648 1770 Pa.

337 2045 407 2195 Q.
505 2040 741 2174 suri.
821 2042 1071 2174 FLOR.
1148 2039 1747 2174 TERTULLIANI

657 2265 992 2381 ADVERSUS
1050 2268 1430 2378 MARCIONEM

841 2461 970 2545 ιιιιιιι
997 2460 1226 2563 ριιιιιριιιι

802 2779 891 2843 m
909 2783 1072 2843 sidocus
1090 2781 1280 2843 dissolutus.

253 2897 361 2958 liureio
372 2899 518 2973 Spnapein
527 2900 713 2959 Pontonctus
726 2904 770 2957 est
779 2901 856 2958 circa
865 2916 976 2959 annum
987 2901 1049 2971 its,
1064 2901 1225 2974 imperante
1234 2899 1387 2957 Antonino.
1399 2898 1614 2956 ilicinitioostoe
1623 2900 1788 2957 mstitatens
1797 2916 1869 2974 proe·

216 3004 245 3047 se
256 2990 352 3059 terens
359 2987 565 3047 monachorum
572 2988 711 3047 instituta
720 2992 867 3063 professas
881 2995 935 3057 est,
945 2988 1525 3066 parentenatuscatholicoecommunionis
1539 2988 1868 3062 prosperrimum

215 3078 354 3150 cirpinem
367 3076 537 3136 adamasset
548 3094 581 3136 ea
595 3077 700 3137 abusus
711 3083 763 3137 est.
775 3080 811 3138 ob
826 3079 901 3138 bunc
913 3082 1006 3154 iqitur
1019 3082 1162 3138 incestum
1175 3078 1300 3136 Ecclesia
1313 3076 1347 3134 ab
1356 3078 1540 3151 ipsopcrentc
1550 3077 1653 3150 pulsus
1661 3081 1715 3148 esi,
1725 3079 1788 3138 uiro
1800 3094 1866 3136 cssss

215 3168 316 3238 primis
330 3167 470 3240 relipiosm
487 3184 521 3225 ac
539 3168 672 3226 ueritatis
685 3185 783 3227 amors
797 3171 1033 3242 llcprontissimo,
1053 3173 1081 3226 st
1091 3170 1124 3225 in
1138 3168 1303 3245 episcopalis
1317 3169 1445 3225 muneris
1462 3165 1711 3226 administratione
1721 3171 1864 3242 prestan-

215 3257 334 3314 tissima.
347 3255 400 3314 Gai
409 3273 477 3314 cam
492 3257 594 3317 liureio
604 3257 665 3327 diu,
675 3261 857 3333 multumque
866 3259 1101 3333 supplicasset,ac
1112 3258 1313 3332 ponticarum
1326 3258 1505 3331 postulasset,
1517 3274 1536 3314 a
1542 3260 1626 3330 patre
1633 3256 1763 3331 precibus
1775 3256 1862 3315 naim

214 3346 348 3403 obtinuit.
361 3347 477 3402 Romam
491 3347 589 3419 itaque
602 3362 631 3404 se
642 3349 776 3415 contulit,
794 3350 821 3409 et
835 3348 958 3406 seniores
971 3347 1079 3415 odiam,
1099 3348 1147 3421 qui
1161 3346 1196 3402 ab
1206 3345 1395 3419 apostotorum
1409 3346 1555 3420 discipulis
1568 3345 1666 3413 edocti,
1682 3345 1776 3404 adhuc
1787 3360 1865 3420 supr·

214 3439 315 3491 rerunt
329 3437 364 3492 ut
377 3436 659 3502 imcommunionem
673 3435 887 3502 admitteretur,
896 3435 1010 3508 frustra
1014 3437 1111 3511 petiit.
1124 3435 1306 3506 Quamobrem
1317 3435 1521 3493 ecstimulatus
1535 3434 1655 3502 inuidia,
1664 3452 1698 3494 cc
1711 3436 1757 3492 ira
1770 3435 1865 3511 perei-

216 3526 271 3590 tus,
287 3523 430 3581 illisdicit
445 3522 616 3582 :Ecclesiam
630 3530 749 3583 vestram
759 3539 810 3600 eqo
825 3523 990 3596 dissociabo,
1000 3524 1028 3583 in
1040 3540 1154 3598 eumque
1167 3523 1284 3582 schisma
1293 3523 1488 3597 sempiternum
1495 3523 1655 3596 immittam;
1665 3528 1695 3582 et
1708 3523 1866 3593 incedens,

214 3611 251 3668 ad
261 3613 424 3685 impostoris
440 3611 574 3673 Cerdonis
589 3612 721 3673 lsoeress'm
735 3616 887 3687 consupere
900 3616 933 3671 in
946 3616 1077 3673 animum
1087 3614 1205 3672 inducit
1214 3613 1252 3687 (S.
1267 3612 1436 3686 Epiphanes,
1451 3616 1552 3685 baares,
1567 3615 1624 3687 it).
1652 3614 1784 3674 cermnis
1807 3614 1869 3674 nas

214 3705 301 3757 erant
313 3701 463 3774 dopmnis:
478 3704 569 3760 ileum
580 3702 647 3775 lepis
660 3703 934 3764 conditoremalium
945 3706 1126 3764 esseaPatre
1135 3704 1249 3761 Domini
1258 3705 1353 3761 nostri
1365 3706 1431 3762 tera
1447 3704 1568 3774 christi,-
1584 3703 1659 3764 bunc
1669 3704 1868 3777 bonumsuisss

213 3787 301 3845 iilum
321 3790 453 3857 mutumr
467 3790 565 3846 iesum
588 3789 734 3849 Christum
757 3808 854 3851 veram
875 3798 1035 3869 nostreque
1055 3792 1327 3853 consubstantialem
1348 3809 1464 3852 carnem
1481 3808 1539 3853 non
1552 3796 1746 3869 assumpsisse,
1760 3809 1815 3852 nce
1832 3793 1869 3855 de

215 3877 324 3951 cirpine
349 3878 438 3936 liaris
452 3882 557 3936 natum
570 3880 669 3951 tuisse.
683 3880 785 3938 Duaru.

249 3966 327 4039 Opus
342 3967 476 4026 aduersus
491 3968 663 4029 Haraionem
677 3969 838 4043 conscripsit
848 3971 1042 4045 Tertullianus,
1059 3979 1202 4046 postquam
1216 3971 1245 4029 in
1276 3971 1505 4030 lionunistsrum
1529 3988 1651 4031 errorem
1664 3972 1758 4045 lapsas
1770 3978 1822 4039 est,
1834 3979 1867 4031 at

213 4064 326 4129 apparet
343 4073 376 4114 er
389 4055 444 4112 illis
454 4056 546 4116 rerhis
559 4058 631 4131 (cap.
647 4061 694 4129 ill,
711 4059 760 4116 lib.
769 4062 791 4131 ι)
806 4077 813 4116 s
845 4062 973 4120 Nubertdi
981 4063 1047 4135 jam
1059 4061 1157 4120 modus
1170 4062 1301 4136 ponitur,
1323 4063 1472 4120 Paracleto
1495 4067 1625 4132 auctore,
1641 4066 1784 4120 nnumin
1808 4060 1867 4133 fite

133 4214 137 4223 ¹
213 4145 437 4206 matrimonium
449 4145 659 4221 prescribitur,
675 4154 703 4207 et
723 4149 789 4204 dum
815 4166 901 4210 nanas
924 4150 1089 4226 prophetias
1113 4157 1316 4219 commemorat,
1330 4157 1356 4208 et
1370 4150 1405 4209 de
1422 4151 1582 4225 quibusdam
1597 4150 1807 4210 tardationibus
1817 4148 1864 4207 lo·

212 4251 298 4309 quens
321 4234 414 4293 scribit
429 4233 479 4309 (lib
503 4251 543 4308 rr,
562 4252 624 4310 cap.
639 4237 709 4310 iil:
730 4239 770 4299 ile
784 4256 837 4314 qua
865 4240 944 4298 inter
957 4257 1020 4314 nos,
1049 4244 1078 4299 et
1090 4242 1237 4315 Pspclsiccs
1255 4243 1374 4314 quaestio
1393 4244 1451 4308 est;
1481 4256 1542 4314 quas
1567 4239 1691 4311 prolecto
1714 4237 1865 4308 dhhncfio,

213 4324 411 4384 communionis
425 4325 551 4399 designat
561 4325 758 4386 diversitatem.
787 4329 850 4386 iisse
865 4335 954 4386 tamen
968 4329 1078 4387 niune
1091 4330 1240 4403 impediunt
1254 4330 1320 4403 quin
1347 4346 1417 4402 opus
1441 4329 1512 4386 istud
1539 4329 1697 4388 Tertulliani
1729 4327 1866 4402 optimam

212 4414 266 4472 dici
279 4424 371 4488 queat,
386 4424 413 4472 et
426 4414 511 4472 veluti
534 4416 679 4474 thesaurus
692 4416 853 4491 antiquioris
880 4419 1037 4494 theologiae.
1055 4419 1174 4476 Primum
1188 4421 1346 4493 opusculum
1362 4421 1414 4479 hoc
1435 4420 1532 4477 ecdem
1552 4419 1587 4476 de
1614 4426 1776 4493 argumento
1800 4432 1867 4476 eas·

213 4513 328 4573 rarerst,
343 4504 392 4566 sed
415 4505 545 4575 currenti,
560 4513 590 4579 ut
604 4506 691 4577 mant,
712 4507 826 4576 cdsmo,
840 4508 912 4583 quod
927 4509 1091 4584 postesilib.
1108 4526 1145 4578 rr,
1157 4524 1219 4582 cap.
1235 4509 1257 4570 1l
1282 4509 1411 4584 pleniore
1430 4510 1571 4583 positione
1594 4509 1761 4578 resciderat,
1776 4507 1827 4565 ssd
1839 4513 1869 4565 et

212 4594 286 4653 istud
313 4595 415 4668 srmsde
444 4598 547 4670 [rann
574 4601 713 4672 apostatae
736 4596 787 4654 sibi
815 4608 975 4672 euprepium
989 4599 1066 4669 dicit;
1083 4601 1514 4674 quamjecturamutpspararet,
1530 4600 1614 4658 honre
1634 4598 1740 4668 artium
1767 4597 1867 4657 elucu-

211 4685 301 4744 brarit
312 4701 431 4746 annosa
440 4684 537 4745 Seueri
546 4685 729 4760 imperatoris,
746 4703 761 4743 a
775 4687 876 4745 Christi
884 4688 974 4746 Natali
986 4691 1051 4750 sul.
1062 4688 1187 4747 hurselen.

784 4832 901 4892 ruilus
927 4832 1049 4891 OPERIS
1068 4830 1299 4898 lcousl’ccws

248 4944 341 5001 Primo
365 4943 456 5019 itaque
478 4945 540 5002 loco
554 4944 605 5004 Dei
627 4945 759 5004 unitatem
787 4960 815 5006 et
829 4947 1041 5022 singularitatem
1050 4947 1179 5018 ostendit,
1194 4961 1256 5004 cum
1274 4945 1443 5019 inpossibile
1459 4947 1564 5007 erincst
1576 4948 1632 5008 duo
1651 4949 1711 5007 dari
1733 4965 1867 5022 suprema

212 5032 295 5088 rath:
315 5034 369 5102 Qui
379 5036 457 5091 enim
471 5034 525 5093 duo
540 5036 634 5109 potuit
649 5036 814 5103 admittere,
822 5038 898 5096 idem
910 5042 937 5097 et
944 5034 1216 5112 plnrmmpost
1225 5036 1281 5094 duo
1288 5038 1367 5093 enim
1376 5038 1865 5112 nutriendunniomjansncsssn.

212 5136 351 5180 nunnus
364 5126 463 5181 autem
476 5122 640 5182 diuinitatis
653 5140 765 5182 mmma
775 5126 887 5186 ratione
893 5129 1025 5184 constare
1042 5125 1128 5184 debet.
1141 5125 1225 5183 Porro
1238 5125 1368 5196 lliarcion,
1377 5126 1478 5183 uthina
1491 5143 1539 5184 sus
1552 5127 1705 5186 adsumeret
1717 5127 1865 5202 principia,

212 5209 318 5267 dicebat
339 5211 496 5269 Creatorem
510 5227 572 5269 esse
590 5212 768 5284 culpandum,
786 5214 887 5287 quippe
914 5214 961 5286 qui
979 5213 1111 5272 mulorum
1139 5221 1234 5273 auctor
1251 5214 1382 5273 dicendus
1395 5215 1475 5284 toret,
1488 5216 1627 5291 inquiente
1641 5217 1782 5290 Scriptura
1795 5217 1866 5290 (isa.

212 5314 274 5369 aar,
287 5300 317 5374 7)
332 5316 339 5354 ε
355 5302 410 5373 Epo
427 5302 560 5372 formans
575 5317 685 5373 pacsrn,
700 5305 840 5360 etcreans
851 5303 1215 5364 naulumrit'iertalliauus
1228 5305 1348 5362 ostendit
1370 5304 1483 5378 impium
1509 5321 1586 5375 esse,
1615 5306 1811 5380 blasphemum
1837 5312 1868 5365 ct

214 5387 387 5448 ansanum
399 5387 436 5447 de
456 5388 513 5447 ileo
536 5388 627 5449 dicere
641 5391 710 5461 (cap.
725 5392 753 5458 3,
769 5405 798 5447 n.
814 5392 843 5463 l>
859 5406 867 5446 ι
880 5393 928 5450 Sic
942 5410 1001 5453 nan
1011 5392 1106 5454 detuit
1119 5396 1204 5461 Deus.
1220 5398 1248 5454 et
1262 5395 1303 5453 sic
1318 5396 1408 5467 nmpis
1422 5395 1526 5454 debuit
1543 5395 1648 5452 Deinde
1662 5394 1800 5454 creatoris
1814 5395 1866 5453 ho-

212 5478 326 5538 nitatem
344 5477 472 5552 patefacit
484 5477 649 5536 inomuibus
664 5477 728 5552 eius
741 5479 874 5552 operibat
881 5481 1091 5553 elucescentem,
1108 5499 1139 5541 aa
1152 5484 1303 5557 praesertim
1325 5481 1446 5554 inprimi
1475 5483 1594 5542 hominis
1617 5482 1810 5544 eiiormsticne
1832 5498 1867 5543 ac

212 5569 358 5628 creatione.
375 5568 479 5627 Deinde
492 5567 592 5628 diuinae
604 5566 716 5641 iustitia
731 5567 760 5625 iu
775 5570 910 5630 mulorum
928 5571 1070 5646 punitione
1082 5575 1281 5633 neccessitatem
1307 5570 1584 5645 censuissemus
1604 5573 1771 5632 coercendos
1787 5580 1816 5631 ct
1829 5568 1866 5631 ad
