3840 6134
86 292 157 355 taos
492 294 659 360 ιιιιιιιιι
679 292 1164 362 t.-u.cuutu1amtucuu
1183 296 1305 359 ιιιιιι.
1664 296 1735 361 teos
1792 252 1795 257 ⁸

126 424 197 479 Vico.
212 420 338 478 Formula
350 422 400 480 Dei
414 424 515 498 saepius
528 425 564 482 ita
574 424 690 496 jurantis
714 441 763 498 per
779 431 883 483 semel·
898 425 968 518 flod
990 441 1041 483 noa
1060 425 1177 497 penitus,
1201 432 1230 482 ut
1252 428 1376 483 mandata
1397 428 1458 497 ejas
1482 425 1644 499 impleamus
1658 423 1734 482 subi·

81 511 182 583 ipsum.
935 516 1048 588 gendos,
1063 514 1201 573 efficacius
1214 531 1274 572 esse
1286 514 1394 588 potest?

117 602 330 659 Praetaatiom.
357 603 410 658 ilac
434 618 501 660 voce
524 603 552 658 in
576 604 671 662 malam
699 614 802 676 partem
830 619 880 675 pro
971 607 1118 663 Hortatur.
1134 607 1175 662 Aa
1189 619 1255 664 aero
1265 605 1451 676 tartaricum
1467 605 1596 675 populare
1610 603 1734 676 uerbum)

82 689 252 748 excellentia
275 691 372 759 utitur,
394 707 448 765 quo
471 708 553 749 seusu
577 693 704 750 nimirum
727 693 756 750 S.
781 694 881 751 Paulus
934 695 1023 765 majus
1036 704 1087 762 est,
1103 710 1182 766 quam
1201 696 1381 752 ramirans?
1404 695 1438 750 Et
1458 709 1524 752 ιιιι
1547 693 1644 760 etiam;
1661 706 1732 765 quo·

80 777 176 834 l'l'im.
191 795 211 845 ι,
227 781 253 847 5,
269 795 300 835 ιι
312 780 382 836 inter
397 789 549 852 peccatores
563 785 690 856 primum
707 783 788 854 dixit,
802 782 880 856 quasi
933 784 1005 839 niam
1018 784 1065 859 qui
1079 783 1209 856 praecipit,
1226 798 1275 857 pro
1290 783 1403 855 imperio
1418 799 1467 840 suo
1481 782 1554 849 lacit,
1575 780 1623 855 qui
1638 781 1733 840 dorla·

80 881 177 923 omncs
199 868 268 926 alios
291 881 461 940 peccatorum
479 887 590 929 suorum
605 873 738 946 grauitate
752 887 881 944 superea·
934 877 992 940 tur,
1008 874 1088 930 etiam
1112 888 1173 928 cum
1197 872 1327 944 praecipit,
1351 872 1433 927 simul
1457 871 1592 943 benignus
1614 877 1666 936 est,
1688 886 1733 926 ur·

79 960 144 1012 lem·
932 978 1000 1037 gens
1017 961 1136 1037 quidem,
1161 960 1241 1018 simul
1264 971 1355 1018 autem
1369 960 1516 1017 infirmitati
1540 966 1639 1016 noauae
1663 956 1734 1014 illud

113 1047 247 1117 Agnosco.
268 1045 332 1105 itaec
355 1049 519 1116 Tertulliani,
535 1049 625 1107 adhuc
639 1049 775 1107 humiliter
796 1051 830 1106 de
849 1066 880 1108 sa
931 1053 1022 1124 ipsum
1046 1053 1186 1123 imperium
1208 1051 1426 1118 accommodans,
1440 1062 1551 1120 unaque
1571 1047 1731 1114 ostendeus,

80 1134 227 1202 seuiiemis,
252 1151 307 1193 non
334 1138 444 1208 superbi
471 1138 649 1205 Moutamstae,
671 1154 705 1196 ac
727 1138 880 1198 insolenter
931 1141 1048 1198 seineo
1064 1140 1222 1212 ipso,quod
1238 1140 1458 1213 procopianae,
1484 1143 1513 1192 ιιι
1536 1135 1733 1208 adimpleatur,

78 1229 172 1279 ccutra
185 1224 335 1282 Ecclesiam
349 1226 436 1298 ipsam
451 1227 626 1304 insurgentis,
639 1244 692 1286 vox
706 1227 804 1288 luerat.
931 1231 1067 1305 adjuvare
1081 1237 1204 1301 paratam
1218 1244 1290 1285 ease.

113 1312 219 1384 Fidem,
239 1330 287 1370 seu
309 1316 480 1386 fidelitatem
503 1318 530 1371 in
554 1317 692 1374 adeundo.
707 1316 798 1391 Atque
815 1318 879 1376 inde
967 1320 1102 1377 Salutem.
1126 1318 1199 1375 latud
1222 1331 1286 1374 vero
1310 1314 1421 1372 omniuo
1443 1327 1563 1371 arumna
1591 1313 1730 1386 soliusque

77 1399 243 1469 poenitentia,
258 1403 381 1460 secunda
403 1409 466 1478 post
486 1405 673 1476 naufragium
689 1405 786 1462 cauato
801 1405 878 1463 dein·
930 1409 983 1465 Dar
997 1410 1172 1466 Casuaria
1184 1407 1323 1478 proprium
1337 1421 1398 1461 esse
1410 1409 1511 1476 potest.

26 1542 28 1547 .
76 1503 141 1559 ceps
164 1489 236 1548 dicta
258 1490 317 1549 luit.
333 1493 410 1549 Hunc
435 1492 488 1550 loc.
504 1492 533 1548 S.
549 1495 646 1550 ambr.
669 1493 715 1551 vel
737 1493 808 1551 alius
830 1510 879 1551 ιιι-
971 1500 1031 1556 Vioo
1045 1498 1151 1554 diceas.
1166 1494 1272 1551 infinita
1286 1502 1350 1550 suut
1370 1493 1442 1565 apud
1462 1491 1613 1566 prophetas
1626 1489 1728 1563 proeci-

56 1578 138 1633 thor
162 1579 188 1635 iu
209 1582 260 1655 Ep.
284 1582 320 1639 ad
348 1583 420 1657 Virp.
438 1583 546 1656 lapsam
560 1583 672 1655 pulchre
691 1582 810 1640 imitatus
823 1592 876 1654 est,
930 1602 985 1660 pue
999 1586 1132 1656 ejusmodi
1149 1585 1218 1642 loca.

76 1666 114 1722 ita
128 1668 251 1724 camdem
267 1671 431 1743 alloquens:
455 1693 467 1723 t
483 1671 537 1728 Sed
552 1682 592 1738 tu,
606 1686 667 1745 quae
679 1673 736 1744 jam
750 1671 876 1750 ingressa
965 1676 1151 1749 liejerclt'oae.
1167 1674 1220 1730 Pro
1228 1671 1432 1746 jurejuraudo.

76 1770 107 1810 es
128 1771 241 1830 agonem
266 1757 440 1828 poenitentiae,
457 1759 564 1826 insiste,
580 1759 688 1827 ιιίιιιι,
703 1758 820 1829 fortiter,
835 1756 918 1843 iu]
965 1765 1184 1830 Asseverott'one,
1200 1763 1219 1818 i.
1235 1779 1260 1820 e.
1274 1762 1472 1835 promissione,
1485 1768 1533 1818 aut
1544 1759 1660 1815 lortasso
1674 1771 1730 1814 ιιι·

77 1845 151 1900 haerc
174 1851 302 1917 tanquam
323 1850 480 1922 muscoque
499 1849 611 1906 taiulm
630 1869 642 1900 ι
660 1849 710 1908 Sec
723 1865 773 1907 uec
786 1851 876 1907 miuus
928 1852 982 1910 lius
996 1869 1046 1926 pro
1060 1853 1264 1912 comecutioae.

74 1933 104 1988 S.
121 1932 194 1989 Hier.
210 1933 238 1990 in
253 1934 340 2006 Epist.
356 1940 372 1992 8
386 1936 423 1994 ad
436 1938 641 1996 Demetriadem
660 1937 753 1996 itidem
766 1939 801 1997 de
814 1942 875 1997 Pte-

74 2022 320 2096 niteatialoquens
334 2043 342 2082 :
360 2046 373 2078 ι
389 2025 437 2082 Illa
450 2027 525 2099 quasi
539 2028 662 2086 secunda
673 2034 737 2102 post
751 2031 876 2102 naufra-
1185 1994 1265 2053 Nm
1278 1993 1315 2049 “d
1332 1993 1422 2066 caput
1441 1992 1468 2047 V·

73 2111 152 2182 mum
177 2109 284 2168 miseris
308 2114 408 2181 tabula,
426 2135 438 2166 ι
455 2125 505 2172 etc.
519 2115 609 2188 Atque
623 2115 664 2172 sic
678 2115 807 2189 deinceps
830 2115 876 2175 alii
965 2123 1120 2196 Βιιίφιιιιι.
1143 2121 1288 2192 Postquam
1312 2116 1441 2173 nimirum
1463 2112 1624 2189 poeaiteatia
1645 2110 1729 2168 illac

75 2197 124 2254 SS.
140 2198 231 2255 Patres
244 2200 314 2259 hanc
328 2204 439 2274 phrasin
453 2204 623 2275 adoptarunt.
928 2208 984 2266 Deo
1000 2210 1176 2284 pergratiam
1191 2224 1269 2266 suam
1288 2205 1438 2277 ratihabita,
1463 2214 1491 2262 et
1514 2202 1657 2276 obsignata
1670 2199 1727 2256 luc·

110 2287 278 2346 Perleoalit.
293 2289 385 2363 Aliqui
401 2291 512 2349 Codices
524 2293 682 2366 perlucebit
696 2294 790 2367 legunt
809 2311 816 2348 :
837 2293 877 2350 ui·
928 2309 981 2363 rat,
996 2313 1135 2369 nunquam
1158 2312 1207 2368 per
1229 2311 1300 2351 nora
1323 2302 1432 2366 peccata
1445 2292 1574 2365 alpillum
1586 2289 1666 2362 illud,
1680 2303 1728 2345 ot·

74 2373 127 2430 mis
147 2375 252 2447 inepte3
276 2393 310 2432 an
333 2380 417 2446 enim,
442 2379 489 2451 qui
510 2379 637 2437 lluctibus
652 2383 795 2438 immersus
809 2383 874 2439 aab·
928 2387 1054 2460 pellendo
1077 2402 1172 2441 rursus
1194 2385 1267 2441 illam
1282 2383 1407 2458 gratiam,
1423 2383 1513 2440 denuo
1526 2381 1597 2440 solui
1617 2379 1726 2434 debere.

74 2463 153 2530 aedit,
162 2479 245 2536 porro
254 2467 438 2538 perluendas,
450 2478 495 2523 aut
504 2483 559 2524 non
571 2467 660 2540 potius
672 2468 872 2542 ptolemaidae,
963 2478 1151 2533 Proetectum.
1162 2477 1341 2531 Proetectum
1350 2479 1446 2527 neutro
1460 2484 1561 2542 genera
1575 2466 1656 2523 auam
1665 2464 1730 2523 dicit

74 2559 103 2606 θῑ
116 2553 313 2610 extrahendus
327 2553 386 2609 est?
927 2564 955 2619 iu
978 2563 997 2618 l.
1018 2563 1051 2623 de
1072 2564 1158 2622 Cultu
1172 2565 1239 2635 sem.
1255 2576 1316 2632 cap.
1337 2562 1363 2629 9,
1385 2559 1432 2615 ubi
1455 2557 1489 2614 ad
1511 2556 1620 2613 ιιιᾱιιιι
1635 2573 1643 2611 ι
1661 2555 1729 2612 «Ne

110 2643 273 2701 Protelalrit.
289 2643 423 2700 Protelare
438 2652 479 2701 est
492 2642 598 2715 aliquid
612 2647 731 2718 protelo,
747 2661 794 2702 seu
807 2661 873 2704 cort·
928 2653 992 2710 totis
1007 2651 1119 2709 habenis
1133 2651 1268 2709 licentiam
1291 2649 1428 2722 usurpetis
1450 2650 1592 2720 praetacto
1609 2643 1729 2701 nccetai·

76 2731 155 2788 tiauo
175 2737 282 2800 tractu
297 2747 459 2806 promovero
482 2741 530 2790 aut
550 2735 715 2808 propellere,
732 2743 760 2791 ut
774 2751 872 2807 nempe
927 2743 1000 2811 tatis,
1017 2761 1030 2793 s
1046 2751 1099 2798 ιιι.
1123 2725 1159 2796 El
1182 2739 1209 2796 in
1222 2740 1241 2795 l.
1257 2738 1320 2795 ado.
1342 2739 1461 2802 Valeat,
1477 2749 1503 2790 c.
1517 2737 1546 2803 9,
1561 2732 1599 2789 ait
1613 2752 1621 2788 ι
1639 2753 1652 2784 ι
1672 2731 1730 2787 Sub

73 2819 165 2892 bores,
180 2821 266 2878 eidem
286 2823 364 2897 jugo·
379 2822 490 2894 astricti,
513 2825 569 2895 pari
592 2834 619 2880 et
641 2824 738 2896 aequali
751 2822 870 2897 impulsu
925 2833 1067 2904 preelecta
1081 2826 1237 2886 dilectionis
1247 2827 1276 2883 iu
1291 2835 1406 2898 patrem,
1425 2832 1505 2879 »etc

73 2911 219 2982 procedere
242 2911 342 2970 solent.
362 2912 440 2969 Unde
462 2911 542 2968 etiam
567 2912 656 2969 lorum
679 2912 745 2968 illud
768 2912 868 2969 oblon-
962 2919 1128 2992 Sepreparis,
1144 2917 1163 2973 i.
1178 2932 1204 2976 ι,
1219 2914 1255 2972 ab
1269 2930 1302 2972 ea
1316 2914 1432 2984 recedis,
1449 2911 1552 2968 scilicet
1573 2908 1609 2965 ad
1633 2907 1728 2982 cogni·

71 3014 147 3072 gum,
162 3000 235 3073 quod
248 3016 295 3057 ιιι
308 3003 375 3074 jugo
388 3000 484 3075 illigat,
497 3004 643 3074 protelum
665 3002 791 3074 appellari
805 3002 872 3058 olim
929 3007 1029 3065 tionem
1045 3006 1105 3063 Dei.

69 3087 224 3145 consuevit.
248 3090 283 3145 Et
305 3087 367 3145 hinc
380 3096 420 3145 est
439 3089 506 3146 illud
524 3089 633 3147 Catonis
655 3092 688 3148 de
703 3093 741 3149 lle
762 3095 836 3148 ruat.
860 3070 920 3163 ιι
964 3095 1168 3170 emendatoria.
1192 3093 1231 3151 Eo
1254 3092 1429 3168 pertinacior
1443 3090 1541 3157 lactus,
1561 3102 1616 3159 quo
1639 3086 1730 3143 minus

71 3196 83 3226 a
102 3176 211 3233 Protelo
226 3176 286 3234 trim
302 3178 384 3237 borea
398 3187 518 3235 aratrum
533 3195 618 3237 unum
638 3178 748 3237 ducent.
766 3203 776 3227 a
795 3180 872 3236 {laud
928 3190 1074 3260 iquorem.
1720 3242 1729 3250 ,

68 3264 182 3321 auarum
196 3273 286 3324 aucam
300 3275 349 3334 ast,
362 3268 431 3324 aona
438 3283 530 3326 vocem
549 3269 651 3326 uraeoae
665 3268 780 3341 originis
801 3282 872 3337 esso,
969 3279 1084 3334 umor.
1098 3276 1190 3332 rimor
1204 3271 1275 3329 enim
1292 3271 1405 3330 maiae
1418 3269 1488 3326 stom
1501 3275 1542 3325 est
1555 3267 1731 3324 initiamen-

69 3361 97 3410 et
115 3354 233 3425 quidam,
258 3363 287 3411 ut
313 3358 442 3414 Donatus
464 3357 531 3423 uult,
555 3372 571 3412 a
592 3358 637 3430 api
657 3364 684 3412 et
707 3355 779 3427 ἐλιῑι,
800 3357 873 3430 quod
928 3381 1047 3422 arnamar
1072 3364 1160 3437 (Paal.
1187 3378 1237 3430 cx,
1262 3363 1318 3434 lii),
1343 3359 1382 3416 sic
1409 3358 1585 3433 paattmtta
1607 3367 1727 3427 quoque.

70 3447 195 3501 estante
215 3450 241 3499 et
263 3445 386 3517 traicere,
399 3445 551 3504 deductam.
566 3446 620 3502 alii
632 3461 728 3504 veroa
745 3445 806 3515 τῆλε
824 3461 874 3502 seu
927 3455 966 3512 {ta
981 3454 1052 3511 enim
1075 3454 1110 3509 de
1132 3454 1182 3510 hac
1204 3450 1300 3508 concil.
1315 3449 1390 3506 Trid.
1407 3463 1476 3503 sess·
1489 3449 1506 3501 6
1519 3445 1552 3503 dt
1565 3444 1677 3514 mllio
1700 3455 1726 3496 θ·

70 3531 165 3599 natat,
193 3533 264 3603 quod
291 3542 333 3591 est
358 3534 449 3608 louge,
466 3534 596 3605 derivant,
621 3548 654 3591 ιι
677 3533 749 3609 quod
769 3534 872 3606 protclo
927 3545 955 3612 ι,
968 3543 1028 3598 ait:
1046 3563 1058 3593 ι
1074 3540 1261 3617 Disponuatur
1281 3540 1315 3595 ad
1335 3535 1533 3611 poenitentiam,
1547 3533 1611 3589 dum
1627 3544 1728 3604 pccca-

71 3621 181 3692 toapim
202 3621 325 3694 quaedatn
349 3622 444 3680 “⁸⁰5⁰
473 3622 529 3680 5³¹·
546 3622 632 3681 Valiae
658 3622 771 3694 insule?
797 3621 872 3680 V⁰0l⁶⁸
927 3637 1001 3692 tores
1015 3645 1045 3687 se
1057 3645 1118 3686 esse
1131 3628 1323 3704 intelligentes,
1336 3643 1352 3683 a
1363 3626 1489 3700 jmtitioe
1502 3623 1609 3682 dimna
1623 3619 1728 3689 timore,

68 3706 143 3764 mm
166 3717 229 3765 ⁸¹¹¹st
253 3711 450 3783 ‘mnslssliffllssr
476 3713 510 3769 de
534 3712 643 3784 qulbus,
666 3711 689 3768 ⁸5
712 3709 808 3779 mium,
834 3708 872 3768 Vi·
926 3735 981 3794 quo
1007 3717 1109 3777 utiliter
1136 3717 1346 3783 concutiuntur,
1372 3715 1407 3770 ad
1432 3709 1653 3770 considerandam
1678 3705 1729 3764 uei

68 3797 151 3853 dandi
165 3809 228 3887 sigge
241 3801 423 3874 grammatici.
924 3808 1151 3868 misericordium
1164 3813 1367 3875 conuertuntur,
1386 3824 1398 3855 ι
1414 3808 1467 3860 ιιι.
1490 3801 1525 3857 Ει
1546 3797 1575 3854 iu
1595 3811 1666 3855 sess.
1684 3797 1729 3867 ll,

107 3886 276 3965 taopta'aio.
314 3891 417 3948 Tabula
455 3890 527 3947 enim
557 3905 575 3946 a
606 3889 738 3963 naufrago
771 3889 871 3947 trustra
924 3914 948 3956 ι.
965 3899 993 3970 ι,
1008 3913 1101 3954 rursus
1116 3914 1124 3951 t
1142 3916 1154 3948 t
1171 3894 1354 3959 tutationem,
1369 3908 1402 3950 ιι
1417 3904 1561 3964 poenarum
1574 3894 1648 3943 metu
1662 3899 1729 3942 aaa·

67 3975 217 4049 quaritur,
249 3976 303 4035 uisi
331 3979 443 4051 J'amjam
475 3977 681 4051 desperantibus
714 3977 807 4037 sulita
840 3992 872 4034 ιι
925 3993 1033 4058 ceptum
1057 4001 1118 4042 ease
1142 3986 1267 4057 Spiritus
1281 4001 1304 4041 a.
1320 3984 1488 4056 impulsum,
1514 3994 1568 4051 quo
1591 3973 1729 4051 poeuitona

68 4063 178 4123 offerat.
926 4075 1045 4145 adjutus,
1057 4073 1130 4129 viam
1145 4071 1197 4126 sibi
1211 4072 1244 4126 ad
1257 4071 1388 4141 justitiam
1399 4077 1483 4141 parat.
1498 4088 1510 4119 a

103 4155 281 4225 Animorum,
296 4157 315 4216 i.
332 4171 357 4212 θ.
374 4158 568 4216 voluntatum.
589 4155 633 4211 An
647 4153 720 4210 enlm
733 4152 762 4209 td
777 4153 871 4209 famuli
965 4162 1157 4219 contumacia,
1171 4158 1372 4215 Contumggigm
1385 4157 1429 4214 hic
1441 4163 1530 4222 vocat,
1545 4168 1728 4228 perimmu-

69 4243 232 4318 obsequium
253 4245 314 4320 quia
335 4245 489 4315 aeadmahit,
507 4244 581 4317 quod
597 4244 632 4301 ab
646 4242 704 4301 heri
718 4242 759 4301 ⁸1¹5
775 4243 871 4301 viilun·
928 4253 1001 4308 tiam
1015 4252 1046 4306 ia
1060 4248 1147 4317 molo,
1171 4262 1226 4319 qua
1248 4247 1348 4302 sensim
1371 4242 1521 4318 obrigescit
1542 4257 1599 4311 cor,
1622 4240 1727 4312 Deique

69 4339 122 4388 tate
137 4333 292 4392 discordati
926 4339 1049 4396 timorem
1075 4335 1185 4406 ponitus
1211 4334 1343 4390 eliminat.
1359 4334 1427 4389 Nam
1454 4336 1496 4404 (ut
1518 4332 1607 4389 ticoli.
1623 4342 1727 4399 xxvu,

104 4422 160 4480 Per
170 4424 229 4489 ιιι,
240 4423 260 4481 i.
276 4441 302 4481 e.
318 4430 479 4500 propterea.
489 4422 544 4480 alii
557 4424 664 4482 codices
678 4439 729 4497 pro
743 4422 806 4490 ltoc,
822 4438 871 4480 ιιι
885 4382 954 4496 ⁸4,
972 4426 1093 4499 dicitur),
1110 4426 1140 4482 Si
1153 4440 1212 4481 riou
1236 4425 1268 4480 ia
1289 4425 1392 4480 timore
1411 4422 1527 4480 Domini
1550 4421 1675 4479 tenueris
1699 4424 1727 4478 ta

70 4525 119 4583 pro
134 4519 206 4568 tauta
218 4516 370 4587 argumenti
383 4514 567 4587 amplitudine,
582 4513 691 4570 habeut.
926 4519 1082 4583 instanter,
1094 4515 1150 4573 cito
1158 4513 1339 4571 recantetur
1348 4511 1445 4568 domus
1456 4513 1524 4578 tuuc
1534 4509 1636 4566 utinam
1646 4523 1724 4580 aeque

105 4600 265 4674 Artoustit's.
289 4604 404 4679 lupercii
427 4604 563 4673 videlicet,
587 4611 633 4661 aut
655 4604 801 4678 temporis,
826 4603 870 4660 sel
925 4605 1038 4664 faciliter
1065 4604 1171 4677 citoque
1193 4618 1225 4660 ea
1248 4599 1409 4658 miserrimis
1436 4599 1479 4656 his
1506 4599 1592 4656 ruinis
1618 4606 1726 4656 ιιιιιιι-

69 4690 275 4760 quomodolibet
289 4692 429 4766 praelinitae
443 4693 645 4768 descriptionis.
891 4719 903 4737 ·
925 4696 1020 4753 tanda.

105 4780 217 4838 Bonum
230 4787 279 4841 est.
296 4783 433 4857 Nobiaque
446 4785 528 4842 utile.
961 4784 1090 4858 lprtorari
1103 4798 1162 4841 aare
1178 4781 1254 4840 licet.
1270 4777 1342 4837 Nihil
1356 4794 1423 4835 sane
1436 4777 1589 4853 elegantius
1613 4778 1685 4832 hanc
1698 4775 1727 4831 in

105 4870 286 4930 Auscultate.
305 4872 358 4929 Pro
380 4873 489 4933 obedire
511 4872 557 4931 hic
577 4871 684 4944 accipit.
699 4873 752 4931 Sed
773 4871 871 4930 lrustra
924 4889 992 4943 rem,
1008 4888 1088 4945 quam
1101 4869 1258 4928 Tertulliani
1278 4868 1363 4925 nostri
1377 4868 1412 4927 de
1430 4868 1599 4927 testimonio
1621 4868 1728 4925 calmae

71 4953 184 5014 vm
199 4958 330 5016 lectorem
344 4960 387 5018 hic
401 4976 512 5018 moneo.
925 4963 1058 5027 libellum,
1083 4975 1212 5017 sensuum
1235 4959 1308 5015 mole
1331 4973 1397 5013 sane
1419 4958 1614 5031 ponderosum,
1639 4955 1726 5029 leges.

107 5047 224 5105 Utilitas
233 5051 391 5108 servientis.
403 5051 592 5124 Postpououda
602 5064 669 5125 ergo
679 5050 794 5107 utilitas
803 5062 872 5121 pne·
961 5051 1011 5109 Det
1024 5050 1106 5108 douo.
1117 5048 1214 5106 Dauno
1227 5047 1304 5110 illud,
1319 5046 1391 5118 quod
1405 5063 1488 5120 supra
1497 5061 1558 5120 cap.
1573 5049 1600 5116 l,
1610 5044 1727 5112 ᾱίιιιιιιι,

68 5143 161 5208 capto.
177 5134 348 5211 Quamquam
372 5141 453 5196 etiam
474 5141 548 5197 istud
572 5140 661 5212 ipsum
685 5138 797 5195 infinitae
819 5137 871 5193 uti·
926 5138 1058 5212 respicit:
1077 5142 1128 5197 lies
1142 5138 1193 5196 llct’
1207 5140 1293 5195 ratio.

69 5223 153 5282 litatis
168 5241 200 5283 ac
214 5228 348 5285 mercedis
368 5229 453 5285 multo
467 5228 555 5301 magis
569 5228 677 5302 plenum
692 5228 735 5294 sit,
752 5228 874 5286 obedisse
963 5230 1074 5286 AEmulo
1102 5230 1175 5301 ejus.
1203 5225 1341 5283 Infelicem
1377 5224 1513 5299 nimisque
1543 5223 1728 5294 impudentem

69 5330 128 5373 nuo
140 5318 323 5390 precipieati
337 5320 419 5375 etiam
432 5319 506 5374 nullo
520 5316 642 5373 utilitatis
657 5317 765 5375 intuitu.
927 5319 1044 5378 simiam
1057 5318 1107 5375 Dei
1117 5315 1203 5374 voluit
1217 5315 1317 5374 dicere.
1334 5314 1453 5386 Qualiter
1477 5323 1565 5371 autem
1586 5310 1729 5368 insidiator

106 5405 240 5462 Revolot‘s.
266 5405 319 5462 Seu
342 5416 429 5463 tecum
447 5405 527 5462 nimis
548 5407 637 5462 uncie
659 5405 813 5475 deliberem
835 5405 882 5463 ita·
927 5408 973 5464 hic
985 5407 1096 5480 generis
1110 5407 1221 5462 humani
1235 5408 1290 5476 jam
1307 5403 1371 5462 olim
1394 5404 1445 5460 Dei
1465 5400 1594 5473 mysteria
1605 5399 1727 5459 emulari

68 5493 141 5549 enim
152 5493 304 5565 scrupulosi
315 5495 412 5554 solent.
927 5496 1005 5554 niam
1019 5496 1110 5563 luerit,
1126 5494 1145 5552 l.
1160 5496 1194 5554 de
1208 5498 1328 5554 Praetor.
1344 5509 1406 5566 cap.
1422 5494 1467 5559 iil,
1483 5492 1568 5565 leges.

107 5584 252 5642 Pracioit.
269 5585 379 5642 Duabus
401 5585 443 5641 his
463 5583 566 5646 voculis
589 5583 655 5658 quid
676 5584 822 5658 potentius,
841 5597 874 5642 ac
967 5587 1112 5658 lleprcaau.
1128 5584 1184 5646 sm
1196 5585 1312 5660 relapsa
1325 5581 1354 5641 in
1367 5579 1474 5654 aitqua
1488 5583 1608 5654 paccata.
