3840 6134
34 291 42 299 '
73 285 133 346 tat
710 270 1093 345 transcurreremus.
1668 294 1723 358 998

78 411 252 470 colonariam
262 429 273 468 .·
283 412 392 470 solutas
401 429 429 472 ea
438 412 473 470 ab
483 425 583 480 neec,
599 425 635 468 ne
644 409 788 484 quesieris
802 421 873 465 aaa·
893 420 917 501 Α
931 406 997 463 sitos
1010 405 1079 480 (39),
1092 419 1118 464 et
1133 423 1167 465 ne
1181 410 1225 467 vel
1239 409 1298 482 ipse
1311 409 1398 469 bonor
1412 414 1437 452 ⁵⁸
1450 414 1551 488 aliquid
1562 417 1614 474 sibi
1627 418 1662 475 ad
1685 420 1720 475 ti-

75 516 162 569 reio,-
184 500 249 556 satis
272 500 443 559 manifestum
466 510 517 569 est,
537 501 570 558 ud
594 500 712 557 eosbec
725 497 872 570 pertinere,
929 496 1053 563 centiam,
1074 498 1151 572 quasi
1178 499 1212 556 de
1248 499 1390 574 privilegio
1415 501 1466 559 loci
1488 504 1656 564 blandiretur
1682 509 1721 567 ⁵⁹.

76 589 124 660 qui
148 587 177 642 in
196 603 267 642 nota
289 595 317 644 et
331 589 433 645 recenti
455 589 595 646 vocatione
619 587 768 654 constituti,
784 586 818 642 de
832 586 875 642 bis
928 585 1110 657 Prospiciebat
1145 586 1261 657 Spiritus
1290 598 1398 645 sanctus
1424 591 1548 649 dicturos
1577 598 1722 668 quasdam.

75 676 265 744 consulebant,
289 678 316 732 iu
341 678 468 750 quibasa
497 677 551 735 tide
572 678 679 736 luerunt
701 677 872 748 deprehensi.
934 673 1064 730 «Omnia
1078 673 1160 731 licerit
1175 675 1336 749 episcopis;
1362 678 1461 735 »sicut
1482 680 1526 736 ille
1540 693 1630 740 vester
1646 685 1724 743 Uthi-

75 767 141 823 nec
158 765 210 823 erit
229 767 415 837 interpretatio
436 768 545 840 capituli
568 768 646 824 istius
674 783 707 823 ne
733 768 785 823 boo
808 781 874 822 exa·
928 763 1021 818 nensis
1035 779 1084 821 nec
1097 763 1262 820 Scantiniam
1286 765 1374 822 timuit
1392 767 1460 840 (to).
1481 767 1552 837 Quot
1570 771 1595 810 ⁵⁰
1608 773 1680 829 enim
1695 785 1724 831 et

75 854 213 921 nimands,
233 870 268 909 an
283 862 310 912 at
327 857 453 928 tempori,
474 867 500 913 et
515 872 613 928 cause,
628 865 655 912 et
670 864 723 913 tam
743 856 875 928 exemplis
929 851 1031 926 digami
1055 853 1078 892 ⁵¹
1094 853 1241 926 presideat
1270 855 1342 926 apud
1361 872 1421 926 vos,
1445 856 1607 916 insultantes
1631 863 1724 937 utique

75 951 104 1001 ct
130 943 298 1015 argumentis
326 945 551 1015 precedentibus,
574 961 655 1018 quam
679 956 706 1001 et
736 944 876 1000 sententiis
928 942 1071 1011 Apostolo,
1098 950 1170 999 certe
1196 958 1250 999 non
1281 944 1482 1015 erubescentes,
1511 962 1573 1005 cum
1595 949 1654 1006 hec
1674 954 1725 1008 sub

74 1039 103 1088 et
121 1031 248 1089 sensibus
271 1033 514 1106 subsequentibus,
530 1032 613 1092 stat
627 1044 653 1092 et
672 1034 820 1106 inprimis,
836 1050 870 1088 an
931 1028 983 1084 iltis
1007 1029 1147 1104 leguntur}
1175 1034 1234 1105 age
1250 1034 1316 1104 iam,
1339 1034 1385 1106 qui
1401 1042 1479 1106 putas
1496 1039 1682 1110 exceptionem
1696 1042 1721 1080 ⁵²

75 1120 165 1194 ipsius
178 1122 302 1193 Apostoli
315 1131 343 1179 et
356 1123 470 1181 consitio
480 1124 589 1194 proprio
603 1132 735 1199 cungruat
754 1133 781 1181 et
794 1124 873 1180 insti·
929 1115 1016 1175 948
1031 1121 1210 1191 monogamie
1225 1121 1260 1177 de
1273 1121 1408 1194 episcopis
1425 1123 1533 1192 sacam,
1549 1127 1648 1185 recede
1669 1135 1727 1187 eta

77 1217 137 1266 tuto
163 1209 255 1267 :nibil
274 1211 343 1267 euim
358 1213 562 1270 custodiendum
577 1221 628 1284 est,
639 1229 720 1285 quam
736 1228 771 1268 ne
783 1213 876 1270 diver·
933 1208 1044 1280 reliquis
1061 1208 1143 1264 titulis
1153 1209 1315 1283 disciplinae.
1336 1211 1384 1284 (tui
1399 1228 1460 1269 ⁰11¹ss
1477 1217 1649 1289 m0¹10gtmit
1662 1217 1724 1291 epi·

77 1313 127 1355 eas
141 1297 192 1354 sibi
213 1299 275 1370 quis
289 1301 314 1340 ¹¹¹¹
332 1300 558 1373 deprehendatur.
933 1297 1022 1367 scopis
1046 1298 1228 1355 ascribantur.
1243 1301 1313 1370 {Noli
1332 1317 1392 1358 esse
1405 1303 1668 1378 irreprehensibilis,
1682 1323 1727 1366 so-

384 1388 498 1447 citPUT
511 1391 574 1447 ΧΠ,
932 1382 1020 1449 brias.
1032 1387 1100 1445 bene
1109 1391 1248 1458 moratas,
1260 1389 1418 1462 hospitatis,
1434 1391 1560 1449 enbitis
1571 1395 1654 1466 ,·qitin
1662 1411 1727 1455 uero

113 1474 186 1532 Audi
205 1484 234 1532 et
252 1475 487 1534 subtilissimame
509 1477 645 1535 contrario
665 1480 879 1550 argumentatio·
932 1477 960 1530 et
974 1476 1039 1530 vino
1054 1474 1175 1544 deditas,
1191 1481 1218 1534 ct
1232 1493 1321 1535 mann
1331 1480 1688 1552 promptasadcoedendnm
1698 1487 1727 1540 et

73 1579 153 1621 irem.
183 1565 420 1639 Adeo,inqaiunt,
454 1566 575 1637 permisit
604 1568 750 1637 apostotus
778 1567 875 1623 iterare
892 1602 916 1683 Α
932 1562 1375 1639 pnqnae⁵³etpecanaeamans,
1390 1567 1727 1644 etcomnmnonrepem,

65 1652 255 1721 connubium,
270 1664 300 1709 ut
314 1653 446 1726 solosqui
462 1662 525 1711 sunt
551 1654 578 1710 in
593 1655 677 1721 ciero,
696 1655 875 1728 monogamie
931 1650 1729 1726 aeetiiiarttmcnronsdiaciptincrn,sednecadextraneis

66 1738 146 1814 jugo
169 1741 360 1801 adstrinxerit:
389 1746 462 1817 quod
483 1744 554 1800 enim
579 1743 739 1816 quibusdam
755 1744 879 1814 praescri·
931 1737 1150 1810 bonomsoinom
1163 1744 1276 1798 sectans
1291 1742 1318 1813 (1
1329 1745 1397 1799 Tim.
1409 1759 1450 1800 ιιι.
1466 1746 1592 1818 seqq).
1609 1749 1638 1805 Si
1653 1750 1728 1806 enirn

77 1827 133 1898 bit,
155 1829 182 1887 id
204 1845 259 1889 non
279 1833 404 1889 omnibus
427 1833 589 1904 prescribit.
612 1832 741 1907 Nunqnid
761 1848 827 1907 ergo
851 1841 878 1891 et
932 1841 1008 1883 Silam
1037 1828 1138 1886 habent
1161 1828 1282 1902 episcopi
1306 1831 1395 1904 legem
1422 1832 1492 1889 ιίιιι
1517 1839 1724 1910 monogamiam,

82 1918 159 1988 quod
173 1920 296 1975 omnibus
310 1919 442 1992 precipit,
459 1919 527 1978 solis
540 1921 676 1992 episcopis
694 1937 747 1978 non
759 1920 880 1994 prescii·
932 1915 1012 1972 etiam
1032 1925 1131 1974 cetera
1149 1934 1211 1990 que
1234 1919 1415 1993 monogamie
1433 1921 1564 1979 accedere
1582 1927 1727 1997 oportebit,

80 2003 142 2076 bit;
168 2006 283 2079 siquod
300 2009 434 2080 episcopis
457 2010 615 2080 prescribit,
639 2027 694 2067 non
710 2017 738 2066 et
755 2010 880 2066 omnibus
934 2004 1068 2077 episcopis
1081 2015 1161 2063 erunt
1182 2008 1290 2079 scripta.
1310 2009 1398 2067 Laicis
1417 2025 1494 2078 vcro,
1509 2013 1587 2084 queis
1601 2029 1730 2086 monoga-

83 2093 208 2166 precipit
222 2095 237 2150 t
249 2097 289 2151 dii
314 2097 376 2154 ideo
400 2099 537 2168 omnibus,
554 2099 618 2171 quia
632 2107 660 2155 et
677 2098 837 2171 episcopis?
852 2107 880 2156 et
934 2094 987 2150 mia
1002 2112 1055 2153 non
1075 2099 1208 2163 murenis,
1231 2109 1328 2155 wiern
1344 2114 1451 2172 (tuoque
1467 2102 1556 2158 aliena
1570 2105 1644 2159 aunt.
1660 2104 1731 2159 Evt-

88 2179 154 2241 ideo
178 2184 323 2255 episcopis,
338 2189 402 2259 quia
424 2197 452 2244 et
473 2188 617 2244 omuibus?
632 2190 709 2246 Unde
726 2189 798 2245 enim
822 2190 881 2261 epi.
935 2182 1004 2256 sisti,
1030 2185 1168 2257 Psychice,
1183 2188 1206 2242 si
1227 2187 1307 2259 velis,
1333 2188 1439 2246 uincula
1460 2189 1613 2263 discipline
1636 2192 1729 2274 totius.

82 2272 161 2344 scopi
176 2281 203 2330 et
220 2273 330 2331 clerus?
345 2292 434 2334 nonne
457 2278 491 2334 de
504 2278 651 2337 omnibus?
663 2279 693 2335 Si
711 2293 767 2335 non
787 2292 881 2335 omnes
935 2276 1082 2333 Praescribe
1109 2285 1264 2334 constanter
1285 2294 1339 2336 non
1374 2280 1501 2337 omnibus
1524 2283 1645 2355 praecipi,
1669 2299 1730 2358 que

84 2363 266 2433 monogamie
280 2370 418 2434 tenentur3
443 2365 514 2421 unde
538 2366 693 2439 monogami
717 2365 746 2421 in
760 2365 881 2423 clerum?
935 2365 1097 2436 quibusdam
1121 2366 1174 2422 sint
1201 2376 1352 2439 precepta:
1387 2379 1432 2425 eut
1457 2369 1479 2424 si
1502 2379 1599 2429 cetera
1621 2373 1731 2445 quidem

86 2448 129 2505 An
143 2453 210 2507 ordo
224 2450 452 2524 eliquisseorsum
466 2454 576 2511 debebit
590 2455 692 2510 institui
705 2470 882 2530 monogamo·
937 2454 1089 2510 communia
1111 2464 1184 2524 sunt,
1216 2458 1388 2528 monogamia
1411 2473 1477 2514 vero
1501 2459 1567 2516 solis
1593 2462 1731 2535 episcopis

85 2553 157 2608 rum,
181 2540 216 2597 de
245 2557 300 2614 quo
327 2542 441 2599 adlectio
464 2542 511 2599 liat
541 2544 569 2599 in
593 2543 720 2601 clerum?
743 2544 797 2601 Sed
821 2562 882 2602 cuin
937 2540 1066 2613 imposita
1088 2550 1138 2612 est,
1166 2543 1287 2615 nunquid
1312 2542 1349 2599 ilii
1374 2546 1424 2601 soli
1449 2545 1592 2605 Christiani
1615 2565 1732 2621 pronun-

84 2627 239 2684 extolliinur
272 2640 300 2686 et
330 2630 457 2688 intlamur
493 2632 623 2691 adversus
659 2634 785 2700 clerum,
819 2643 884 2692 tunc
937 2629 1032 2697 tiandi,
1048 2631 1161 2704 inques
1181 2632 1497 2702 totadisciplinacallata
1512 2638 1576 2693 est?

85 2731 172 2774 unum
200 2732 294 2775 omnes
326 2735 437 2786 sumus;
474 2730 536 2778 tunc
568 2736 666 2778 omnes
704 2723 880 2795 sacerdotes3
1233 2722 1348 2777 caput
1360 2723 1433 2777 11111.

85 2805 152 2876 quia
175 2807 327 2866 sacerdotes
351 2824 400 2865 nos
425 2808 484 2866 Deo
506 2817 532 2867 et
558 2810 630 2865 Patri
653 2809 721 2882 ‚iacit
742 2810 836 2883 (Apoc.
859 2827 881 2880 1,
971 2808 1065 2865 Sedet
1088 2808 1228 2866 Timotheo
1252 2810 1381 2880 scribens,
1401 2811 1460 2867 vult
1484 2814 1655 2885 juvenculos
1674 2833 1733 2875 nn·

87 2897 125 2967 ti,
149 2914 175 2953 v.
207 2899 274 2969 tot:
309 2912 371 2954 cum
405 2899 438 2953 ad
469 2901 697 2970 peraequationem
730 2899 882 2973 discipline
898 2881 921 2961 C
937 2897 1000 2955 berc
1023 2899 1091 2970 (tt),
1112 2898 1186 2968 filios
1207 2901 1357 2973 resapere,
1382 2903 1489 2957 matres
1513 2904 1637 2974 familie
1650 2921 1732 2979 apere

87 2986 262 3043 sacerdotalis
295 3002 486 3059 provocamur,
521 2987 682 3059 deponimus
715 2987 824 3055 intutas,
857 3001 885 3048 et
938 2984 965 3058 (1
981 2987 1093 3052 Timr,
1111 2989 1167 3057 ld).
1190 2987 1294 3043 Adeas
1317 2987 1417 3063 dirigit,
1438 2990 1732 3065 quelassupradeno·

88 3073 210 3147 impares
233 3074 259 3114 ‘¹⁵
285 3091 380 3132 sumus
402 3076 460 3148 (at)
478 3093 485 3130 :
504 3076 546 3131 De
566 3075 755 3133 ecclesiasticis
775 3078 882 3134 ordini·
937 3083 986 3144 tat,
999 3074 1157 3146 juvenculas
1169 3075 1273 3142 viduas,
1288 3092 1348 3146 que
1362 3077 1390 3131 in
1406 3077 1532 3135 viduitate
1547 3081 1732 3152 deprehensae,

86 3162 141 3217 bus
154 3162 179 3203 ⁵⁵
201 3163 341 3235 agebatur,
366 3165 462 3238 quales
477 3163 595 3220 ordinari
610 3172 757 3237 oporteret.
773 3164 886 3236 Oporte-
938 3174 965 3220 et
977 3163 1132 3234 aliquandiu
1147 3163 1291 3221 adsectatae
1305 3165 1339 3229 ⁵⁴,
1360 3171 1501 3237 postquam
1516 3167 1544 3224 in
1566 3170 1670 3227 deliciis
1684 3173 1733 3228 ha·

86 3250 135 3306 bat
152 3250 233 3322 igitur
246 3267 354 3309 omnem
375 3252 527 3309 communis
541 3252 691 3323 discipline
710 3252 823 3310 formam
837 3271 886 3311 sua
939 3252 1056 3308 buerunt
1067 3251 1215 3319 Christum,
1226 3254 1330 3310 nubere
1344 3254 1448 3323 volunt,
1463 3256 1733 3329 babentesjudicium
1816 3317 1818 3321 .

86 3338 179 3395 trente
197 3342 394 3414 proponitis),
409 3341 529 3398 edictum
548 3342 748 3414 quodammodo
762 3341 881 3398 laturum
939 3340 1014 3416 quod
1035 3342 1151 3413 primam
1164 3341 1247 3399 fidem
1274 3343 1462 3401 resciderunt:
1477 3344 1551 3400 illam
1570 3347 1703 3415 uidelicet,
1719 3365 1735 3407 a

87 3428 227 3486 universa
241 3432 267 3487 iu
288 3430 472 3501 preceptione
486 3431 521 3503 il,
544 3446 600 3503 quo
614 3433 702 3508 inagis
714 3432 795 3488 sciret
808 3433 887 3504 plebs
940 3448 1003 3505 qua.
1018 3430 1046 3486 in
1061 3431 1191 3487 uiduitate
1206 3432 1334 3499 invente,
1345 3442 1372 3488 et
1385 3432 1513 3504 prolesse
1524 3449 1595 3503 eant
1606 3451 1659 3492 non
1675 3453 1737 3508 per·

86 3532 152 3574 cuin
163 3520 286 3576 ordinem
300 3521 352 3576 sibi
370 3520 579 3586 obseruandum,
594 3520 640 3593 qui
659 3520 759 3578 iaceret
773 3536 885 3594 prepo-
938 3526 1072 3578 seuerant.
1088 3521 1199 3590 Propter
1217 3521 1290 3592 qnod
1309 3521 1364 3579 vult
1379 3537 1424 3577 eas
1442 3522 1556 3588 nubere,
1573 3539 1608 3581 nc
1621 3525 1736 3597 primam

777 3663 873 3729 Varie
888 3668 1045 3730 lectiones.

125 3783 150 3823 ⁴⁴
161 3782 229 3854 Quis
243 3785 331 3843 abest.
347 3786 466 3844 seinte
481 3787 536 3844 Sic.
549 3789 609 3859 lliq.
625 3804 640 3846 e
656 3787 703 3844 tib.
722 3789 816 3847 Ursini
831 3787 919 3846 llben.
937 3803 1016 3860 pares
1030 3789 1069 3845 at.
1086 3798 1177 3860 partes
1190 3787 1250 3845 cad.
1279 3790 1379 3847 Wottie.
1394 3787 1523 3861 impares.
1543 3791 1569 3831 ⁴⁵
1588 3789 1738 3849 Ordinibus

90 3854 187 3913 aiere
206 3858 239 3911 in
255 3858 319 3914 Cod.
335 3858 500 3916 visionensi
515 3859 573 3930 ltiq.
585 3859 610 3897 tl
629 3860 659 3913 ln
675 3860 854 3929 precessione
868 3860 928 3934 llt'q.
946 3862 1010 3918 Van.
1030 3859 1206 3927 impressione
1222 3861 1310 3918 Rhcn.
1331 3861 1416 3918 Semi.
1434 3863 1515 3937 tcop.
1530 3862 1620 3922 (iberi.
1639 3864 1664 3902 ⁴⁸
1682 3863 1737 3922 So·

90 3940 142 3981 nor
156 3928 190 3983 tt·
207 3927 262 3984 att.
274 3927 299 3966 ⁴⁹
314 3929 471 3986 Biandiatur
486 3930 571 3987 Senit.
596 3930 685 3988 Obert.
708 3931 772 3989 Coit.
794 3932 894 3990 Wonic.
919 3931 944 3970 ⁵⁰
957 3929 1036 3999 Quod
1050 3933 1110 4004 lliq.
1125 3928 1148 3969 ⁵¹
1164 3932 1198 3988 bt
1211 3947 1244 3988 en
1258 3930 1373 4006 digamia
1388 3931 1475 3989 littera
1492 3935 1517 3973 ⁵²
1532 3934 1736 4007 deceptionem.

88 3997 183 4056 iiten.
208 3998 220 4038 ³
236 3999 342 4071 Pugnae
355 4001 444 4057 llhen.
461 4001 485 4040 ⁵⁵
499 4000 641 4058 dilectata
657 4001 745 4058 atie

790 4115 1036 4181 Commentarius.

128 4221 188 4294 (at)
201 4224 372 4296 deponimus
392 4214 514 4296 insutas,
530 4226 558 4278 et
570 4222 692 4295 impares
706 4237 814 4278 sumas.
837 4219 917 4313 Sion
932 4234 1074 4293 gomorum
1088 4217 1233 4292 significat,
1257 4219 1328 4273 unde
1353 4227 1498 4277 sumuntur
1516 4220 1667 4293 prepositi.
1684 4222 1737 4278 lta-

90 4295 296 4351 cmeudavimus
310 4311 342 4351 ex
357 4293 427 4351 libra
441 4295 540 4351 Ursini.
556 4292 601 4348 tit
618 4294 698 4374 igitur
718 4311 725 4348 :
745 4292 881 4359 Noslaioi,
940 4306 992 4363 que
1007 4305 1112 4344 omnem
1137 4287 1241 4361 plebem
1265 4289 1371 4345 volebat
1392 4308 1455 4348 csse
1471 4307 1657 4366 monogamos.
1674 4292 1736 4349 lita.

90 4380 155 4421 cum
193 4366 227 4421 ad
264 4369 491 4437 peraequationem
532 4363 681 4435 discipline
711 4361 886 4418 sacerdotalis
976 4358 1034 4431 (to)
1055 4360 1148 4416 Vester
1174 4356 1335 4416 [litinensis
1353 4376 1405 4416 nec
1429 4363 1609 4419 Scantiniam
1625 4364 1737 4420 timuit.

92 4450 284 4507 provocamur,
311 4438 470 4507 deponimus
500 4435 885 4508 personamsacerdotiilen13
942 4431 1040 4488 Uthina
1063 4429 1192 4502 oppidum
1213 4443 1253 4483 est
1277 4428 1386 4509 Atrine,
1416 4433 1521 4487 colonia
1544 4435 1738 4492 Romanorum.

90 4515 123 4561 et
135 4508 190 4576 jani
212 4508 338 4574 dicimus,
353 4509 424 4564 alios
451 4523 509 4563 esse
524 4507 617 4582 laicos,
635 4505 703 4561 alios
717 4506 885 4562 sacerdotes.
941 4504 1002 4559 Nou
1016 4502 1296 4586 agnoscebatuautem,
1315 4510 1345 4555 ut
1360 4502 1477 4581 videtur,
1502 4519 1598 4560 novam
1621 4506 1740 4562 Montani

91 4576 159 4632 liic.
943 4576 1091 4645 prohetiam
1130 4572 1285 4627 Uthinensis
1319 4571 1446 4628 Ecclesia.
1464 4572 1546 4629 Notat
1569 4583 1660 4631 autem
1683 4576 1740 4648 epi-

131 4648 190 4719 (38)
208 4650 356 4721 Oportebat
371 4649 463 4720 iqitrtr
476 4649 635 4706 commenta
655 4647 815 4722 discipline
833 4650 889 4717 sor·
942 4660 1057 4714 scopum
1068 4645 1102 4700 de
1113 4643 1311 4700 illicitarcnere
1323 4659 1410 4715 ,cum,
1422 4641 1496 4715 dicit,
1508 4659 1559 4701 nec
1569 4645 1740 4703 Scantiniam

91 4734 232 4776 mamaea
241 4725 335 4791 fronte
343 4718 753 4794 proponilileganterirontem
766 4716 889 4774 Ecclesiae
943 4717 1042 4773 timuit.
1066 4717 1097 4771 P.
1121 4713 1274 4770 Scantinius
1304 4714 1392 4785 legem
1419 4713 1556 4787 tulitque
1581 4718 1740 4785 pederastae

92 4790 281 4862 vacatepiseo
318 4809 342 4861 s,
359 4796 545 4862 presbyteros,
569 4791 709 4846 diaconos.
730 4790 888 4862 Oportebat,
943 4788 1020 4862 gravi
1035 4785 1167 4857 supplicio
1186 4784 1366 4841 afficerentur.
1388 4786 1478 4841 Rana.

93 4858 250 4931 inquit,in
287 4872 363 4918 route
385 4861 515 4917 Eccleie
539 4863 697 4917 christiane
727 4860 841 4933 proponi
860 4875 891 4916 ac
981 4858 1037 4930 (11)
1059 4857 1533 4929 Vnttjnuencalasniidere.Locum
1549 4856 1742 4913 hunchuctcr

93 4933 219 5003 pendere
234 4932 360 4996 termam,
378 4934 491 4998 liecest,
521 4933 624 4989 tabulas
647 4933 726 4988 totius
740 4932 891 5002 discipline
944 4929 980 4985 ad
1001 4931 1151 4986 institutum
1166 4944 1244 4984 suuni
1263 4928 1420 4999 detorquet;
1441 4939 1469 4984 ut
1488 4930 1531 4987 rix
1547 4929 1655 5000 assequi
1679 4927 1742 5000 quis

92 5002 286 5059 ecclesiastice
304 5022 310 5071 ;
328 5012 356 5059 at
376 5004 417 5058 sic
430 5005 596 5082 praecederet
610 5004 725 5059 edictum
740 5006 813 5076 quod
825 5002 889 5058 uni*
943 4999 1032 5072 pessit
1045 5000 1110 5073 quid
1120 4998 1192 5055 velit.
1212 4999 1292 5055 Varia
1306 5010 1346 5054 est
1359 4998 1440 5056 etiam
1459 5008 1579 5057 veterum
1594 5000 1740 5073 expositio,

93 5071 169 5127 versi
194 5082 383 5144 sequerentur.
408 5075 453 5128 Sic
468 5076 540 5128 enim
566 5076 663 5143 tegitur
681 5073 710 5130 in
733 5071 892 5130 Divionensi
946 5081 1013 5127 inter
1027 5087 1093 5143 quas
1108 5070 1193 5141 placet
1207 5074 1320 5126 maxime
1334 5069 1378 5124 illa
1393 5070 1533 5142 Epiphanii
1548 5078 1641 5129 contra
1666 5074 1742 5128 ilon-

94 5143 192 5200 codicc
209 5150 316 5200 vetusto
333 5161 370 5198 :i
398 5143 520 5200 Edictum
547 5147 745 5217 quodaminodo
771 5144 891 5201 laturum
946 5143 1058 5199 tanistas
1079 5151 1109 5197 ut
1124 5141 1208 5214 priori
1231 5141 1290 5198 loco
1314 5156 1375 5197 cum
1388 5141 1466 5213 dicit;
1489 5143 1621 5199 teniores
1643 5144 1743 5201 viduos

95 5213 266 5270 uiiiaersisin
283 5215 473 5287 preceptione.
492 5218 553 5272 llic.
946 5214 1049 5278 deuito,
1062 5221 1126 5279 etc,
1143 5213 1271 5284 loquatur
1289 5213 1446 5284 dolisque
1464 5214 1625 5285 promisere,
1640 5224 1742 5285 etpro-

136 5286 340 5343 -Commnnis
350 5287 510 5359 discipline
519 5285 765 5358 [ormanabegem
773 5301 893 5344 commu·
946 5286 1037 5341 missis
1052 5300 1106 5340 non
1131 5291 1212 5348 stant,
1237 5282 1368 5352 judicium
1383 5285 1523 5354 babentes,
1544 5299 1576 5340 ec
1597 5286 1670 5355 quod
1687 5285 1741 5356 pri·

96 5369 161 5410 nem
179 5357 314 5428 significat
332 5365 385 5412 tain
400 5358 565 5429 laicisquam
579 5356 765 5413 sacerdotibus
782 5357 892 5422 dictam,
947 5371 1018 5411 main
1049 5353 1128 5412 fidem
1156 5355 1258 5410 irritam
1272 5353 1401 5424 iecerint;
1416 5366 1509 5427 postea
1522 5370 1585 5412 vcro
1601 5353 1653 5410 illis
1679 5369 1743 5412 ver-

95 5426 177 5480 rdecs
190 5436 232 5481 reo
246 5430 359 5501 ποιμνίου
372 5430 462 5499 (Petri
475 5433 516 5498 v).
533 5430 597 5485 liic.
948 5427 999 5482 bis.
1019 5426 1080 5486 Volo
1093 5442 1156 5499 erqo
1164 5426 1563 5499 juvenculasoidnasnnberc,
1577 5424 1610 5481 dc
1623 5423 1667 5493 iis,
1686 5425 1746 5495 qui·
1790 5476 1792 5481 .

135 5496 194 5568 (39)
208 5500 461 5571 Quemapisscirct
473 5500 551 5573 plebs
565 5497 894 5557 enmordinemsibiod·
935 5497 999 5555 bus
1023 5514 1072 5581 per
1098 5497 1279 5555 infirmitatem
1309 5499 1343 5554 nd
1367 5498 1466 5555 alteras
1492 5496 1611 5554 uincire
1635 5494 1744 5567 nuptias

95 5570 280 5640 secandam,
290 5573 339 5646 qni
351 5574 461 5643 taceret
472 5573 646 5645 prepositos.
661 5569 790 5628 Ordinem
799 5583 896 5626 mono-
950 5569 1090 5639 permittit.
1105 5569 1177 5629 Pati.
