3840 6134
136 299 171 361 ⁸¹
708 313 806 372 ainau
824 313 866 371 na
886 310 1217 373 raruscmmmmnus.
1750 308 1786 368 aa

138 431 191 500 ipsi
205 429 278 485 enim
299 432 470 503 magnificant
487 436 553 492 Cain
578 440 647 510 (63),
663 439 740 511 qnasi
758 455 791 495 ex
815 439 930 510 quadam
949 436 1129 532 germinum
1152 437 1257 509 iniquas
1290 437 1371 493 luisse
1397 437 1455 508 (60)
1476 456 1483 493 :
1507 437 1542 493 ob
1572 452 1651 510 quam
1678 451 1785 494 causam

139 521 240 589 potenti
256 520 354 576 virtute
374 533 541 598 conceptum,
557 543 618 600 quae
641 539 750 600 operata
772 531 807 585 sit
824 531 934 602 inipso.

139 607 207 662 Nam
221 609 291 664 Abel
307 626 339 665 ex
362 611 490 669 inferiore
505 615 602 670 virtute
621 630 790 690 conceptum,
807 636 937 690 procrea·

140 704 207 765 tum,
222 704 251 751 et
277 698 338 754 ideo
362 698 517 757 inferiorem
532 713 667 774 repertum
685 707 754 777 (66).
772 707 803 762 lli
817 711 864 780 qui
881 712 932 765 hoc

137 784 278 850 adserunt,
295 788 372 842 etiam
400 789 497 845 tudam
518 793 679 860 proditorem
708 797 865 863 defendunt,
884 798 935 853 ad-

138 873 292 928 mirabilem
305 874 379 929 illum
403 885 431 932 et
445 894 570 950 magnum
593 897 652 938 esse
670 891 849 940 memorantes
865 887 934 959 (66),

137 969 252 1031 propter
275 962 412 1034 utilitates,
436 983 503 1039 quas
531 971 647 1026 humano
672 974 765 1045 generi
789 975 936 1031 contulisse

134 1049 265 1119 jactatur.
284 1050 399 1119 Quidam
414 1057 486 1110 enim
502 1057 624 1128 ipsorum
639 1061 782 1132 gratiarum
800 1066 935 1119 actionem

135 1137 216 1194 ludae
231 1152 341 1211 propter
355 1144 424 1198 hanc
442 1161 551 1200 causam
566 1149 731 1206 reddendam
750 1159 851 1222 putant.
867 1153 935 1207 hni-

136 1226 311 1284 madrertens
336 1230 420 1295 enim,
449 1232 583 1305 inquiunt,
605 1237 700 1305 ludas,
719 1239 790 1310 quod
815 1239 936 1298 Christus

137 1319 221 1374 vellet
237 1319 374 1377 rentatem
399 1324 564 1395 subvertere,
585 1327 693 1382 tradidit
705 1329 790 1397 illum,
807 1347 841 1386 ne
864 1334 935 1388 sub-

136 1406 208 1464 verti
223 1408 323 1466 veritas
342 1419 441 1481 posset.
463 1413 497 1468 Et
522 1414 567 1468 alii
583 1415 622 1472 sic
645 1427 738 1472 contra
753 1418 891 1491 disputant
908 1430 936 1478 at

136 1495 234 1550 dicunt
249 1515 257 1552 z
272 1497 342 1564 Quia
363 1506 507 1569 potestates
522 1503 604 1572 hujus
624 1503 715 1560 mundi
736 1504 862 1560 uolebant
882 1506 934 1576 pati

135 1584 284 1653 Christum,
310 1601 345 1642 ue
374 1587 493 1643 humano
519 1589 613 1662 generi
640 1606 690 1662 per
710 1603 824 1649 mortem
851 1593 935 1665 ipsius

133 1673 211 1729 salus
232 1683 381 1746 pararetur,
413 1676 494 1733 saluti
514 1680 660 1736 consulens
679 1682 787 1754 generis
813 1681 934 1753 humani,

136 1761 247 1818 tradidit
281 1762 431 1835 Christum,
462 1776 493 1823 ut
523 1768 607 1833 salus,
645 1785 706 1841 quae
741 1737 974 1842 impediebaturn

989 527 1061 581 illam
1084 525 1217 590 virtutem,
1242 541 1323 597 quarn
1350 525 1432 597 (sicut
1459 526 1589 596 diximus)
1613 527 1786 597 pronuntiant

990 622 1112 678 matrem,
1141 614 1174 669 ad
1198 613 1343 671 vindictam
1371 613 1450 669 etiam
1482 614 1672 686 cataclysmum
1702 614 1782 671 indu·

989 718 1062 770 cere,
1080 711 1108 757 ut
1126 712 1152 758 et
1176 701 1241 757 illud
1264 702 1446 772 postulationis
1468 717 1562 757 semen
1587 702 1735 767 tolleretur,
1755 710 1784 758 et

991 793 1041 846 666
1062 792 1150 846 solum
1178 805 1281 854 semen,
1309 792 1381 861 quod
1414 799 1485 845 esset
1512 806 1621 860 purum,
1649 789 1783 863 integrum

988 879 1177 935 custodiretur.
1188 879 1314 934 Sedenim
1324 878 1384 934 illos
1393 879 1438 949 qui
1453 877 1566 933 seminis
1579 877 1639 932 illos
1654 878 1784 945 prioris⁵²

988 968 1177 1031 instituissent,
1203 968 1308 1022 occidte
1333 976 1361 1022 et
1380 968 1504 1031 latenter,
1526 974 1553 1022 et
1576 967 1719 1038 ignorante
1739 966 1784 1022 illa

990 1068 1074 1114 matre
1096 1055 1211 1121 Virtute,
1243 1072 1305 1111 cum
1328 1056 1383 1111 illis
1410 1063 1473 1111 octo
1489 1055 1633 1111 animabus
1655 1053 1681 1109 iu
1695 1071 1785 1114 arcam

989 1146 1095 1203 misisse
1109 1146 1187 1200 etiam
1211 1160 1302 1201 semen
1321 1144 1406 1201 Clram
1421 1145 1456 1216 ⁵³,
1480 1159 1535 1216 quo
1555 1158 1647 1198 semen
1676 1142 1785 1202 malitia

990 1250 1043 1289 nort
1060 1235 1170 1307 periret,
1185 1236 1231 1289 aed
1246 1250 1308 1290 cum
1327 1232 1432 1290 caeteris
1457 1241 1657 1301 conservatum,
1673 1241 1701 1288 at
1724 1241 1785 1301 poet

989 1322 1178 1394 camclysmum
1204 1322 1283 1378 terris
1305 1322 1449 1387 redditum,
1474 1323 1602 1392 exemplo
1625 1330 1785 1378 caeterorum

989 1419 1156 1470 exaresceret
1183 1419 1209 1466 et
1242 1411 1441 1478 attonderetur,
1466 1417 1493 1466 et
1520 1419 1606 1467 totum
1638 1411 1728 1467 orbem
1757 1419 1786 1468 ct

989 1503 1110 1572 impleret
1122 1508 1149 1554 et
1161 1507 1310 1569 occuparet.
1325 1500 1365 1555 De
1379 1499 1487 1555 Christo
1501 1507 1591 1555 autem
1602 1498 1641 1556 sic
1655 1503 1785 1566 sentinat,

990 1599 1019 1645 ut
1033 1589 1122 1645 dicant
1136 1588 1211 1642 illum
1237 1586 1421 1641 tantummodo
1434 1586 1510 1655 Seth,
1535 1594 1562 1642 et
1577 1602 1625 1656 pro
1645 1586 1705 1656 ipso
1719 1587 1784 1643 Seth

990 1678 1080 1749 ipsum
1096 1677 1178 1734 luisse
1191 1676 1226 1731 ⁵⁴.

1258 1798 1371 1855 CAPUT
1390 1798 1510 1853 XLVlll.

135 1865 185 1920 per
207 1852 332 1917 virtutm,
356 1869 419 1924 quae
438 1854 607 1912 obsistebant
627 1872 662 1912 ne
688 1866 824 1927 pateretur
838 1858 932 1916 Claris-

138 1948 194 2003 tus,
224 1939 346 2010 impediri
370 1943 482 1998 omuino
517 1958 571 1999 non
608 1953 710 2016 posset,
739 1951 768 2000 rt
798 1946 859 2002 idro
885 1962 934 2018 per

133 2027 292 2098 passionem
314 2027 417 2085 Christi
446 2031 502 2104 (66)
529 2048 585 2089 uon
606 2040 700 2104 posset
727 2035 801 2092 salus
823 2035 933 2092 humani
1021 2031 1197 2107 Carpocrates
1229 2039 1356 2100 praterea
1390 2029 1447 2100 (66)
1474 2030 1542 2085 6666
1574 2028 1633 2083 tulit
1668 2035 1782 2088 sectam.

131 2117 245 2185 generis
260 2116 402 2173 retardari.
419 2118 474 2175 Sed
490 2127 517 2175 et
530 2119 576 2176 illa
589 2122 701 2178 haeresis
715 2122 856 2193 processit,
873 2139 933 2195 quae
986 2130 1072 2186 Unam
1094 2144 1152 2185 esse
1167 2128 1231 2185 dicit
1254 2128 1385 2185 Virtutem
1399 2127 1427 2182 in
1443 2126 1631 2199 superioribus
1646 2125 1783 2199 principa·

131 2202 232 2258 dicitur
265 2205 447 2262 Sethoitarum
470 2209 493 2246 ⁵¹
527 2211 601 2280 lh'l).
627 2210 713 2279 llujus
750 2211 933 2282 perversitatis
984 2220 1096 2282 lem,ex
1121 2219 1171 2274 hac
1193 2217 1312 2287 prolatos
1334 2217 1442 2288 angelos
1465 2226 1546 2287 atque
1570 2215 1697 2283 virtutes,
1714 2229 1784 2286 quos

131 2292 258 2348 doctrina
281 2297 339 2350 haec
361 2303 402 2350 est
427 2314 434 2349 ε
454 2297 523 2353 duos
541 2298 663 2354 homines
682 2301 716 2353 ab
731 2301 834 2372 angelis
847 2315 930 2356 cons·
984 2307 1117 2362 distantes
1129 2303 1585 2379 lougeasuperioribusvirtutibus
1600 2304 1634 2373 ⁵⁵,
1649 2302 1782 2358 mundum

132 2381 239 2451 titulos,
269 2381 333 2436 Cain
366 2391 394 2439 et
421 2383 490 2440 huet
509 2389 520 2454 3*
541 2393 651 2460 propter
672 2388 722 2443 hos
750 2404 861 2460 magnas
886 2388 930 2443 in·
985 2394 1290 2452 istumiuinlerioribus
1309 2392 1618 2466 partibuscondidisse;
1640 2391 1780 2448 Christum

131 2479 170 2525 ter
198 2471 315 2543 angelos
338 2474 526 2530 contentiones
553 2485 579 2532 et
607 2476 755 2532 discordias
771 2476 906 2534 exstitisse
920 2496 929 2547 ;
985 2500 1038 2539 non
1054 2501 1087 2540 ex
1101 2482 1207 2557 virgine
1220 2483 1303 2538 illaria
1317 2489 1420 2552 natum,
1441 2480 1489 2538 sad
1504 2496 1537 2536 ex
1551 2479 1655 2537 semine
1667 2480 1780 2548 loseph,

128 2559 164 2612 oh
189 2557 261 2614 hanc
285 2573 397 2615 causam
429 2560 501 2616 illam
528 2559 587 2620 ott
614 2563 738 2620 virtutem
764 2581 824 2636 quaa
848 2582 931 2636 super
984 2572 1117 2627 hominem
1144 2571 1328 2627 tantummodo
1350 2570 1481 2641 genitum,
1508 2585 1570 2625 saue
1597 2585 1652 2639 prae
1672 2568 1781 2625 caeteris

128 2660 226 2702 ⁰¹⁰⁰ae
245 2648 302 2718 (5⁸)
327 2649 438 2705 virtutes
459 2663 540 2722 esselr
565 2667 648 2722 (luam
676 2663 786 2707 mallem
810 2670 930 2724 66011ϋῦ-
982 2661 1095 2730 justitiae
1120 2659 1177 2718 67
1206 2665 1279 2716 cutm
1301 2660 1369 2732 (66),
1398 2657 1780 2730 66665666668666666661ἰ6-

129 2735 206 2800 dant,
225 2736 290 2791 dum
310 2737 383 2794 hhel
402 2738 570 2796 interiectum
591 2741 710 2797 dicerent
726 2741 792 2812 (59),
814 2742 930 2800 voluisse
985 2764 1038 2802 rem
1058 2750 1150 2804 :hunc
1177 2748 1246 2817 apud
1269 2748 1379 2803 tncaeos
1404 2762 1512 2817 passum
1530 2758 1537 2799 :
1553 2744 1639 2801 solam
1663 2745 1780 2800 animam

128 2824 236 2894 concipi
258 2836 286 2882 et
308 2826 384 2883 nasci
399 2827 469 2885 hiioc
492 2829 557 2885 Seth
576 2831 634 2886 loco
654 2829 758 2897 Abelis,
773 2839 802 2886 ut
815 2845 929 2886 evacua·
984 2837 1068 2906 ipsius
1082 2837 1150 2893 caulo
1170 2844 1315 2908 receptam,
1337 2850 1371 2893 eo
1388 2835 1461 2908 quod
1480 2839 1508 2891 et
1535 2832 1637 2889 firmior
1651 2841 1678 2889 et
1698 2833 1782 2890 robu-

131 2921 224 2967 rentnr
248 2915 340 2988 angeli
363 2916 411 2983 illi,
435 2919 480 2989 qui
502 2922 570 2975 duos
594 2918 698 2990 priores
721 2918 783 2974 illos
805 2919 931 2976 homines
984 2923 1050 2978 stior
1074 2924 1178 2980 caeteris
1201 2925 1281 2980 luerit
1297 2945 1303 2981 :
1322 2941 1355 2981 ax
1378 2939 1433 2996 quo
1456 2923 1604 2997 colligeret,
1634 2927 1736 2980 tentata
1755 2921 1780 2962 ⁵⁵

134 3002 334 3070 condidissent,
348 3005 410 3059 dum
430 3006 481 3062 hoc
503 3022 594 3063 semen
613 3007 741 3062 mundum
766 3012 879 3063 moritur
901 3017 929 3064 et
944 3014 966 3091 c
981 3013 1130 3065 animarum
1149 3009 1207 3087 sola
1229 3011 1324 3082 salute,
1349 3015 1445 3066 nutlaa¹
1458 3010 1580 3082 corporis
1599 3010 1780 3068 resurrectio-

136 3091 266 3145 macitur.
292 3090 476 3151 Permiationes
499 3097 571 3150 euim
597 3095 691 3152 dicunt
716 3097 875 3169 angelorum
900 3107 927 3152 et
981 3114 1028 3152 nes
1055 3097 1121 3168 (66).
1150 3097 1214 3153 Post
1243 3100 1314 3154 hunc
1338 3098 1482 3155 Cerinthus
1508 3099 1651 3156 haereticus
1679 3098 1779 3171 erupit,

816 3193 910 3257 Variae
936 3198 1092 3257 lectiones.

159 3268 184 3305 ⁵¹
213 3267 387 3324 Setthitamm
408 3274 603 3330 6666666166.
628 3273 653 3312 ⁵²
666 3273 726 3344 Quo
750 3272 858 3330 seminis
881 3275 942 3329 illos
957 3275 1061 3347 priores
1083 3273 1168 3331 Semt.
1184 3269 1245 3339 Quo
1260 3272 1373 3330 sarcinio
1392 3271 1451 3328 illos
1466 3272 1570 3343 priores
1584 3274 1652 3331 lun.
1669 3274 1694 3313 ⁵³
1709 3273 1776 3330 Cain

127 3341 212 3395 Fron.
230 3341 321 3397 Paris.
336 3341 360 3380 ⁵⁵
373 3343 435 3397 Non
451 3359 498 3412 pro
512 3346 590 3400 nohis
602 3346 850 3407 tantummodo,sed
869 3352 896 3401 et
911 3360 959 3416 pro
970 3346 1029 3414 ipso
1043 3360 1072 3400 se
1088 3345 1176 3414 ipsum
1190 3344 1273 3400 luisse
1288 3345 1374 3402 Rhea.
1385 3344 1476 3400 Sedet
1490 3359 1539 3415 pro
1554 3345 1624 3416 ipso,
1639 3359 1670 3401 se
1683 3345 1777 3415 ipsum

126 3410 211 3466 luisse
226 3412 313 3468 Semi.
329 3412 355 3451 ⁵⁵
370 3414 502 3470 Virtutum
518 3416 603 3473 Semi.
615 3414 641 3454 ⁵⁶
659 3415 723 3470 titae
734 3416 810 3472 tollit
826 3417 911 3474 Semi.
926 3415 950 3455 ⁵⁵
961 3416 1097 3488 Colligere
1106 3424 1147 3472 est
1162 3422 1266 3471 retenta
1281 3418 1348 3472 lua.

830 3514 1081 3579 Commentarius.
1375 3567 1378 3573 .

158 3586 217 3657 (66)
237 3590 274 3645 at
297 3589 354 3663 ipsi
376 3592 565 3664 magnificant
588 3593 669 3650 Cain.
694 3590 835 3649 Indiculus
852 3593 929 3652 Hier.
985 3595 1055 3649 torte
1070 3592 1257 3665 reponendum
1272 3602 1322 3658 est,
1339 3593 1523 3664 tropicarum
1536 3607 1617 3650 voces
1632 3590 1691 3648 istae
1704 3592 1777 3651 inter

126 3661 320 3729 sanctificarat.
336 3661 399 3718 llta.
983 3681 1014 3722 se
1027 3664 1104 3721 lacile
1117 3671 1259 3720 mutentur.
1273 3665 1312 3719 ln.

161 3732 335 3799 (hlllltidco
356 3735 523 3805 inferiorem
536 3748 568 3789 rc
587 3737 692 3790 ertum.
703 3734 840 3791 Indiculus
855 3733 928 3793 llier.
1018 3737 1498 3817 161)Ccrpocrctesproetcrcc,etc.
1521 3733 1711 3792 Gnosticorum
1761 3765 1777 3780 ·

129 3802 336 3859 Etidsoillatm
345 3805 544 3862 6666666666.
565 3749 623 3862 gin.
983 3817 1086 3862 rentem
1111 3807 1192 3862 luisse
1219 3806 1405 3876 Carpocratem
1436 3805 1607 3862 manifestum
1634 3814 1686 3863 est.
1730 3808 1741 3877 j

162 3874 222 3943 (66)
241 3875 445 3933 Admirchitem
464 3878 550 3933 illum
564 3880 591 3933 66
602 3893 737 3949 magnum
753 3892 811 3934 erae
822 3892 928 3934 memo·
982 3887 1071 3933 autem
1086 3893 1191 3934 errores
1214 3877 1240 3931 in
1262 3877 1340 3933 curris
1355 3876 1481 3932 exstincti
1499 3885 1572 3932 sunt.
1588 3878 1613 3932 ls
1629 3876 1699 3932 inter
1723 3893 1779 3934 666-

130 3949 242 4002 rantes.
273 3947 413 4004 ludiculus
442 3949 521 4003 Hier.
550 3969 564 3997 ‹
589 3946 716 4004 Omnium
741 3948 927 4021 apostolorum
982 3959 1037 4004 tera
1058 3958 1208 4005 commenta
1235 3949 1435 4003 Testamentum
1463 3948 1548 4003 Vetus
1572 3949 1717 4017 rejiciebat.
1734 3951 1777 4006 ha

130 4013 213 4070 bisse
222 4016 384 4074 doctiorem.
407 4019 500 4074 illic.
903 4050 909 4064 ·
979 4018 1052 4074 idem
1074 4018 1156 4075 luerit
1182 4030 1276 4075 auctor
1296 4018 1484 4075 Gnosticorum
1500 4026 1527 4074 et
1550 4019 1775 4088 carpocratiano-

164 4089 222 4156 (66)
236 4090 290 4146 Per
306 4091 467 4161 passionem
483 4089 598 4147 Christi.
614 4091 671 4145 lloc
686 4099 739 4157 est,
754 4091 776 4145 sl
791 4095 927 4163 pateretur
980 4106 1039 4144 rum
1054 4104 1108 4144 uon
1134 4092 1267 4160 expendo.
1287 4090 1399 4146 Constat
1413 4090 1514 4146 sociam
1534 4100 1580 4145 aut
1599 4090 1776 4147 inventricem

129 4158 265 4213 Christus.
280 4160 389 4216 llouru.
980 4167 1019 4216 tot
1045 4163 1172 4216 scelerum
1211 4161 1295 4216 tntae
1322 4160 1464 4232 quamdam
1498 4160 1685 4218 mulierculam
1708 4162 1777 4223 lter,-

160 4232 209 4300 (67
240 4230 310 4296 066
323 4231 432 4288 dicitur
455 4231 657 4289 6666666666.
681 4230 808 4300 Sethiaui,
828 4231 881 4300 vel,
897 4237 926 4285 ut
979 4231 1110 4296 collinam,
1127 4247 1187 4301 qnae
1203 4232 1310 4297 Christi,
1327 4232 1412 4297 Pauli,
1428 4230 1547 4298 Honieri,
1566 4240 1593 4288 et
1616 4232 1776 4316 Pythagorae

265 4305 361 4370 placet,
386 4303 521 4368 Sethoitae,
544 4319 560 4357 a
584 4304 661 4368 Seth,
687 4304 753 4358 hdae
780 4302 838 4358 silio
862 4311 925 4358 natu
979 4302 1110 4428 imagines
1127 4302 1278 4372 promiscue
1297 4304 1416 4364 colebam
1438 4319 1517 4373 quem
1538 4304 1639 4359 cultum
1663 4303 1776 4363 ridicule

1022 1920 1164 1974 Proetcrcc
1182 1915 1388 1989 Carpocratem,
1402 1912 1577 1981 6666666666,
1588 1913 1747 1972 helionem.

127 4238 238 4356 Tertull.

128 4371 204 4427 tertio
218 4371 282 4428 dict
301 4382 376 4440 sunt,
392 4389 475 4500 guam
496 4374 582 4429 ludaei
605 4374 712 4446 qnidam
735 4373 857 4431 venerari
878 4375 923 4428 di·
978 4390 1026 4445 pro
1039 4373 1094 4428 anis
1104 4373 1263 4428 numinibus
1277 4389 1339 4429 cum
1350 4373 1434 4430 sacris
1447 4374 1603 4431 adhibuisse
1614 4377 1697 4430 lcrtnr
1708 4376 1775 4448 imp.

128 4442 269 4513 cebantm,
300 4446 528 4515 quemamodum
555 4454 596 4501 est
623 4454 717 4501 auctor
752 4444 921 4516 Augustinus
976 4447 1051 4502 Alex.
1068 4445 1193 4509 Severus,
1210 4443 1297 4514 qiriin
1315 4444 1432 4499 sacrario
1450 4444 1595 4501 hbrahmni
1611 4453 1638 4501 et
1663 4446 1776 4518 Orphei,

128 4513 186 4575 (lib.
213 4514 248 4569 66
271 4516 343 4571 lloer.
369 4530 429 4585 cap.
459 4519 516 4587 ta).
543 4517 673 4572 Dicebant
696 4515 766 4572 euim
790 4515 838 4584 illi,
856 4466 1073 4572 SethnChristi
1109 4523 1137 4571 et
1171 4514 1302 4587 Apollinis
1334 4524 1433 4597 statuas
1465 4516 1631 4595 asservabat.
1660 4516 1697 4594 La
1725 4517 1775 4575 Pa.

127 4585 160 4639 de
189 4601 317 4656 suprema
340 4594 424 4643 matre
450 4597 542 4644 natum
565 4588 658 4655 fuisse,
686 4603 745 4643 eam
773 4594 921 4641 asserentes
1011 4589 1069 4657 (66)
1084 4589 1157 4644 Sane
1179 4588 1362 4660 proecoetcras
1379 4585 1507 4656 partitam
1525 4586 1613 4641 66666.
1639 4585 1778 4642 ludicnlus

127 4671 187 4709 cum
207 4671 326 4729 superno
349 4668 422 4728 patre
444 4660 610 4726 convenisse,
632 4660 702 4713 unde
718 4657 839 4715 divinum
854 4656 920 4714 illud
974 4659 1056 4713 llier:
1075 4659 1207 4715 66666666
1220 4660 1316 4713 antem
1330 4656 1556 4726 illamspirr'tnm
1569 4653 1776 4727 prophetalem.

126 4741 222 4808 semen
240 4738 530 4809 nmoerclurtanquam
546 4731 664 4787 filiorum
687 4728 746 4787 Dei.
771 4728 852 4798 Apud
876 4743 923 4784 eos
975 4729 1034 4785 Rue.
1276 4799 1281 4809 ι
1465 4795 1469 4804 .
1646 4797 1651 4808 ι
1747 4795 1753 4807 ⁶

126 4814 199 4925 ffers
222 4801 334 4855 masculi
348 4808 374 4854 et
397 4801 504 4856 fortunae
527 4801 564 4856 dii
579 4802 762 4875 deaequeesse
784 4806 921 4871 putantur.
996 4796 1778 4926 ι(63)066666ξτῖνννῖἑῗέὲἓὸίιῆῗέννῖνῃξῖοσέἰεᾝαῖῧ,

164 4887 191 4926 6.
979 4886 994 4926 6
1033 4886 1107 4927 uoco
1131 4886 1227 4937 acre,
1248 4887 1283 4926 66
1455 4905 1458 4910 -

126 4942 458 5069 ..trituramur
470 4960 556 5071 ”lw-
564 4944 792 5071 ‘l”²'¹⁶l¹’²'''¹‘²⁶⁸
802 4946 882 5000 ⁰⁸⁸⁶*
894 4941 925 4997 ¹¹¹
980 4886 1032 5069 ‘lq
1041 4888 1710 5068 ttttlttttt‘ttttnttttlttttt‘tss
1723 4939 1779 5067 SC

150 5085 302 5165 .(59)6666
312 5031 820 5166 666666ἳ661666616ι6ἴ6ζᾶιῖ6ς666666ἶ666666
830 5091 927 5140 comet
980 5090 1009 5141 66
1023 5030 1085 5138 agme
1099 5100 1152 5155 quo
1175 5084 1289 5166 positum
1306 5090 1360 5163 est.
1375 5049 1531 5162 Legendirm
1542 5152 1546 5162 Ι
1556 5091 1623 5163 puto
1637 5029 1778 5140 robustior

128 5153 928 5228 demeretreponrrrdalhpndEpiphaniumtnvoceSctliic·
981 5170 1013 5210 ea
1039 5157 1148 5211 cacteris
1171 5156 1271 5225 fumat.
1302 5154 1451 5234 Meliusque
1483 5154 1549 5234 mihi
1574 5152 1717 5218 rideretur,
1745 5167 1779 5210 ex
1803 5177 1808 5184 ·

128 5242 242 5291 uorum,
273 5225 307 5281 de
334 5232 382 5282 hac
406 5235 490 5282 matre
507 5233 557 5284 666
576 5228 692 5299 positum
709 5232 866 5298 66666666
892 5227 928 5280 ὅτι
981 5242 1033 5300 quo
1048 5226 1201 5299 colligeret,
1225 5230 1364 5280 attentata.
1387 5226 1463 5289 Dein,
1485 5235 1523 5281 art
1547 5224 1692 5290 Semlerns,
1711 5245 1722 5274 ι
1743 5238 1780 5281 cc

129 5295 277 5352 66666666
299 5294 388 5362 ”hem
418 5297 573 5372 lntnpatrtca
601 5297 697 5354 tholam
721 5303 862 5371 γεννηθῆναι
883 5297 926 5351 rhu
981 5314 1034 5371 qao
1049 5297 1175 5368 colligere
1186 5304 1228 5351 est
1243 5304 1344 5352 retenta
1353 5297 1518 5353 animarum
1532 5297 1590 5355 sola
1604 5297 1706 5359 salute,
1715 5305 1779 5361 eta,

128 5368 187 5436 Σῇο,
213 5369 255 5422 acl
288 5367 314 5422 ἐν
337 5371 418 5442 τούτῳ
440 5373 506 5440 opas
527 5370 571 5439 τὴν
604 5369 677 5440 αὐτῆς
699 5371 809 5444 δύναμιν.
841 5371 871 5425 C.
888 5384 927 5441 tt,
983 5370 1125 5440 legendum
1147 5376 1238 5424 censet
1260 5368 1370 5435 lunius,
1395 5370 1508 5425 retenta
1532 5383 1589 5435 Jam
1622 5370 1781 5436 reposuerat

131 5458 157 5512 p.
171 5439 283 5497 26666.
298 5441 389 5497 Petav.
405 5443 513 5499 llourrr.

164 5515 220 5583 (66)
228 5514 433 5571 Pemistionca
443 5514 830 5587 caimdicuntanpelorumet
842 5512 930 5569 homi·

131 5599 201 5641 anm
222 5586 339 5657 6666666
359 5586 458 5658 saure,
473 5587 499 5640 h.
512 5603 537 5641 e.
553 5587 680 5657 impares,
697 5584 853 5657 inaequales.
869 5582 929 5639 Nisi

984 5439 1110 5496 Latinius.
1134 5460 1146 5490 ν
1171 5439 1348 5495 Scribendum
1373 5438 1643 5507 conjecitadnotator
1665 5432 1778 5492 adedit.

983 5513 1130 5569 Ronlanam
1145 5511 1226 5580 hujus
1248 5519 1385 5578 tractatus,
1409 5511 1566 5568 6666666666
1591 5509 1720 5575 tuntum,
1736 5506 1779 5562 vel

985 5585 1109 5641 66666666
1121 5584 1213 5638 caim.
1223 5582 1333 5638 Rooru.
