3840 6134
212 282 265 343 tet
552 274 776 341 tentantium
795 273 926 340 ornans
944 271 1028 337 PARS
1046 270 1081 335 il·
1099 302 1136 320 -
1152 272 1269 338 statas
1286 271 1308 349 l,
1328 273 1500 340 notamen.
1803 278 1856 346 788

212 423 269 466 rem
284 403 464 462 sublimantur
484 401 581 461 anima
603 401 756 474 sapientes;
770 400 844 473 apud
857 399 962 469 dnum,
978 397 1005 454 in
1020 415 1043 495 Ι
1058 397 1118 468 ejus
1145 400 1267 457 abstrusa
1294 399 1472 475 profunditas.
1498 402 1641 478 Siquidem
1668 403 1806 463 Christum
1830 407 1857 450 99

211 511 305 552 aerem
318 493 392 567 (68),
407 493 477 567 apud
494 493 609 559 Stoicos,
621 492 671 548 sub
686 491 776 547 lunam
786 491 850 562 (69).
862 484 938 559 Quos
948 489 1007 562 qui·
1060 490 1087 546 in
1102 491 1183 548 corde
1197 501 1276 548 terrae
1291 493 1395 565 (llattb.
1410 495 1464 566 ιιιι)
1479 492 1596 553 triduum
1620 495 1717 552 mortis
1740 495 1856 570 legimus

211 586 274 643 dem
288 585 381 651 miror,
397 585 469 655 quod
484 582 667 655 imprudentes
686 579 790 636 animas
814 578 884 635 circe
909 587 1007 636 terram
1061 587 1237 652 expunctum,
1254 581 1282 637 id
1305 591 1347 638 est
1368 581 1397 638 in
1420 597 1531 640 recessu
1550 583 1645 643 intimo
1663 592 1691 642 et
1708 585 1814 645 interno
1831 595 1857 645 et

210 682 393 746 prosternant,
408 690 469 731 cnm
485 673 546 729 illas
559 688 575 727 a
588 670 753 743 sapientibus
766 668 851 724 multo
864 668 1008 742 superiori·
1059 669 1088 725 in
1111 670 1171 739 ipsa
1194 677 1267 725 terra
1288 678 1393 743 operto,
1413 678 1440 729 et
1458 670 1529 729 intra
1550 673 1639 745 ipsam
1662 674 1757 733 deuse
1775 675 1811 747 ⁹³,
1830 685 1857 734 et

211 765 263 821 bus
277 763 378 819 erudiri
392 761 543 820 adfirment.
559 760 612 818 Ubi
625 759 675 817 erit
689 756 922 831 seholaeregio,in
934 763 1008 813 tanta
1060 758 1230 815 interioribus
1258 759 1347 818 adbuc
1373 761 1479 835 abyssis
1506 770 1701 834 superstructo.
1728 764 1807 834 Quod
1833 765 1856 822 si

212 853 341 908 distantia
354 851 585 910 diversoriorum?
608 864 662 918 qua
684 848 790 904 ratione
811 845 951 917 discipula
973 846 1008 902 ad
1060 847 1183 905 cbristus
1202 849 1285 919 Deus,
1311 848 1374 921 quin
1393 857 1420 905 et
1442 850 1536 915 horno,
1562 858 1685 910 mortuus
1706 851 1856 910 seeundum

212 943 356 1014 magistras
363 941 561 999 conventabunt
567 940 602 1008 99,
616 938 721 994 tanto95
731 933 1007 993 discrimineinvicem
1060 934 1221 1008 Scripturas,
1247 944 1273 994 et
1295 937 1419 1011 sepultus
1440 939 1586 996 secundnm
1600 940 1626 980 99
1640 942 1761 1008 easdem,
1776 942 1822 999 bie
1832 943 1857 984 99

212 1032 358 1089 absentes?
381 1028 447 1097 Quis
475 1037 564 1084 autem
592 1027 646 1082 illis
671 1027 823 1098 pustbumae
849 1023 1008 1083 eruditionis
1060 1041 1169 1098 qnoque
1191 1026 1245 1099 legi
1268 1024 1405 1098 satisfecit,
1427 1026 1513 1083 iorma
1534 1027 1659 1085 humanae
1677 1029 1857 1102 mortisapnd

210 1137 279 1179 usus
300 1136 333 1176 ac
356 1119 459 1176 tructus
485 1118 596 1188 jamjam
622 1114 833 1188 conflagratione
860 1111 1008 1185 perituris?
1061 1114 1162 1173 inieras
1190 1113 1312 1186 iunctus;
1338 1131 1389 1172 nec
1411 1125 1474 1173 ante
1498 1117 1621 1173 ascendit
1646 1116 1673 1174 iu
1699 1119 1859 1177 sublimiora

211 1210 339 1280 Reliquas
353 1207 456 1264 animas
470 1206 504 1263 ad
522 1205 624 1262 interos
638 1204 776 1274 dejiciant.
785 1205 841 1260 lios
850 1202 1009 1261 Platuvelut
1061 1205 1191 1263 eoelornm
1204 1219 1285 1276 quarn
1298 1204 1435 1262 descendit
1449 1208 1475 1260 in
1489 1203 1620 1263 interiora
1640 1214 1771 1265 terrarum
1785 1211 1855 1281 (to),

211 1298 344 1373 mensium
360 1305 440 1353 terrae
462 1293 602 1365 describit,
627 1293 656 1348 in
679 1292 830 1361 Phaedone,
844 1289 1008 1364 quaomnes
1061 1292 1159 1352 utillic
1174 1295 1339 1369 patriarchas
1362 1304 1389 1352 et
1413 1293 1497 1354 m
1520 1298 1665 1370 propbetas
1685 1297 1804 1372 (pres.
1820 1300 1859 1371 ιι)

210 1388 288 1444 labes
301 1384 468 1443 mundalium
491 1383 614 1442 sordium
628 1381 799 1450 conlluendo,
824 1389 852 1439 et
873 1381 911 1437 ibi
933 1381 1007 1438 desi-
1061 1391 1199 1457 compotes
1222 1384 1264 1440 sui
1288 1383 1400 1455 laceret,
1421 1385 1508 1442 habes
1528 1386 1537 1424 ¹
1557 1394 1585 1442 et
1608 1385 1747 1460 regionem
1760 1388 1773 1427 ²
1787 1387 1860 1446 inle-

211 1475 301 1533 dendo
316 1475 454 1545 exhalent,
474 1480 501 1531 et
514 1473 591 1546 quasi
606 1488 684 1530 eoenu
698 1471 928 1528 immunditiarum
943 1487 1008 1528 sua·
1061 1488 1120 1528 rum
1134 1474 1336 1530 subterraneam
1351 1473 1477 1543 eredere,
1499 1483 1526 1531 et
1551 1474 1611 1531 illos
1633 1475 1726 1532 cubito
1745 1477 1859 1549 pellere,

210 1581 271 1624 rurn
295 1565 457 1624 crassiorem
484 1563 612 1622 baustum
635 1568 663 1619 et
687 1560 820 1633 privatum
847 1559 901 1618 illic
918 1574 1008 1618 aerem
1059 1561 1107 1632 qui
1121 1560 1133 1599 ³
1147 1561 1212 1616 satis
1225 1562 1342 1632 superbe
1355 1577 1410 1619 non
1425 1570 1519 1633 putant
1532 1564 1544 1602 ⁴
1557 1561 1663 1620 animas
1676 1562 1801 1620 fidelium
1815 1565 1861 1620 in·

209 1655 320 1728 stipent.
1061 1647 1126 1706 ieris
1152 1648 1257 1723 dignas,
1285 1651 1358 1708 servi
1383 1666 1466 1725 super
1493 1651 1645 1721 dominnm,
1675 1661 1704 1710 et
1733 1652 1862 1725 discipuli

531 1795 536 1814 1
1061 1753 1142 1811 snper
1168 1737 1337 1812 magistrum,
1365 1739 1512 1811 aspernati,
1531 1740 1555 1797 si
1577 1741 1658 1811 forte,
1686 1743 1715 1798 in
1742 1741 1866 1799 abraba

516 1794 628 1851 (APUT
646 1792 701 1850 LV·
1024 1808 1122 1891 Dsinu
1144 1829 1330 1898 exspectanda
1352 1822 1555 1886 resurrectionis
1571 1829 1626 1903 (tr)
1646 1829 1774 1888 sobtium
1798 1847 1863 1889 car·

245 1919 330 1978 Nobis
352 1918 431 1976 interi
449 1930 504 1972 non
526 1916 598 1972 nuda
621 1914 763 1983 cavositas,
783 1931 833 1974 nec
857 1916 1006 1974 subdivalis
1062 1932 1126 1990 pere
1139 1917 1160 1973 ⁵.
1188 1935 1200 1970 s
1225 1917 1278 1974 Sed
1300 1917 1329 1974 in
1352 1919 1415 1989 boc,
1439 1916 1583 1990 inquiunt,
1608 1919 1733 1976 cbristus
1755 1918 1864 1977 interos

209 2011 298 2082 aliqua
324 2009 416 2065 mundi
444 2006 549 2064 sentina
576 2005 723 2062 creduntur
753 2021 760 2063 ε
789 2006 837 2061 sed
873 2007 899 2062 in
935 2007 1008 2066 lassa
1061 2006 1126 2064 adiit
1139 2005 1206 2079 (72),
1224 2023 1258 2064 ne
1273 2023 1324 2066 nos
1337 2008 1498 2065 adiremus:
1518 2015 1658 2082 caeterum,
1673 2008 1748 2078 quod
1761 2009 1869 2067 discri-
1911 2001 1913 2007 ’

210 2107 297 2167 terrae,
325 2108 352 2154 et
380 2098 407 2153 in
435 2097 486 2154 alio
514 2095 637 2166 vastitas,
666 2103 694 2152 et
720 2094 748 2150 in
770 2094 837 2170 ipsis
860 2095 1008 2154 uisceribus
1061 2111 1123 2153 men
1136 2096 1304 2154 ethnicorum
1327 2104 1354 2155 et
1374 2097 1597 2169 Christianorum,
1621 2097 1645 2155 si
1666 2112 1760 2156 carcer
1784 2114 1867 2157 mor·

244 2294 270 2333 99
284 2292 421 2366 Discipuli
431 2292 465 2346 ad
478 2290 623 2362 magistras
636 2298 835 2375 convertentur.
851 2306 877 2357 c,
890 2213 989 2401 {iffi
996 2217 1175 2376 'manassis
1190 2292 1259 2349 Alvo
1273 2296 1339 2350 tnn.
1355 2293 1385 2376 '⁹⁶
1395 2294 1499 2350 Christo
1514 2295 1580 2376 trip..
1596 2295 1659 2352 Ven.
1675 2293 1821 2351 mertdose.
1836 2292 1871 2378 91

209 2365 307 2422 Cavato
322 2368 401 2421 Pom.
412 2364 500 2421 llbcn.
516 2363 601 2419 Semi.
616 2361 641 2400 99
655 2363 740 2419 Secus
752 2366 810 2435 lttp.
831 2364 894 2420 Ven.
941 2364 1008 2420 liure
1018 2366 1078 2437 lisy.
1095 2367 1158 2423 Ven.
1174 2365 1195 2418 ¹.
1211 2364 1317 2421 liabens
1327 2368 1386 2438 lisy.
1404 2366 1490 2423 Ven.²
1504 2366 1647 2439 Originem
1662 2367 1730 2424 Por.
1750 2365 1764 2406 ³
1792 2365 1875 2440 Qut·

209 2440 275 2496 Por.
289 2438 301 2477 ⁴
314 2438 411 2493 Patent
424 2437 505 2492 Pena.
517 2435 604 2493 iiten
618 2435 703 2493 Semi.
722 2435 831 2493 Oderit.
846 2434 858 2473 ⁵
872 2434 974 2504 Capera
992 2435 1084 2494 Gelon.
1102 2436 1161 2510 nn.
1184 2437 1247 2495 Ven.

246 2615 304 2686 (68)
317 2615 396 2689 Apud
419 2613 521 2670 Arium
532 2615 564 2669 in
577 2628 681 2670 ocrem.
691 2611 723 2667 ld
734 2610 823 2682 ipsum
839 2532 1012 2685 repetictocrilyil.l
1015 2545 1245 2670 emecacmguiuxvui
1263 2612 1369 2682 Quibus
1395 2613 1474 2682 adde,
1503 2621 1601 2686 praeter
1628 2615 1699 2670 lren.
1724 2614 1811 2687 cypr.
1837 2621 1877 2671 et

211 2704 271 2761 seq.
288 2688 359 2755 Quid
381 2692 471 2742 autem
495 2699 543 2741 aer
566 2685 600 2739 ab
623 2685 723 2741 aetbere
746 2681 861 2750 differat,
882 2685 1006 2740 omnibus
1060 2685 1170 2741 Hieron.
1199 2685 1267 2741 locis
1294 2685 1392 2753 citatis,
1417 2685 1530 2742 alterum
1555 2687 1607 2744 BB.
1630 2686 1791 2754 Hieronymi
1818 2686 1874 2742 lo-

109 2754 113 2763 '
211 2769 306 2816 notum
325 2765 367 2814 est
384 2772 501 2828 :nempe
524 2755 598 2828 quod
613 2771 660 2813 aer
673 2771 757 2811 unum
780 2755 815 2810 sit
835 2771 867 2811 ex
891 2763 1006 2828 quatuor
1059 2771 1120 2811 enm
1135 2758 1168 2812 in
1185 2757 1250 2816 Osee
1262 2772 1286 2812 c.
1302 2772 1364 2824 xrrr,
1381 2765 1407 2814 et
1419 2756 1581 2814 Nazianzeni
1606 2757 1679 2814 Orat.
1696 2760 1713 2812 3
1733 2758 1832 2817 Theolo
1855 2796 1870 2812 .

210 2830 353 2888 elementis
385 2830 478 2898 (joma
505 2837 627 2884 veterum
653 2826 788 2895 placita),
827 2826 910 2883 aetber
943 2826 1006 2897 ple·
1060 2826 1207 2902 Angustia.
1230 2828 1309 2899 epist.
1334 2832 1368 2885 57
1391 2829 1427 2884 cd
1449 2829 1573 2885 Darden.
1598 2837 1625 2884 et
1646 2827 1682 2884 nd
1706 2829 1794 2887 Euod.
1856 2845 1869 2893 ;

210 2917 325 2974 rumque
360 2915 410 2970 pro
448 2896 517 2954 coelo
553 2897 709 2967 accipiatur.
739 2896 805 2964 Quis
832 2907 921 2954 autem
958 2898 1008 2953 ista
1060 2897 1240 2970 Greg.Nyss.
1258 2899 1873 2973 Orat.idedesnrr.,·l⁴“ortunatum,Dyma.

209 2973 301 3040 Arius,
324 2970 449 3043 dispiciat
463 2969 578 3046 diligens
593 2969 687 3026 lector.
708 2971 778 3026 Ριιι.
794 2968 1005 3028 adnotantibus.
1061 2970 1095 3028 de
1109 2971 1219 3037 Pusam,
1230 2970 1276 3043 qui
1290 2987 1432 3043 perperam
1446 2971 1583 3029 Lactantio
1599 2970 1755 3039 ascribitur3
1771 2973 1874 3039 ipsunt

210 3044 280 3102 Eoo.
1060 3040 1227 3098 Lactantium
1252 3044 1269 3096 Ι.
1290 3058 1330 3108 rv,
1355 3058 1380 3099 c.
1397 3045 1440 3108 tu,
1456 3050 1483 3097 et
1496 3042 1624 3099 German.
1649 3040 1871 3114 Constantinnp.

247 3115 305 3189 (69)
317 3114 395 3188 Λριιά
408 3115 513 3174 Stoicos
527 3114 578 3170 snb
593 3113 701 3170 innam.
716 3111 756 3168 De
771 3111 824 3168 boe
836 3111 931 3167 iterum
945 3125 1005 3183 cap.
1060 3113 1094 3170 dc
1119 3114 1205 3170 Crnce
1231 3114 1346 3170 Christi.
1373 3111 1462 3180 Quat
1484 3115 1558 3184 qnod
1582 3112 1749 3186 Augustinus
1780 3116 1872 3170 etiarn

212 3203 272 3258 seq.
298 3188 400 3243 Horum
429 3201 494 3242 vero
527 3184 700 3252 sententiam,
729 3191 907 3254 praeterqnam
934 3183 1006 3255 qnod
1022 3161 1176 3254 cidipsum
1198 3185 1329 3255 adstruat,
1350 3186 1396 3240 ubi
1421 3184 1544 3256 quintum
1568 3184 1710 3240 articulum
1735 3183 1873 3255 Symboli

211 3258 289 3330 sequi
316 3258 440 3315 videatur
468 3256 559 3313 cicaro
597 3255 699 3326 (Tnsc.
728 3254 777 3325 ι),
814 3253 939 3310 Lucanus
966 3253 1008 3311 bis
1060 3261 1166 3321 tractat,
1191 3255 1210 3312 l.
1234 3271 1263 3311 tv
1287 3255 1320 3313 dc
1342 3256 1461 3327 Symiot.
1486 3256 1522 3312 ad
1547 3255 1668 3324 Cntcclt,
1684 3271 1710 3311 c.
1726 3258 1761 3323 63
1778 3265 1807 3312 et
1821 3255 1873 3311 di-

211 3330 353 3402 amplexus
366 3337 409 3384 est
422 3329 568 3386 versibus:
984 3354 987 3359 ·
1060 3327 1139 3382 sertis
1160 3326 1251 3382 verbis
1273 3326 1302 3382 B.
1327 3325 1443 3399 Cyrillus
1466 3326 1583 3395 Hieros,
1610 3325 1721 3385 Cateclt.
1746 3341 1792 3397 tv,
1815 3326 1870 3381 iu-

273 3417 396 3496 Quadque
413 3424 482 3481 patet
497 3424 574 3466 terras
590 3413 655 3464 inter
670 3412 788 3477 lunaque
806 3419 913 3472 meatus,
1061 3405 1101 3455 ter
1115 3397 1261 3465 sepulture
1277 3403 1438 3453 mentionem
1461 3405 1489 3454 et
1511 3397 1717 3455 resurrectionis
1730 3396 1869 3469 interpo-

275 3480 387 3530 bemidei
400 3492 489 3528 manes
513 3478 644 3537 babitant;
659 3489 724 3539 quos
738 3475 810 3538 ignea
832 3474 914 3525 virtus
1060 3468 1100 3523 nit
1114 3468 1207 3539 (sicuti
1222 3482 1271 3524 nos
1285 3468 1375 3538 etiam)
1396 3468 1461 3523 illud
1476 3485 1483 3526 :
1500 3467 1647 3526 Descendit
1669 3468 1706 3524 od
1730 3470 1868 3541 insere&

274 3543 401 3594 Innocuos
418 3543 469 3591 rita
486 3541 610 3604 patientes
626 3538 728 3587 ameris
741 3537 796 3610 imi·
1060 3537 1115 3595 imo
1136 3547 1162 3596 et
1183 3555 1306 3597 caussam
1329 3539 1452 3595 eamdem
1471 3555 1534 3597 cum
1556 3540 1673 3596 Auctore
1695 3538 1813 3611 addens,
1828 3540 1869 3597 ut

273 3605 351 3664 Fecit,
366 3612 510 3653 stanternos
537 3603 650 3652 animum
676 3600 774 3662 collegit
788 3613 816 3649 ιιι
832 3599 918 3652 orbes.
943 3600 1007 3652 esa.
1060 3614 1090 3669 gt
1108 3611 1201 3681 justos
1226 3610 1371 3680 liberaret,
1390 3611 1528 3684 subjungit
1549 3628 1611 3668 curn
1634 3610 1865 3683 stomachoquo.

249 3684 307 3755 (70)
330 3682 478 3740 Descendit
505 3683 536 3738 in
563 3682 702 3752 inferiora
724 3684 879 3735 terrorum.
900 3678 1009 3752 allegat
1060 3680 1141 3737 dam:
1159 3682 1238 3738 acar
1252 3681 1324 3736 enim
1338 3681 1418 3738 vellet
1431 3682 1553 3739 viventes
1567 3681 1678 3754 quidem
1691 3680 1745 3737 frui
1759 3681 1865 3755 gratia,

212 3754 276 3815 bic.
307 3761 407 3825 praetcr
429 3751 578 3820 Scripturas
595 3752 632 3805 ibi
652 3750 744 3805 citatas
767 3750 1008 3820 (quemadmodum
1080 3751 1182 3810 uamvis
1205 3767 1239 3808 ex
1261 3752 1304 3807 hia
1329 3751 1413 3809 sancti
1436 3761 1613 3825 nonessent3
1640 3753 1688 3826 qui
1712 3767 1781 3810 vero
1799 3768 1865 3811 cum

212 3834 239 3880 et
265 3825 315 3878 Bit.
345 3823 524 3894 Hieronymus
551 3830 577 3877 et
604 3823 740 3885 lrenaeus,
770 3829 795 3874 et
822 3820 1009 3948 Ambrosiup),
1059 3768 1148 3878 idam
1169 3839 1185 3879 a
1208 3822 1290 3895 longo
1313 3830 1435 3897 tempore
1455 3824 1576 3882 conclusi
1591 3833 1678 3896 erant,
1697 3837 1753 3879 nou
1815 3821 1863 3880 tiri

212 3893 279 3950 iilud
302 3894 405 3964 Ephes.
420 3908 472 3946 rv:
493 3892 568 3960 Quod
588 3895 685 3948 entem
707 3891 833 3948 ascendit
856 3892 912 3963 (cui
934 3893 967 3948 ad
989 3896 1008 3950 it
1060 3892 1204 3954 libertate?
1221 3915 1232 3946 s
1250 3902 1302 3951 etc.
1319 3895 1362 3952 Ne
1375 3895 1536 3967 prolixiores
1559 3897 1654 3966 simus,
1679 3895 1731 3953 boc
1752 3911 1770 3950 a
1791 3895 1862 3961 dito,

211 3968 313 4021 Auctor
335 3962 523 4032 explicationis
545 3961 647 4035 gratia,
673 3963 706 4016 in
732 3961 897 4020 snitimorio
922 3966 1008 4022 coelo·
1060 3965 1134 4038 quod
1153 3966 1181 4021 in
1204 3965 1432 4022 confirmationem
1445 3968 1551 4042 adleget
1569 3968 1648 4024 etiam
1673 3965 1738 4020 illud
1763 3967 1862 4024 blattb.

213 4033 570 4108 rum),qnidestnistqnio
585 4033 864 4106 descenditprimnm
879 4036 911 4093 in
929 4037 1007 4107 inse·
1059 4051 1111 4094 ut:
1140 4037 1176 4095 ln
1198 4053 1226 4095 es
1250 4039 1298 4110 qni
1320 4042 1456 4095 tenturos
1479 4039 1540 4097 est?
1563 4037 1619 4109 Ipsi
1640 4037 1747 4092 interim
1771 4037 1866 4113 magis

213 4108 302 4164 riores
315 4108 411 4179 partes
427 4105 532 4162 terre?
546 4121 595 4178 pro
608 4120 664 4177 quo
677 4107 746 4173 apud
763 4104 832 4161 iren.
849 4113 876 4161 et
888 4106 933 4162 hic
952 4123 958 4160 ε
975 4109 1008 4164 in
1058 4107 1184 4163 uidentur
1206 4107 1378 4178 conjunxisse
1401 4110 1474 4166 bunc
1496 4111 1636 4166 articulum
1662 4123 1723 4165 eum
1751 4124 1864 4181 praece-

213 4179 352 4249 interiora
367 4181 527 4244 terrernm;
543 4176 590 4251 qui
605 4191 658 4232 non
673 4174 777 4233 videtur
800 4175 898 4248 legisse
912 4192 1007 4235 vocem
1058 4177 1141 4243 denti,
1165 4182 1201 4236 Et
1224 4180 1352 4253 sepultas
1366 4185 1418 4238 est.
1434 4179 1512 4237 Unde
1532 4187 1558 4236 et
1578 4178 1703 4237 Rulfinus
1717 4179 1757 4251 (in
1775 4182 1865 4255 Sym-

212 4250 285 4320 μέρη,
300 4265 362 4322 qnae
381 4247 461 4304 bodie
480 4247 507 4302 in
522 4246 648 4305 omnibus
662 4247 798 4304 codicibus
812 4248 954 4305 Graciset
973 4265 1007 4305 ex
1059 4249 1130 4321 toto)
1153 4250 1229 4318 dicit,
1251 4251 1305 4308 vim
1328 4251 1401 4306 verbi
1425 4249 1546 4308 eamdem
1570 4251 1654 4307 sideri
1677 4266 1737 4307 essa
1762 4249 1792 4306 in
1816 4266 1867 4318 eo,

213 4320 389 4377 translatione
410 4319 440 4375 in
462 4319 565 4376 Latinis
586 4319 695 4393 legitur.
725 4318 847 4391 dilegari
877 4327 1006 4391 praeterea
1022 4342 1045 4421 n
1060 4322 1133 4391 quod
1158 4321 1282 4389 sepultus
1303 4321 1409 4379 dicitur.
1425 4321 1517 4377 Valeat
1540 4321 1630 4395 itaque
1651 4321 1783 4378 Erasmus
1796 4338 1864 4378 eum

213 4391 300 4449 solent
328 4391 363 4447 ad
390 4390 471 4460 hujus
498 4391 649 4464 argumenti
675 4388 906 4448 confirmationem
935 4390 1007 4447 Scri·
1061 4391 1117 4449 suia
1133 4393 1336 4463 Cateclnsiins,
1351 4393 1397 4448 nbi
1411 4408 1466 4448 non
1480 4400 1588 4450 veretur
1601 4393 1724 4449 dubitare
1738 4407 1776 4449 an
1790 4393 1874 4450 'sbo—

213 4470 354 4535 ptnrarnm
387 4461 539 4517 testimonia
567 4479 574 4520 :
604 4461 684 4517 Zacb.
714 4476 768 4528 rx,
797 4461 883 4517 Eccli.
913 4477 1004 4528 xxiv,
1060 4479 1118 4518 mas
1134 4461 1255 4544 Aquinas
1270 4464 1373 4534 primus
1397 4464 1465 4521 banc
1488 4462 1633 4521 clausulam
1648 4462 1780 4534 Symbola
1795 4460 1873 4519 fidei

212 4535 274 4591 Act.
298 4550 331 4590 ιι·
356 4533 427 4590 Osee
446 4547 512 4603 1111,
529 4531 645 4605 deniqne
667 4532 731 4588 illud
753 4532 852 4588 terem.
869 4531 942 4602 quod
956 4532 1005 4588 iu·
1059 4535 1210 4605 apostolico
1233 4535 1378 4603 addiderit;
1407 4535 1521 4592 manime
1551 4551 1612 4592 cum
1644 4535 1786 4591 maniieste
1809 4535 1874 4590 trit

212 4604 299 4661 sunus
325 4577 425 4676 blartyr
458 4605 520 4660 adn.
559 4606 579 4660 Τ
608 4602 694 4676 plion.
723 4603 832 4658 Jndaens
858 4602 1005 4660 resecuisse
1060 4605 1278 4678 haecconjnngat
1291 4607 1392 4662 Auctor
1415 4623 1423 4661 :
1449 4606 1574 4665 llortnas
1597 4604 1756 4663 secundum
1782 4607 1895 4664 Scriae

213 4675 276 4732 dicit
301 4695 308 4731 ι
334 4676 502 4734 Recordatur
525 4680 566 4732 est
607 4675 720 4731 omines
739 4676 811 4731 Dens
829 4680 1006 4734 mertuorum
1057 4677 1869 4802 sstaros,sepultas,acdcsccnditadinferioraterraram.

211 4763 333 4804 snorum
342 4763 380 4804 ex
390 4747 488 4807 lsrael.
499 4745 549 4820 qui
557 4745 888 4804 obdormierantinterrn
899 4749 1006 4821 cyperis
1079 4762 1127 4803 stt.
1142 4777 1179 4789 -
1193 4747 1299 4802 videsis
1309 4747 1390 4803 etiarn
1404 4764 1465 4820 quae
1479 4757 1574 4803 contra
1587 4748 1735 4821 [rigaltium
1745 4748 1914 4804 adnata!

212 4817 281 4891 (sive
299 4815 495 4891 sepelitionis),
511 4821 538 4873 ct
557 4816 697 4874 descendit
711 4816 747 4873 nd
761 4833 806 4873 ces
819 4823 853 4874 nt
867 4819 1007 4889 enanpctif
1057 4817 1146 4874 rimus
1159 4818 1185 4872 in
1202 4833 1225 4874 c.
1243 4820 1275 4873 {3
1288 4816 1335 4874 lib.
1351 4818 1384 4877 de
1398 4820 1571 4877 Idololatria.
1585 4820 1656 4874 Eun.

211 4893 301 4955 noret,
312 4893 340 4944 ct
350 4890 414 4945 loeto
424 4889 463 4944 eis
473 4888 647 4968 sipnificeret
657 4889 900 4946 nutatiosalutere
910 4905 1003 4946 soom.
1093 4889 1188 4958 (il)ln
1199 4889 1314 4946 Atratum
1327 4891 1395 4946 sinn
1412 4890 1611 4963 exspectanda:
1627 4890 1914 4949 resurrectionisae

212 4959 290 5027 Quod
304 4959 391 5030 ipsum
405 4972 466 5013 cum
481 4966 576 5015 artetur
589 4960 622 5014 ab
638 4959 740 5014 lrenaeo
761 4960 821 5016 loco
841 4959 1004 5029 jnmcitnto,
1057 4960 1174 5015 Possunt
1195 4961 1284 5030 aliquo
1308 4961 1389 5018 modo
1413 4962 1583 5018 commodam
1605 4960 1914 5032 interpretationem-1

212 5032 323 5086 omnino
346 5028 383 5084 ibi
405 5028 564 5102 legendum,
587 5031 619 5085 in
643 5032 721 5087 terro
744 5031 930 5103 sepelitionis,
954 5045 1005 5112 pro
1058 5029 1086 5084 ni
1112 5029 1164 5086 loci
1187 5034 1327 5104 accipere,
1359 5032 1381 5087 si
1410 5033 1533 5089 dicamus
1557 5037 1703 5089 Auctorem
1731 5033 1855 5097 sentire,
1891 5057 1914 5075 «-

211 5101 415 5174 stipulationis.
444 5100 553 5157 Petrum
588 5116 651 5158 vero
679 5101 831 5158 testimonia
857 5103 917 5158 haec
944 5109 1005 5158 citat
1058 5101 1133 5170 quod
1161 5105 1281 5160 nondum
1305 5102 1420 5172 perlecta
1444 5103 1506 5160 coeli
1530 5102 1653 5161 truantur
1677 5103 1855 5171 beatitudine,
1907 5132 1914 5141 -

210 5172 417 5239 Feuardentius,
441 5172 469 5227 in
492 5174 631 5230 lrenoenm
646 5191 654 5227 :
670 5171 796 5228 Thaddaei
820 5172 892 5243 apud
915 5173 1004 5228 Ense·
1058 5187 1138 5243 quarn
1162 5183 1222 5245 post
1244 5174 1367 5245 eorporis
1390 5175 1615 5232 resurrectionem
1636 5174 1786 5248 pleniorem
1804 5190 1854 5233 ex·

210 5244 297 5311 bium,
311 5243 329 5298 l.
346 5260 365 5308 r,
382 5260 407 5301 c.
422 5243 490 5315 ult.;
510 5242 631 5314 Dionysii
646 5243 718 5299 Aren
741 5242 823 5307 .lib.,
840 5242 874 5299 de
895 5243 1006 5301 Coetesti
1058 5250 1181 5314 spectant
1194 5245 1299 5302 animae.
1316 5246 1385 5303 Pau.

211 5315 380 5385 hierarchia,
408 5333 433 5371 c.
458 5316 484 5371 d.
508 5314 616 5390 Ignatii,
632 5316 682 5386 Ep.
697 5261 737 5370 ag
753 5313 923 5381 bullenses,-
942 5312 1003 5370 cte·
1093 5312 1150 5385 (ts)
1166 5316 1218 5374 Sed
1231 5319 1262 5373 in
1276 5316 1336 5382 ltoc,
1351 5317 1496 5388 inquiunt,
1514 5316 1643 5375 Christus
1650 5317 1760 5399 inferos
1769 5318 1852 5374 adut

210 5386 308 5444 mentis
331 5387 410 5443 illes.
426 5385 701 5451 l.11etvrStrom.,·
727 5383 863 5458 Origenis,
887 5386 918 5439 in
940 5401 1003 5457 cop.
1058 5384 1130 5441 Istud
1146 5398 1346 5459 argumentum,
1361 5388 1433 5460 quod
1448 5390 1526 5446 tacite
1540 5386 1592 5444 sibi
1606 5389 1709 5460 ob'ictt,
1729 5405 1786 5446 non
1804 5402 1852 5444 so·

210 5475 229 5513 v
252 5463 348 5528 Rem,
372 5456 477 5522 Basilii,
501 5458 533 5513 in
555 5455 630 5535 Psoi.
643 5468 762 5534 Ι,ιιιιιιις
790 5453 917 5526 Gregorii
936 5456 1002 5512 Naa.
1058 5455 1114 5539 lum
1129 5457 1303 5525 abductare,
1327 5459 1374 5515 sed
1390 5474 1439 5516 nec
1462 5459 1577 5517 anobis
1591 5407 1736 5529 probatur,
1753 5458 1854 5541 alioqui

211 5532 288 5588 Oret.
305 5530 338 5586 dc
351 5526 541 5594 Pescbat03E
560 5525 672 5605 rpbanun,
686 5525 1004 5590 recrescentium
1058 5543 1131 5585 emm
1153 5529 1217 5587 inde
1240 5529 1454 5594 concluderetur,
1469 5547 1531 5587 eum
1555 5531 1601 5604 qui
1622 5531 1706 5587 semel
1724 5530 1855 5589 Christia-

208 5603 348 5669 nacta,
362 5598 477 5670 denique
491 5604 518 5652 et
558 5594 656 5661 rnobu,
682 5598 714 5653 in
735 5597 810 5656 Psoi.
827 5613 872 5665 xv,
887 5613 1003 5658 ιιιιιιιι
1057 5614 1109 5657 nus
1123 5599 1209 5660 lactus
1221 5600 1312 5669 luerit,
1326 5601 1428 5662 inierat
1440 5601 1590 5675 promereti
1601 5616 1657 5661 uon
1671 5617 1764 5676 posse.
