3840 6134
143 362 198 425 493
747 358 811 422 LIB.
832 359 866 420 tv
883 359 962 421 tot.
980 359 1186 424 MARCIONEM.
1737 377 1790 440 494

141 489 264 548 consistit
287 486 411 559 probatio
435 484 559 558 corporis
582 486 618 541 de
648 487 801 543 testimonio
827 487 915 542 earnis
930 505 939 558 ς
954 501 978 582 g
992 488 1040 561 qui
1061 490 1141 548 labiis
1165 495 1304 567 cpopcic
1330 494 1501 568 dilipclotar
1525 499 1589 571 (lec.
1624 518 1706 574 xxxx,
1733 505 1788 576 ¹3).

141 577 265 650 probatio
278 576 379 646 carnis,
408 575 442 630 de
461 574 617 630 testimonio
632 574 784 647 sanguinis.
800 575 834 630 Ut
850 582 939 631 autem
996 578 1143 635 Perductus
1164 579 1190 635 in
1201 597 1373 651 concessum,
1386 600 1419 640 an
1441 585 1500 657 ipse
1520 600 1591 644 esset
1604 590 1726 649 Christus
1752 594 1795 649 iu-

142 666 325 740 etsauguinis
338 661 589 737 veteremirguram
605 663 632 718 in
656 664 722 719 rino
748 679 940 739 recognoscas,
996 672 1159 739 terrogatur.
1177 670 1217 725 De
1235 687 1288 743 quo
1309 671 1414 729 cbristo
1439 674 1525 730 tudaei
1549 679 1718 748 quesissent,
1743 681 1794 737 nisi

143 757 226 813 aderit
240 756 326 810 isaias
340 758 433 826 (amn,
458 753 481 824 Ι)
499 771 505 808 :
526 754 603 822 Quis,
623 752 721 823 inquit,
751 756 801 826 qai
829 754 943 810 aduenit
996 757 1272 831 desuo‘lCurergo
1292 761 1794 837 nonreltuncaIIumeisprodidit‘.¹

143 845 296 906 chdom?
311 844 404 902 nater
413 845 645 899 vestimentorum
653 845 714 915 ejus
724 857 760 899 ex
775 846 857 900 lloaor
873 844 942 912 (67).
997 844 1033 901 Ut
1047 845 1102 916 pati
1117 854 1217 918 posset,
1235 848 1335 922 inquis.
1352 852 1381 905 ll
1398 860 1450 921 eat,
1466 861 1496 908 nt
1520 853 1564 911 ille
1583 856 1703 927 optimus
1718 857 1796 932 igno·

144 937 187 994 su
201 934 343 992 ¹decorus
357 935 389 988 in
406 932 480 989 stola
503 931 649 987 vinolenta
664 949 730 987 rura
745 933 916 1004 fortitudine
931 931 945 986 ?
999 942 1089 990 rantes
1101 937 1188 992 adlrue
1203 939 1229 993 iu
1244 940 1332 995 scelus
1349 950 1493 1012 mergeret.
1511 943 1610 1016 Atquin
1625 953 1652 1000 et
1666 947 1689 1001 si
1707 945 1795 1000 dixIs-

148 1019 945 1095 dcorerubrovestimentoteodelindumentosicctdc
999 1027 1049 1089 sel,
1065 1040 1194 1095 passurus
1209 1036 1289 1083 esset.
1306 1030 1336 1085 Si
1351 1031 1448 1087 dixero
1471 1034 1556 1100 enirn,
1585 1031 1680 1105 inquit,
1710 1036 1789 1094 vobis.

145 1117 203 1186 [oro
212 1110 368 1168 torcularis
381 1110 656 1182 plcaoroncolcotol
675 1107 791 1179 Spiritus
802 1111 871 1164 euim
881 1125 947 1180 pro·
999 1128 1058 1168 non
1072 1115 1193 1171 credetis
1206 1117 1238 1171 ¹⁰.
1254 1117 1338 1173 Porro
1355 1134 1407 1174 non
1426 1120 1563 1191 credituri,
1582 1135 1799 1194 perseverassent

144 1199 359 1274 pheticusnelut
379 1199 436 1268 jam
457 1197 720 1268 contemplabundus
743 1197 890 1253 Dominum
911 1199 946 1254 ad
999 1199 1027 1256 iu
1045 1217 1140 1258 necem
1158 1204 1228 1273 rjus.
1258 1207 1422 1262 Etcurnon
1450 1210 1536 1283 magis
1565 1228 1693 1282 passurus
1714 1222 1797 1280 esset,

146 1290 298 1363 passionem
318 1288 480 1352 venientem,
507 1300 586 1342 carue
612 1284 716 1342 scilicet
738 1286 886 1351 vestitum,
917 1293 947 1342 ut
1001 1289 1024 1344 si
1039 1289 1150 1348 alterins
1177 1293 1237 1361 Dei,
1262 1309 1294 1349 ac
1320 1311 1370 1366 per
1393 1297 1452 1368 boc,
1473 1299 1658 1356 adversarium
1682 1301 1798 1360 Creato-

146 1378 218 1436 iaea
241 1393 373 1448 passum,
390 1385 531 1431 cruentum
561 1373 680 1430 habitum
694 1374 785 1430 curnis
810 1374 837 1429 in
861 1375 946 1430 vesti·
1001 1377 1040 1434 ris
1055 1380 1076 1418 ¹¹
1102 1381 1320 1437 manifestasset?
1338 1385 1412 1456 Ergo
1427 1401 1481 1441 non
1501 1395 1530 1441 nt
1544 1395 1691 1460 pateretur,
1717 1392 1799 1447 alium

145 1477 298 1526 mentorum
321 1463 405 1522 ⁴68
430 1466 530 1521 rubore
558 1464 706 1539 designat,
731 1466 895 1522 conculcatae
921 1471 948 1519 et
1002 1483 1033 1523 se
1053 1477 1116 1524 tunc
1139 1486 1246 1543 quoquc
1273 1474 1428 1544 supersedit
1455 1475 1629 1534 ostendere:
1657 1479 1705 1535 sed
1728 1497 1794 1553 quo·

146 1555 318 1632 arpressaevi
335 1553 479 1628 passionis,
495 1562 620 1627 tanquam
637 1553 671 1610 de
699 1554 712 1592 ¹
739 1552 798 1609 ioro
828 1553 950 1610 torcula³
1002 1556 1075 1613 niam
1101 1558 1124 1596 ¹¹
1151 1575 1184 1615 ex
1211 1576 1258 1617 ore
1276 1562 1336 1631 ejus
1358 1562 1556 1622 consessionem
1576 1576 1799 1641 extorquerem-

146 1648 204 1720 ris3
229 1645 295 1720 quia
310 1642 408 1701 exinde
436 1643 516 1715 quasi
534 1641 668 1699 cruentati
691 1641 815 1699 homines
829 1643 863 1699 de
889 1642 946 1698 vini
1001 1645 1121 1718 piabant,
1134 1662 1183 1705 nec
1197 1647 1320 1705 contessa
1340 1657 1427 1704 tamen
1447 1651 1574 1708 credituri
1594 1696 1601 1724 ,
1628 1656 1675 1728 qui
1690 1671 1750 1711 eum
1765 1673 1799 1714 ex

147 1739 248 1794 rubore
269 1728 448 1791 descendant.
478 1733 562 1789 blulto
589 1730 761 1788 manifestius
776 1731 890 1789 Genesis
918 1731 946 1786 in
1000 1734 1131 1808 operibus
1158 1735 1311 1809 Scripturas
1337 1737 1548 1809 adimplentibus
1576 1743 1719 1814 agnoviase
1748 1745 1798 1803 de·

148 1822 336 1883 benedictione
348 1821 437 1892 tuoe,
460 1838 494 1879 ex
522 1823 603 1892 cujus
633 1821 704 1877 tribu
730 1820 820 1877 caruis
847 1837 945 1878 census
963 1814 1112 1895 Bbuerant
1128 1842 1136 1894 ;
1151 1824 1189 1882 ita
1203 1827 1262 1895 ejus
1281 1825 1331 1882 luit
1345 1827 1495 1884 occultasse
1508 1844 1548 1896 se,
1568 1832 1611 1887 cui
1629 1830 1701 1887 ultro
1715 1831 1798 1889 debe-

153 1910 254 1970 Cbristi
269 1924 452 1981 processurus.
480 1912 538 1981 jam
568 1917 630 1966 tnnc
658 1909 793 1965 Christum
818 1909 844 1966 iu
877 1911 948 1966 luda
999 1913 1078 1969 batur
1092 1914 1205 1989 agnitio.
1222 1916 1254 1971 Et
1279 1923 1368 1972 tamen
1396 1916 1485 1974 adhuc
1507 1917 1547 1976 eis
1574 1935 1684 1976 manum
1710 1923 1801 1993 porri-

153 1999 305 2058 delineabat
317 2000 336 2057 ⁹.
349 1998 475 2068 laedit,
486 2001 574 2071 inquit
584 1998 665 2071 (Cen.
680 2002 824 2072 nimii),
836 2001 867 2056 tc
882 2000 947 2057 vino
1001 2017 1069 2077 gens
1083 2019 1090 2060 τ
1106 2003 1222 2070 Albine,
1236 2003 1333 2075 inquit,
1350 2008 1405 2062 erit
1420 2007 1511 2063 Filios
1525 2007 1754 2068 hominissedens
1764 2013 1800 2069 od

150 2092 252 2150 stolam
265 2106 358 2157 soom,
373 2091 444 2148 etin
456 2092 668 2162 sanguinariae
682 2091 823 2146 ornictam
835 2105 922 2147 suum
937 2110 948 2159 ,·
1001 2089 1149 2149 dexteram
1176 2093 1291 2149 virtutis
1315 2095 1374 2151 oet.
1403 2094 1572 2170 Suggerebat
1604 2097 1677 2154 enim
1709 2115 1739 2157 se
1764 2116 1797 2157 ex

151 2181 246 2239 stolam
263 2173 544 2237 etamiotumoarnem
560 2179 777 2245 demonstraus,
802 2187 829 2235 et
856 2178 947 2235 uinum
1000 2180 1121 2237 Danielis
1135 2183 1205 2255 (cap.
1234 2182 1286 2254 vu)
1301 2183 1441 2254 prophetia
1455 2185 1551 2241 Filium
1566 2186 1705 2258 hominis,
1728 2198 1756 2245 et
1785 2205 1801 2245 e

150 2270 315 2344 sangninem.
331 2266 415 2325 itaet
437 2285 509 2326 nune
535 2270 696 2342 sauguinem
726 2285 807 2324 suum
832 2268 859 2324 in
885 2268 947 2325 vino
1000 2268 1109 2327 Psalmo
1132 2271 1200 2344 (cix)
1227 2272 1324 2338 David,
1340 2275 1530 2331 sedentemad
1559 2276 1700 2334 dexteram
1735 2280 1798 2336 Dei.

150 2359 324 2428 consecrarit,
339 2356 387 2432 qui
408 2366 472 2416 tunc
493 2359 585 2415 vinum
600 2358 628 2412 iu
651 2359 785 2432 sanguiue
810 2357 946 2431 figurarit.
1001 2359 1095 2432 ltaque
1108 2375 1142 2415 ex
1160 2360 1212 2417 isto
1226 2360 1297 2418 dicto
1312 2370 1340 2419 et
1347 2362 1492 2434 Scriptura
1505 2365 1707 2437 comparatione
1733 2369 1799 2427 illn-

449 2447 559 2504 CAPUT
573 2448 645 2502 XLI.
1002 2449 1097 2505 minati
1119 2466 1199 2521 quem
1214 2467 1243 2506 se
1262 2452 1342 2508 vellet
1360 2452 1473 2527 intelligi
1490 2471 1496 2510 :
1513 2457 1594 2529 Ergo,
1610 2456 1746 2530 inquiunt,
1768 2465 1800 2517 tu

187 2539 240 2607 l'oe,
256 2536 305 2607 ait,
319 2542 462 2613 percitam
474 2537 601 2595 truditur
614 2537 704 2594 Pilius
721 2537 853 2595 bominis.
877 2535 949 2611 Ergo
1001 2540 1052 2597 Dei
1072 2540 1162 2596 Filius
1181 2545 1229 2597 est
1247 2540 1330 2611 Cujus
1351 2541 1410 2609 Dei,
1436 2542 1490 2599 nisi
1514 2560 1593 2617 quem
1609 2546 1697 2602 solum
1711 2563 1800 2606 nore·

133 2629 203 2699 jam
236 2631 280 2688 Vc
309 2626 418 2684 constal
451 2627 656 2699 imprecationis
687 2636 712 2684 et
734 2626 949 2684 comminationis
1002 2627 1185 2699 canticajns
1200 2629 1268 2694 Dei,
1286 2629 1338 2684 nisi
1353 2647 1434 2703 quem
1454 2632 1479 2685 iu
1500 2633 1605 2688 Psalmo
1621 2636 1801 2692 meminerant

138 2718 358 2776 insinuationem
378 2717 596 2790 laudgendam,
613 2726 640 2774 et
654 2717 721 2775 irato
736 2727 763 2775 et
781 2717 887 2774 olienso
901 2718 949 2774 de·
1001 2715 1103 2771 dixisse
1119 2716 1187 2772 Pilio
1213 2732 1283 2776 sno:
1307 2718 1373 2774 Scdc
1396 2719 1432 2775 nd
1447 2718 1580 2776 dextram
1604 2728 1721 2780 eneam?
1749 2723 1800 2781 Sed

134 2808 316 2879 mumadam:
334 2806 387 2863 nisi
401 2807 424 2862 si
438 2808 520 2864 ludas
534 2807 645 2879 impune
655 2815 711 2865 erat
723 2815 824 2864 tantum
839 2807 950 2864 sceleris
1003 2806 1164 2875 respondit:
1198 2807 1244 2862 Vos
1264 2807 1370 2876 dicitis,
1399 2811 1450 2881 poi
1472 2824 1520 2882 epo
1549 2827 1612 2867 arran
1637 2812 1672 2868 ¹³.
1701 2813 1801 2885 Atquin

130 2898 294 2956 rdaturus.
311 2898 367 2956 but
389 2896 412 2953 si
437 2897 556 2968 Impune,
581 2907 658 2954 uacat
692 2900 743 2955 l'oe.
765 2897 794 2954 Si
817 2913 872 2954 nou
899 2897 948 2952 im·
1002 2893 1170 2950 confirmarit
1184 2894 1211 2949 id
1225 2909 1254 2950 se
1269 2912 1329 2952 esse
1347 2897 1419 2969 quod
1435 2897 1473 2953 illi
1489 2898 1620 2970 dixerant,
1646 2901 1710 2956 dnm
1740 2919 1800 2958 rur-

127 3002 232 3059 pnue,
252 2987 347 3061 utique
362 2986 396 3043 ab
412 3001 444 3043 eo
459 2987 625 3059 puniendus,
643 2989 671 3045 in
684 3005 764 3059 quem
789 2988 876 3044 scelus
895 2997 947 3044 tea·
1002 2996 1048 3036 sus
1075 2981 1250 3052 interrogant.
1281 2983 1356 3039 Unde
1384 2994 1473 3042 antem
1497 2988 1626 3058 probabis
1653 2989 1803 3064 interroga-

124 3077 262 3136 ditiouis
276 3077 392 3133 admisit.
409 3078 502 3143 Porro,
519 3076 542 3132 si
567 3076 654 3133 sciens
679 3093 774 3149 passus
794 3084 836 3133 est
859 3076 947 3132 homi·
1002 3071 1063 3135 tire,
1081 3076 1107 3126 et
1123 3084 1176 3124 non
1191 3071 1264 3142 ipsos
1287 3070 1473 3128 confirmative
1500 3078 1714 3144 pronuntIassc:
1730 3081 1803 3151 Ergo

126 3180 223 3234 near,
243 3181 326 3238 quem
340 3165 398 3236 ipsc
415 3165 552 3221 comitatui
574 3181 622 3222 suo
637 3164 803 3238 adsciverat,
832 3164 860 3220 iu
886 3173 947 3221 tan·
1004 3164 1037 3216 lo
1050 3158 1140 3215 Filios
1155 3161 1204 3217 Dei
1219 3164 1268 3216 os?
1281 3161 1315 3217 Ut
1329 3160 1391 3234 quia
1419 3160 1527 3233 oblique
1542 3165 1697 3220 ostenderat
1712 3182 1741 3223 se
1756 3183 1804 3238 per

126 3260 208 3313 tum
220 3256 309 3313 scelus
323 3271 411 3325 ruere,
429 3254 486 3311 noli
494 3255 552 3325 jam
565 3255 600 3310 de
613 3255 741 3311 Creatore
764 3253 836 3311 circa
863 3254 949 3308 Adam
1003 3247 1158 3319 Scripturas
1169 3247 1268 3304 Filium
1282 3249 1332 3306 Dei
1345 3249 1610 3325 intelligendumsic
1624 3254 1758 3312 senserint
1769 3257 1802 3313 11.

128 3353 306 3412 retractare,
323 3361 384 3417 quac
398 3344 426 3398 in
441 3352 518 3399 tuum
533 3357 642 3416 quoque
664 3344 753 3399 Deum
784 3351 948 3414 retorqueo·
1004 3339 1075 3412 lirae
1096 3343 1127 3394 to
1152 3341 1202 3397 Dei
1214 3355 1242 3396 es
1257 3340 1359 3410 Filius,
1374 3342 1449 3414 quod
1470 3349 1496 3397 to
1511 3357 1565 3399 nou
1594 3344 1636 3402 vis
1649 3352 1741 3415 aperte
1759 3345 1803 3402 di·

127 3438 203 3501 ιω,
226 3441 274 3490 aut
293 3432 438 3506 ignorasse
467 3431 543 3488 ilium
572 3432 619 3505 qui
643 3448 697 3488 non
721 3448 754 3488 ex
781 3430 949 3502 providentia
1003 3443 1084 3500 cere;
1101 3444 1177 3500 acque
1206 3430 1229 3467 ¹⁵
1255 3429 1401 3502 itaetille,
1429 3433 1475 3490 l'os
1500 3433 1595 3490 dtcitis
1620 3432 1805 3496 confirmative

129 3522 254 3582 obstitit
277 3531 433 3594 peccaturo,
454 3529 502 3580 aut
524 3520 656 3580 obsistere
686 3537 741 3578 non
769 3521 898 3594 potuisse,
927 3519 951 3577 si
1004 3518 1164 3590 respondit3
1185 3527 1211 3575 et
1224 3519 1290 3578 adeo
1314 3520 1353 3578 sic
1380 3520 1431 3577 init
1463 3523 1647 3593 pronuntiatio
1675 3525 1746 3594 eius,
1773 3530 1806 3581 nt

134 3609 316 3686 ignorabam
334 3611 523 3681 autnoluisse,
540 3611 563 3666 si
592 3619 618 3667 ot
641 3610 744 3668 sciebat
763 3621 790 3666 et
817 3618 950 3683 poterat;
1004 3607 1237 3680 perseveraverint
1274 3610 1301 3666 in
1335 3625 1391 3678 eo,
1429 3612 1502 3684 quod
1536 3613 1721 3685 pronuntiatio
1757 3631 1804 3671 sa-

138 3701 287 3772 ttqueita
310 3700 474 3757 malitiosum
494 3700 672 3769 judicandum
690 3743 697 3771 ,
717 3700 763 3771 qui
792 3715 888 3770 passus
917 3699 952 3753 sit
1006 3697 1105 3770 plebat.
1461 3766 1466 3778 ι

148 3789 293 3847 bominem
319 3806 397 3846 suum
425 3805 459 3846 ex
491 3789 587 3846 delicto
610 3791 709 3859 perire.
737 3791 843 3846 Suadeo
870 3789 952 3864 igitur
1288 3786 1401 3844 CAPUT
1428 3787 1511 3845 XLII.

155 3891 291 3949 agnoscas
304 3879 396 3952 potius
412 3889 440 3935 et
457 3878 487 3934 in
506 3878 558 3935 isto
572 3878 728 3934 Creatorem
746 3893 847 3949 ,quam
862 3894 952 3950 parem
1043 3875 1205 3933 Perductum
1228 3876 1251 3916 ¹⁶
1265 3878 1344 3950 (Luc.
1364 3878 1447 3951 xxrn)
1465 3878 1537 3934 enim
1552 3880 1625 3937 illum
1641 3881 1674 3937 ad
1690 3881 1803 3939 Pilatum

161 3961 295 4024 illiberim
314 3967 447 4040 optimum
474 3969 606 4026 adversus
626 3966 787 4024 senteutiam
809 3975 881 4023 tuam
911 3966 953 4022 la·
1008 3981 1121 4022 onerare
1135 3975 1301 4037 caeperunt,
1326 3969 1399 4038 quod
1425 3982 1455 4023 se
1478 3983 1568 4043 regem
1584 3969 1706 4039 diceret3
1729 3972 1807 4029 Clui-

165 4054 345 4115 simusmes
366 4057 473 4114 Petrum
502 4056 708 4128 praesumptorie
732 4055 832 4128 aliquid
861 4056 953 4112 clocn·
1008 4054 1152 4109 stumsine
1174 4049 1258 4110 dubio‘
1281 4055 1330 4110 Dei
1362 4055 1485 4127 Filium,
1511 4074 1649 4116 sessurum
1686 4062 1720 4115 ad
1755 4062 1805 4117 Der

174 4144 638 4220 tuu(oo),4⁶8negariouip0uus
652 4144 821 4211 destinando,
841 4144 953 4201 zelotem
1008 4143 1155 4199 dextoram.
1180 4142 1336 4214 Caeterum,
1360 4144 1415 4201 alio
1438 4161 1499 4202 eum
1528 4147 1608 4204 titulo
1635 4152 1805 4220 gravassent,

178 4226 306 4292 temnat
319 4235 447 4294 ostendit.
459 4236 560 4294 Debuit
575 4236 663 4294 cllum
679 4237 774 4295 osculo
800 4233 877 4291 tradi
898 4237 953 4306 (69)
1009 4231 1103 4288 incerti
1116 4246 1150 4286 au
1164 4229 1260 4287 iillum
1274 4231 1323 4287 Dei
1342 4247 1372 4288 sc
1391 4232 1514 4304 dixisset,
1535 4236 1585 4291 nisi
1597 4235 1618 4275 ¹¹
1636 4237 1682 4293 tos
1712 4235 1808 4293 dicitis

182 4325 329 4396 topbeticus
344 4324 445 4385 scilicet
459 4325 592 4399 Christus,
615 4326 719 4396 atejus
741 4325 844 4383 scilicet
857 4324 951 4392 Filius,
970 4278 992 4356 Β
1008 4320 1047 4377 sic
1060 4319 1270 4391 pronuntiasset,
1293 4320 1383 4378 hocse
1402 4337 1461 4379 esse
1478 4325 1552 4396 quod
1575 4324 1705 4382 dicerent.
1720 4324 1809 4398 ,Pilato

840 4477 936 4540 Varia>
970 4479 1124 4542 lectiones.

216 4606 225 4650 ¹
239 4614 287 4673 Sed
316 4615 434 4675 Paris.⁸
449 4615 478 4673 ln
492 4613 671 4674 Ilieoseml.
690 4612 799 4672 Obertlr.
816 4611 1001 4669 ⁹Decliuabat
1017 4613 1105 4669 libem
1121 4608 1205 4667 Semi.
1231 4606 1341 4665 oberti.
1358 4604 1509 4665 delineabat
1523 4610 1641 4683 ironep.
1658 4609 1682 4649 ¹⁰
1695 4609 1811 4669 Creditis

187 4678 252 4742 lien.
268 4689 354 4746 Semi·
377 4688 485 4747 otertt.
504 4688 526 4725 ¹¹
542 4689 576 4743 Se
590 4688 654 4745 odd.
670 4688 737 4743 lun.
747 4686 769 4724 ¹¹
782 4684 926 4755 Quomodo
942 4683 1030 4742 libem
1045 4681 1131 4739 Semi.
1149 4679 1392 4749 coarctabunt
1406 4694 1461 4735 non
1476 4695 1527 4753 ego
1541 4683 1607 4740 lun.
1625 4683 1648 4721 11
1663 4683 1810 4740 Senserunt

106 4818 108 4825 .
185 4754 341 4819 odilone.
373 4759 434 4833 Rip.
464 4758 805 4831 Venet.¹⁵atqne1tbeo.
834 4757 920 4815 Semi.
939 4754 1049 4814 Obcrtlt.
1064 4753 1088 4792 111
1102 4754 1270 4810 Productum
1289 4752 1329 4807 ol.
1348 4752 1369 4791 ¹¹
1385 4751 1414 4807 Si
1430 4753 1517 4810 ltlretc
1539 4754 1624 4813 Semi.
1647 4754 1756 4813 Olertlc.

860 4908 1109 4974 Commentarius.

206 5046 367 5122 (illicior
387 5051 622 5110 vestimentorum
642 5049 705 5122 ejas
729 5063 764 5106 ec
785 5049 879 5106 bosor.
905 5048 960 5103 Aut
1050 5045 1108 5118 (69)
1120 5042 1217 5102 Debuit
1227 5041 1418 5102 elecmoscnlo
1429 5041 1514 5100 tradi.
1526 5041 1639 5115 epiph..
1655 5043 1756 5102 eoniut.
1767 5048 1812 5113 66,

178 5133 283 5194 purpura
309 5124 390 5195 Tyria
417 5123 599 5196 intelligitur,
626 5121 683 5178 sive
719 5119 957 5190 Carthaginensis,
1013 5117 1175 5175 haueetIam
1190 5116 1328 5172 veritatem
1343 5115 1466 5187 corporis
1487 5116 1585 5171 Christi
1603 5117 1747 5199 probatas
1772 5117 1815 5172 bis

176 5200 212 5245 aut
224 5209 272 5266 per
284 5196 369 5253 Bosor
384 5194 543 5251 rubedinem
566 5191 702 5263 eprIcare
728 5191 876 5248 debemus:
895 5200 957 5254 aaz
1013 5188 1105 5246 verbis
1123 5187 1213 5252 Luce,
1229 5188 1263 5242 ad
1277 5203 1337 5255 quae
1353 5187 1396 5243 bic
1411 5187 1513 5243 Auctor
1528 5188 1622 5243 alludit
1639 5207 1646 5245 :
1661 5193 1696 5246 ot
1712 5206 1814 5261 oppro-

174 5263 235 5320 eniro
248 5265 653 5338 IIebr.estompbaxsiveura
683 5265 835 5327 immatura,
860 5262 957 5337 legen·
1011 5257 1745 5342 pinqocoitclosoulorctoreumludesQuiconlut.
1768 5263 1813 5327 67,

172 5333 280 5409 dumque
295 5346 366 5394 esset
377 5335 465 5394 lioscr
479 5350 530 5410 pro
539 5336 626 5393 bosor.
643 5336 682 5390 Ine
699 5336 747 5390 Pn.
1012 5333 1087 5387 addit
1097 5331 1239 5386 rescidisse
1251 5331 1330 5386 etiam
1340 5331 1503 5386 Marcionem
1511 5330 1539 5384 in
1552 5332 1731 5402 sequentibus
1742 5329 1814 5401 quod

199 5409 257 5481 (68)
268 5408 339 5465 llam
349 5411 378 5469 ei
392 5410 509 5467 Petrum
518 5403 852 5481 presumptorieolr'quid
866 5405 960 5462 eloca—
1013 5405 1083 5475 fecit
1095 5403 1197 5460 Petras
1210 5403 1318 5475 quando
1328 5404 1466 5476 percussit
1481 5407 1508 5460 et
1523 5401 1641 5460 abscidit
1653 5401 1815 5458 comeciam

129 5488 133 5495 ·
170 5482 236 5537 tam.
254 5478 300 5536 Sic
322 5479 490 5553 paucissimis
516 5479 647 5550 expressit
674 5481 775 5534 auctor
798 5477 959 5549 colloquium
1014 5477 1088 5533 serat
1103 5475 1262 5544 Pontificio,
1278 5481 1316 5543 et,
1331 5481 1463 5546 qnantum
1478 5480 1599 5544 apparet,
1624 5480 1707 5528 totam
1732 5471 1816 5526 triste

169 5550 261 5609 Christi
276 5551 311 5607 de
326 5568 360 5608 nc
399 5552 472 5608 tione
485 5550 514 5606 S.
528 5550 599 5607 Petri
615 5548 755 5622 praedicta,
781 5548 854 5620 quod
884 5548 961 5604 latius
1014 5547 1082 5604 riam
1096 5562 1129 5602 ne
1151 5545 1247 5603 ationis
1260 5542 1701 5621 Petri3quippequambicetiam
1714 5543 1817 5603 ductor

169 5568 397 5706 prosequiturlffi.
414 5623 448 5681 de
461 5624 579 5696 Fcpctn
600 5638 718 5696 persea„
732 5621 841 5683 omissis
854 5618 888 5677 iis
900 5633 962 5695 quoe
1015 5617 1115 5679 omisit.
1130 5563 1150 5674 I
1168 5657 1175 5675 .

169 5694 328 5758 utermetlu
345 5702 411 5755 sant
424 5694 497 5771 apud
510 5693 621 5756 aucam
637 5693 708 5756 Part.
