3840 6134
212 281 282 344 1223

211 410 278 465 deos
301 401 478 475 reponebant,
507 396 683 466 ipsorumque
706 387 774 443 adeo
787 382 934 441 honoribus
954 395 1007 450 pe-

212 493 312 553 cularia
326 488 448 564 quaedam
463 497 550 553 sacra,
574 487 604 536 ut
618 484 695 534 erant
715 477 810 532 Romae
832 469 1006 535 Fontiuctio,

211 582 339 641 30ctob.
355 574 483 636 celebrari
507 569 597 640 solita,
612 567 717 638 aliaque
739 563 824 618 utulta
842 557 915 625 alibi,
931 554 1008 610 insti-

213 672 333 729 tuebaut.

247 759 340 829 Neque
355 769 418 813 vcro
432 749 563 820 beneficis
575 745 674 813 solnm,
690 740 737 797 sed
751 738 887 809 mnlipriis
901 746 1008 805 quoque

213 846 333 902 tontibus
362 855 488 896 areanum
517 833 653 909 quoddam
677 844 776 885 numen
802 826 892 881 inesse
915 819 1009 878 crede·

213 936 287 1000 bant,
313 929 411 986 diuinis
436 924 553 982 cultibus
584 917 795 994 propitiandum,
815 922 845 969 ut
874 909 1010 969 exitialem

214 1023 318 1078 illorum
337 1018 403 1082 vim,
421 1029 501 1086 quam
525 1020 615 1068 tamen
638 1015 731 1064 natura
752 1003 805 1059 sibi
829 1002 941 1057 inditam
964 998 1011 1052 ha-

214 1110 323 1176 bebant,
352 1105 558 1159 averruncarent
574 1116 581 1151 t
598 1093 752 1165 cujusmodi
773 1096 848 1147 crant
871 1102 946 1158 aquae
962 1085 1011 1141 At-

215 1198 322 1270 cportioe
337 1192 444 1265 paludis
457 1188 527 1260 apud
539 1188 654 1241 Pansan.
674 1185 705 1238 iu
731 1179 857 1237 Corinth.
874 1175 920 1232 ad.
940 1174 1010 1244 pu,

216 1285 314 1356 quibus
332 1284 484 1338 innatantes
498 1275 534 1332 od
548 1276 641 1330 imum
664 1270 788 1345 fundum
809 1265 982 1324 trahebantur
1002 1277 1009 1315 ι

216 1373 303 1429 lontea
314 1371 380 1439 item
400 1365 544 1424 Aoidontis
564 1360 722 1426 flaminiae
741 1354 869 1430 Lopitlto,
889 1349 1012 1409 Arcadiae

216 1468 318 1530 monto,
331 1457 448 1524 oriundi,
465 1462 544 1525 atque
564 1451 632 1505 adeo
649 1454 744 1504 tetrum
756 1448 869 1500 odorem
884 1436 1011 1508 eitlantis,

215 1560 246 1607 ut
278 1546 436 1606 hominibus
464 1544 506 1601 vel
534 1541 592 1597 solo
629 1536 711 1593 halitu
747 1528 938 1589 interficiendis
966 1541 1013 1595 par

215 1641 303 1707 luerit,
335 1649 402 1694 teste
429 1633 523 1690 eodem
550 1629 678 1693 Pansam,
706 1623 734 1677 in
757 1623 844 1678 Elioc.
876 1634 896 1686 ι,
926 1618 1013 1672 Taceo

775 261 819 321 hl)
838 253 987 317 Guubttttt
1005 252 1229 315 nthtottttttt
1247 253 1354 315 oraha

1788 257 1860 318 tttt

1067 397 1078 427 ι
1095 376 1128 430 ad
1144 377 1231 433 fossas
1245 384 1272 433 et
1285 377 1376 434 incilia
1392 379 1433 450 (ιιι
1447 378 1523 450 Lips.
1541 379 1570 435 in
1586 380 1696 445 Senes„
1711 380 1794 452 epist.
1815 386 1860 450 83,

1065 464 1115 534 ait)
1128 480 1189 519 cnm
1203 464 1292 535 aquia,
1313 465 1402 536 qualia
1416 466 1502 522 hortis
1522 474 1549 522 et
1572 466 1708 538 pretoriis
1733 484 1768 523 ex
1787 466 1863 529 mois

1065 562 1160 625 erant3
1179 575 1190 604 ι
1209 554 1262 610 imo
1282 562 1308 611 et
1321 555 1468 612 universim
1492 572 1622 626 aquarum
1645 573 1681 612 ex
1696 556 1864 627 aqueducti-

1065 642 1116 698 bus
1149 642 1318 715 receptacula
1348 644 1424 716 (παρὰ
1450 651 1493 698 τοῦ
1521 644 1690 716 emeritanae,
1719 646 1795 718 quod
1815 663 1862 719 per

1065 732 1116 788 hos
1129 732 1215 802 facila
1229 730 1292 788 illuc
1305 748 1380 804 aquae
1391 735 1655 806 praecipitarentur,
1669 741 1697 788 et
1711 732 1740 788 in
1760 737 1861 792 tumul·

1066 826 1159 876 tuosos
1174 821 1288 877 vortices
1314 823 1571 896 circumagerentur,
1594 832 1642 879 aut
1663 821 1769 894 aerius,
1785 833 1862 883 tertre

1065 909 1206 978 cujusdam
1225 909 1376 981 portionem
1396 912 1468 968 uelut
1490 911 1606 968 insulam
1630 912 1861 984 circumfluerent)

1066 996 1155 1068 ιῦριιιιι
1170 997 1242 1054 dicta
1265 1007 1336 1068 sunt,
1351 998 1385 1055 de
1406 1001 1508 1071 quibus
1521 1000 1667 1057 Pausanias
1705 1001 1736 1056 in
1749 1004 1861 1070 mooe,

1064 1100 1123 1155 cap.
1142 1087 1175 1139 96
1196 1104 1234 1140 ει
1259 1089 1376 1158 Campus
1400 1090 1433 1154 is,
1456 1090 1484 1144 ιιι
1507 1104 1561 1161 quo
1584 1106 1647 1146 suas
1669 1090 1771 1161 ephebi
1791 1107 1863 1148 oom-

1066 1174 1174 1231 mittunt
1194 1192 1310 1248 pugnas,
1327 1179 1425 1250 euripo
1447 1178 1670 1250 circumquaque,
1696 1194 1752 1235 uon
1778 1181 1862 1248 alitor,

1066 1278 1146 1335 quam
1160 1264 1228 1318 mari
1246 1265 1343 1330 insula,
1360 1266 1487 1339 cingitur.
1506 1286 1518 1317 r
1540 1268 1573 1322 Et
1586 1268 1702 1340 Dionys.
1719 1268 1864 1342 Halieuma,

1068 1354 1085 1410 l.
1102 1367 1143 1425 nr,
1159 1368 1183 1407 e.
1200 1356 1244 1420 st,
1259 1355 1371 1411 Circum
1385 1358 1559 1422 mammam,
1571 1373 1586 1413 a
1600 1357 1751 1428 Tarquinio
1761 1369 1865 1415 erum·

1067 1452 1151 1510 cium,
1183 1443 1218 1497 ita
1248 1443 1378 1499 describit
1405 1465 1412 1501 z
1454 1446 1559 1516 Εὔριπος
1574 1444 1606 1506 εἰς
1631 1445 1757 1514 ὑποδοχὴν
1782 1444 1867 1510 ὕδατος

1069 1531 1219 1601 ὀρώρυκται,
1242 1531 1313 1594 βάθος
1333 1551 1363 1585 τε
1395 1534 1435 1585 sal
1458 1534 1552 1594 πλάτος
1584 1535 1707 1596 δεκάπους
1722 1556 1730 1604 ;
1748 1535 1769 1592 i.
1802 1552 1827 1591 e.
1859 1555 1866 1592 :

1068 1621 1192 1690 Euripus
1207 1618 1243 1674 od
1256 1620 1433 1691 recipiendas
1444 1638 1533 1693 npuas
1543 1625 1746 1692 circumsessus
1758 1629 1809 1690 est.
1824 1626 1869 1682 ds·

215 1732 307 1803 plures
329 1722 464 1796 eiusmodi
483 1720 560 1784 alios,
582 1714 728 1785 dequibus
746 1711 883 1773 Polemon,
899 1707 927 1760 ia
946 1707 964 1761 l.
981 1706 1015 1764 da
1031 1708 1224 1798 Bcerupedcli
1245 1710 1451 1779 profunditate,
1461 1712 1628 1782 pariterque
1643 1713 1813 1771 latitudine.
1829 1714 1868 1769 he

216 1819 300 1874 miris
315 1813 429 1876 Sicilire,
441 1810 506 1863 item
520 1813 613 1860 auctor
627 1803 674 1856 tib.
691 1799 724 1855 do
743 1797 850 1862 hirci,
867 1795 913 1868 qui
932 1794 1014 1865 vulgo
1069 1797 1120 1851 hoc
1135 1796 1199 1851 item
1214 1796 1368 1864 Suetonius,
1384 1799 1513 1871 indutio,
1531 1815 1555 1855 c.
1572 1803 1630 1856 39:
1646 1820 1660 1853 ιι
1687 1800 1867 1869 Circensibus,

218 1902 376 1959 Aristoteles
390 1897 517 1960 creditur,
535 1892 613 1956 Ptin..
631 1889 682 1944 lib.
701 1903 786 1957 ιιιιιιι,
801 1885 920 1953 Solinus,
935 1900 959 1940 c.
980 1885 1012 1937 at
1068 1883 1154 1953 spatio
1175 1881 1243 1940 Circi
1265 1885 1299 1939 ab
1322 1892 1435 1956 utraque
1458 1896 1533 1956 parte
1552 1887 1696 1957 producto,
1718 1897 1753 1944 et
1769 1890 1798 1943 iu
1818 1905 1865 1960 gy-

217 1991 312 2046 etalii.
1068 1990 1128 2030 rum
1150 1972 1243 2044 euripo
1267 1973 1366 2040 addito,
1389 1975 1544 2048 quadrigas,
1566 1976 1711 2047 bigasque,
1733 1984 1763 2032 pp
1784 1993 1865 2050 equos

254 2081 323 2136 ntor.
343 2080 438 2145 Risus,
455 2073 491 2129 ait
506 2072 613 2138 Festus,
632 2089 646 2116 a
661 2066 745 2138 vulgo
761 2063 913 2135 appellatur
927 2057 1016 2116 tenuis
1069 2062 1233 2118 desultorios
1259 2063 1430 2135 agitaverunt
1457 2064 1620 2124 nobilissimi
1644 2067 1777 2135 juvenes,
1804 2086 1817 2117 ‚
1840 2066 1866 2121 ι,

216 2169 287 2224 tluor
301 2181 388 2238 aque,
409 2178 464 2219 uou
488 2177 546 2232 spe,
572 2155 721 2215 consilioue
743 2154 838 2221 iactus,
855 2166 948 2206 uerum
963 2164 1013 2202 na·
1069 2152 1112 2216 his
1126 2166 1232 2223 quoque
1246 2151 1312 2207 editi
1330 2152 1386 2208 ludi
1401 2153 1520 2219 nauales,
1536 2171 1604 2226 aqua
1617 2171 1669 2225 per
1692 2157 1808 2226 euripo,
1821 2155 1866 2227 pq,

107 2316 116 2330 ἡ
218 2255 297 2312 turali
317 2268 367 2310 suo
389 2252 501 2322 impetu.
520 2268 532 2297 ι
549 2245 603 2302 tlh
626 2243 677 2299 alia
697 2243 747 2298 hoc
763 2253 862 2296 nomen
882 2234 1016 2309 significa·
1068 2242 1141 2297 euim
1156 2241 1236 2296 etiam
1251 2244 1365 2299 couoies
1384 2242 1554 2314 grandiores,
1575 2252 1602 2299 et
1615 2244 1807 2315 aquaeductus
1819 2260 1867 2315 ap·

217 2347 290 2400 ,ione
304 2347 445 2408 usurpauq
1069 2329 1250 2401 pellabantur)
1267 2331 1296 2385 in
1315 2331 1403 2401 ipsum
1428 2331 1529 2387 circum
1551 2331 1695 2400 immissa3
1714 2331 1782 2404 quin
1801 2341 1827 2388 et
1840 2348 1868 2389 eo

253 2432 384 2486 Pisciuce.
406 2425 528 2479 Piscinae
542 2420 700 2475 dicebantur
718 2431 773 2472 non
809 2415 865 2470 sola
880 2412 1016 2486 ἰχθυοτρο-
1069 2425 1225 2474 excreverat
1238 2420 1415 2489 quorumdam
1438 2420 1629 2492 imperatorum
1652 2421 1775 2485 luxuria,
1790 2429 1820 2475 ut
1839 2419 1870 2477 de

217 2518 344 2590 possea
367 2510 469 2569 rivaria
491 2508 614 2581 piscium,
631 2505 679 2561 sed
702 2503 781 2561 etiam
797 2517 872 2573 aquae
897 2501 1013 2572 trigidae,
1071 2504 1246 2575 Heliopolrqu
1268 2506 1425 2577 Spartianus
1448 2515 1601 2563 memoret:
1621 2528 1632 2558 ι
1660 2510 1761 2565 Fertur
1779 2509 1808 2563 ιιι
1823 2524 1868 2565 ea·

218 2605 253 2660 ad
276 2601 426 2658 natationes
450 2607 496 2653 ant
518 2595 670 2651 ablutiones
689 2590 853 2669 voluptarias
877 2590 1016 2644 inlocum

203 2693 282 2750 satis
297 2689 416 2762 amplum
439 2695 465 2742 et
490 2685 611 2756 undique
630 2682 762 2750 clausum,
785 2679 863 2736 uelut
884 2675 1014 2732 artificia·

216 2781 271 2838 lem
299 2777 443 2852 quemdam
470 2775 571 2840 lacum,
602 2772 731 2836 collecta,
760 2768 824 2822 licet
850 2765 1015 2837 ceteroquin

216 2868 338 2942 piscibus
361 2865 505 2921 destitutae.
530 2862 569 2917 lta
592 2873 655 2916 tero
670 2858 704 2914 de
722 2854 882 2912 Alexandro
901 2855 971 2925 imp.
986 2852 1015 2907 in

223 2959 284 3013 l'itu
299 2952 484 3023 Lampridius:
500 2950 627 3005 «Unctus
640 2946 788 3010 lavabatur,
800 2945 836 2999 ita
851 2950 881 2998 ut
890 2941 1015 2999 caldariis

1071 2593 1138 2664 ripis
1159 2593 1223 2650 vino
1248 2595 1337 2668 plenis
1362 2596 1471 2652 navales
1499 2597 1636 2653 circenses
1660 2597 1833 2654 exhibuisse.
1858 2617 1869 2650 ι

1070 2681 1203 2738 Caeterum
1218 2691 1245 2738 et
1259 2681 1288 2738 hi
1302 2684 1391 2754 euripi
1401 2685 1491 2744 ,certis
1509 2685 1676 2756 quibusdam
1689 2686 1744 2741 diis
1779 2685 1869 2743 sauri

1071 2779 1157 2838 erant,
1176 2778 1203 2826 et
1226 2771 1347 2838 Tertull,
1369 2772 1417 2827 lib.
1442 2774 1476 2829 dc
1495 2774 1595 2846 Spect,
1610 2789 1634 2829 c.
1653 2776 1700 2842 to,
1719 2775 1868 2845 perhibet:

1074 2880 1085 2908 ι
1102 2859 1140 2914 Ea
1152 2859 1243 2931 itaque
1258 2860 1354 2931 (llater
1377 2875 1484 2933 magna,
1506 2862 1608 2919 scilicet
1624 2863 1689 2936 Ops,
1709 2863 1817 2934 tettae,
1830 2863 1869 2921 rel

1074 2949 1180 3022 Cybele)
1194 2949 1250 3005 illic
1264 2949 1390 3022 praesidet
1404 2950 1508 3022 euripo.
1535 2970 1548 3005 ι

217 3057 367 3113 nunquam,
382 3041 427 3095 vel
444 3053 515 3108 raro,
530 3037 654 3110 piscino,
675 3049 780 3105 semper
796 3039 935 3100 uteretur3
958 3052 970 3083 ι
987 3039 1015 3088 et
1032 3030 1055 3111 fl
1109 3040 1254 3096 Cisterrue.
1277 3040 1316 3095 lta
1334 3049 1465 3097 uocantur
1485 3042 1660 3099 subterranea
1675 3057 1759 3115 aquae
1779 3040 1869 3116 pluria

218 3133 253 3188 de
267 3131 388 3187 Arriano
405 3128 530 3202 Olympio
540 3125 642 3191 Victor,
654 3121 844 3178 Tuuunuensis
859 3120 1012 3191 episcopus,

217 3222 245 3277 in
263 3221 399 3276 Chronico
421 3216 457 3270 ait
473 3232 479 3271 ε
498 3237 510 3267 ι
528 3215 557 3268 ln
576 3212 681 3285 piscina
704 3211 809 3283 frigidae
832 3225 909 3280 aquae
932 3208 1014 3264 vitam

217 3308 300 3379 impie
314 3306 391 3362 ιιιιιιι.
410 3326 421 3356 ι
439 3304 511 3359 Talis
526 3316 634 3374 quoque
653 3307 711 3356 crat
734 3299 880 3356 Probotico
895 3297 942 3351 illa
953 3299 1013 3369 pis·

217 3402 291 3467 σιίια,
309 3398 341 3453 de
353 3412 404 3467 qua
413 3397 489 3450 Joau.
499 3410 528 3460 v,
539 3402 566 3448 et
579 3394 725 3449 natatoria
736 3389 810 3447 St'ioe
824 3387 895 3458 apud
908 3386 1012 3452 eumd,

215 3502 277 3558 nep.
292 3503 329 3557 tx,
346 3486 377 3540 de
392 3482 493 3556 quibus
507 3497 558 3539 uos
577 3479 657 3536 iufra.

253 3571 367 3641 1156
382 3573 465 3627 Ροιιο
485 3571 595 3637 balneo,
612 3577 651 3638 et,
673 3582 736 3638 quae
751 3566 846 3622 horum
860 3579 925 3636 pars
938 3577 1014 3633 quae·

217 3665 290 3727 dam,
306 3671 333 3717 et
347 3660 414 3715 nihil
427 3658 497 3713 aliud
514 3673 594 3730 quam
614 3656 714 3711 balaeo
729 3652 836 3725 fripido
855 3658 941 3716 erant,
956 3652 1015 3722 pis·

214 3753 307 3813 cirros,
328 3748 391 3815 diis,
407 3761 456 3801 seu
479 3745 557 3800 maiis
581 3743 761 3808 daemonibus,
776 3754 807 3795 ac
822 3729 904 3794 idolis
923 3752 1014 3793 sacras

216 3836 310 3901 inisse,
325 3832 503 3888 Tertullianus
518 3831 576 3901 ipse
592 3830 619 3885 in
634 3830 683 3884 lib.
701 3828 734 3883 dc
752 3828 854 3898 spect..
871 3841 895 3881 c.
912 3829 939 3893 8,
950 3841 1014 3895 per·

218 3924 293 3977 hibet
311 3936 317 3974 :
337 3939 348 3972 ι
363 3919 396 3973 Et
412 3917 515 3988 plateae,
532 3915 669 3985 otiorum,
685 3924 711 3970 ct
724 3914 841 3980 doluere,
857 3924 884 3969 et
899 3913 1011 3981 stabula,

217 4018 243 4066 ot
257 4010 324 4080 ipsae
339 4009 436 4064 domtus
450 4012 550 4063 nostrae
565 4005 624 4059 sine
637 4003 715 4060 idolis
729 4004 838 4059 omuino
861 4019 916 4060 non
939 4013 1013 4059 snut.

215 4101 313 4156 Totum
338 4097 468 4153 saeculum
492 4093 644 4166 (muudum)
667 4093 781 4149 Satanas
804 4102 831 4150 et
845 4093 935 4169 angeli
955 4093 1015 4162 ejus

216 4190 397 4262 repleverunt.
420 4184 520 4255 »Quin
537 4191 562 4241 et
584 4183 612 4238 in
627 4182 675 4240 lib.
702 4183 830 4253 deidei,
853 4198 879 4240 o.
905 4187 949 4250 ib,
972 4190 1014 4237 to-

215 4286 301 4336 statur
322 4294 360 4332 :a
388 4275 420 4331 tu
443 4273 511 4331 ostia
537 4272 566 4327 in
585 4270 691 4327 balneis
718 4271 825 4326 adorari
854 4271 1012 4330 videmus...

1071 3128 1248 3197 receptacula,
1269 3142 1330 3199 quae
1352 3131 1447 3186 Festus
1471 3131 1506 3186 ita
1531 3130 1603 3186 dicta
1626 3137 1714 3202 putat,
1735 3131 1813 3204 quod
1833 3131 1870 3189 ιιι

1069 3231 1117 3271 seu
1132 3216 1201 3272 inira
1220 3222 1327 3274 terrum
1343 3219 1404 3274 siut.

1104 3308 1198 3362 Putei.
1227 3309 1312 3364 Putet
1339 3315 1402 3363 aunt
1430 3307 1562 3379 profunda
1584 3324 1664 3382 aquae
1687 3311 1773 3378 virae,
1795 3317 1823 3367 et
1843 3325 1869 3364 er

1069 3394 1167 3450 abditis
1189 3396 1349 3467 quibusdam
1374 3398 1453 3453 venis
1480 3397 1588 3477 assiduo
1616 3400 1807 3471 scaturientis,
1830 3415 1868 3455 re·

1068 3483 1218 3554 captacula,
1232 3501 1292 3556 quae
1307 3485 1400 3542 AEoles
1425 3486 1488 3542 olim
1517 3488 1629 3558 ποτήρια,
1665 3487 1716 3542 ἀπὸ
1739 3495 1785 3543 τοῦ
1824 3507 1867 3541 za·

1069 3576 1125 3640 roo,
1146 3572 1285 3642 dicebant3
1302 3574 1373 3630 unde
1387 3583 1415 3630 et
1425 3580 1528 3648 puteos
1548 3584 1655 3631 nostros
1670 3593 1687 3631 a
1700 3584 1785 3650 potu,
1798 3576 1865 3649 qnasi

1067 3665 1172 3735 potens,
1189 3661 1208 3715 i.
1229 3677 1254 3716 a.
1271 3662 1479 3719 saluberrimum
1503 3664 1581 3721 uobis
1606 3669 1710 3737 potum
1737 3666 1866 3723 submisi·

1068 3756 1194 3817 strantes,
1212 3750 1358 3821 appellatos
1382 3751 1474 3806 rolnnt
1491 3770 1497 3808 :
1517 3753 1605 3825 qualis
1625 3761 1686 3809 erat
1706 3754 1755 3810 ille
1778 3763 1867 3826 putens

1069 3835 1139 3906 apud
1154 3836 1262 3892 Homer.
1282 3838 1361 3911 Odys.
1376 3855 1406 3906 ιι,
1423 3856 1454 3895 ox
1470 3854 1524 3911 quo
1540 3841 1649 3911 Ulyssea
1671 3844 1789 3901 ttresioe
1803 3842 1863 3900 atis

1070 3940 1164 3981 manes
1178 3935 1235 3981 erat
1253 3926 1287 3980 ab
1301 3926 1394 3982 inferis
1408 3936 1579 3985 evocaturos.

1108 4015 1225 4086 Rupere.
1250 4013 1289 4069 lili
1313 4015 1449 4084 nimirum,
1471 4018 1528 4087 qui,
1549 4027 1579 4073 ut
1599 4017 1627 4072 S.
1653 4019 1757 4075 lustin.
1783 4018 1863 4074 lia

1070 4101 1151 4174 Apol.
1168 4118 1198 4171 tr,
1215 4102 1345 4175 loquitur,
1359 4123 1377 4162 o
1391 4110 1570 4162 mortuorum
1582 4107 1716 4165 monibus
1734 4109 1797 4178 (seu
1811 4107 1863 4179 spi·

1072 4189 1178 4260 ritibus)
1216 4188 1414 4264 λαμίαιόμενοι,
1454 4195 1494 4246 saal
1535 4194 1701 4266 ριπτουμινοι,
1734 4195 1860 4269 compti.

1071 4282 1155 4350 otique
1176 4277 1255 4335 iturui
1270 4282 1456 4352 praecipitati,
1468 4299 1535 4353 quot
1563 4284 1799 4353 δαιμοιιολήκτοικ,
1824 4299 1862 4338 οι·

218 4366 293 4421 {tiolo
309 4363 416 4429 feceris,
442 4361 572 4434 quidquid
595 4359 665 4416 oslio
690 4359 797 4416 seceris.
816 4382 828 4409 a
844 4360 929 4432 Igitur
945 4361 1016 4417 illle!
1033 4355 1211 4442 areptitpps,
1223 4374 1251 4426 et
1264 4371 1432 4439 μαινομένους,
1444 4372 1584 4440 furentes,
1596 4373 1755 4431 nominant
1766 4389 1862 4431 omim-

217 4464 330 4512 caeteras
344 4453 477 4509 idolorum
492 4451 588 4507 sordes
603 4449 682 4506 ctiam
698 4449 852 4518 balnearis,
867 4461 893 4505 et
902 4452 1015 4506 ostiarii
1107 4455 1245 4514 Nocentis.
1271 4455 1403 4513 Omnibus
1424 4459 1616 4530 tristantibus,
1636 4462 1718 4527 riuis,
1740 4461 1862 4535 piscinis,

219 4545 303 4608 loros,
319 4550 346 4596 et
359 4542 452 4598 nescio
475 4556 536 4612 quaa
561 4539 612 4594 alia
632 4553 742 4595 coenosa
761 4538 882 4606 nunnus,
902 4539 1015 4608 gentili·
1071 4547 1187 4617 curipr's‚
1199 4548 1339 4615 cisternis,
1355 4549 1457 4620 puteis,
1475 4555 1538 4617 etc,
1554 4548 1619 4605 certi
1633 4549 1748 4621 quidam
1764 4551 1864 4623 geniis

216 4633 267 4690 bus
289 4639 375 4698 eraut,
391 4633 441 4686 sub
462 4645 579 4702 quorum
600 4627 764 4699 turpissimis
787 4626 916 4700 auspiciis
938 4626 1014 4685 lave·
1071 4633 1216 4705 gentilibus
1244 4635 1365 4706 praelecti
1393 4644 1479 4707 erant,
1503 4638 1560 4707 qui,
1586 4641 1716 4710 qnoniam
1747 4635 1863 4696 muliebri

217 4730 318 4786 rentur,
333 4719 377 4776 vel
389 4718 479 4774 uerius
494 4717 577 4773 multo
592 4715 700 4772 foediori
716 4714 825 4771 sorditie
850 4717 1015 4772 contamina·
1070 4723 1159 4794 specie
1173 4723 1228 4780 illic
1241 4724 1378 4781 daemones
1393 4728 1565 4798 apparebant,
1581 4727 1631 4783 bae
1648 4743 1764 4800 quoque
1788 4729 1864 4785 torua

215 4818 319 4868 rentur.
1070 4811 1236 4878 colebantur,
1251 4820 1334 4886 atque
1355 4822 1431 4871 antra
1453 4814 1508 4885 illa,
1524 4814 1640 4871 iontium
1659 4818 1795 4873 scatebris
1809 4815 1863 4874 irri-

253 4897 366 4994 Euripi:
391 4896 512 4991 Euripus
535 4891 711 4964 peculiariter
727 4890 827 4948 dictum
841 4902 900 4949 erat
917 4892 1017 4950 fretum
1070 4916 1133 4973 gua,
1146 4901 1296 4958 inhabitare
1309 4905 1496 4960 credebantur.
1511 4905 1587 4961 Unde
1597 4905 1708 4978 virgil,
1720 4923 1730 4963 t
1744 4902 1861 4966 AEnet‘da

219 4987 284 5042 iliud
299 4993 464 5040 vorticosum
488 4989 559 5036 mter
574 4981 707 5037 Euboearu
721 4988 747 5037 et
761 4983 898 5048 Atticum,
914 4984 1017 5055 septies
1069 4988 1197 5060 Libycum
1212 4990 1278 5047 illud
1297 5010 1303 5047 :

218 5090 267 5147 per
291 5071 374 5138 diem,
400 5069 537 5140 totiesque
560 5084 609 5140 per
631 5077 739 5126 noctem
762 5069 945 5142 reciprocans,
969 5087 1016 5128 seu

216 5177 301 5235 aquas
327 5175 374 5230 per
400 5157 474 5217 vices
502 5173 641 5229 evomens,
667 5159 819 5231 iterumque
843 5161 1014 5217 resorbens:

218 5253 296 5322 cujus
320 5261 415 5305 causas
429 5262 490 5302 cum
506 5246 607 5304 frustra
630 5255 811 5318 perscrutatus
834 5247 933 5306 inisset
951 5250 1021 5305 arta
1070 5257 1264 5331 Nympharum
1283 5260 1397 5318 appium
1412 5269 1500 5318 vocar.
1520 5261 1565 5319 stc
1578 5263 1658 5318 eriam
1679 5259 1860 5320 Pausaniam

216 5339 337 5404 stoteles,
353 5351 409 5406 pree
424 5350 541 5392 ruoerore
565 5336 744 5432 couobuisse,
763 5346 817 5403 aut,
844 5346 875 5392 ut
890 5337 934 5392 aiii
957 5339 1015 5410 (sed
1069 5350 1184 5405 Boeotio.
1196 5348 1265 5404 antri
1275 5349 1416 5418 cujusdam
1434 5351 1656 5408 ditdaerouidum
1672 5351 1860 5425 Nympharum

214 5445 309 5502 parum
323 5429 398 5498 vere)
419 5435 539 5494 narrant,
560 5437 670 5479 omnmo
697 5423 760 5480 illuc
782 5439 813 5480 se
831 5426 1014 5496 praecipitasse
1070 5436 1239 5494 meminitlit
1248 5437 1274 5492 in
1283 5436 1536 5505 Phocic.,oatrum
1547 5441 1696 5514 Corycium
1710 5441 1860 5498 desfflbeas

215 5517 310 5573 fertur·
338 5513 453 5570 Extendi
478 5512 649 5583 postmodum
680 5512 737 5567 hoc
761 5512 904 5583 appeltam
931 5517 1014 5588 capa
1071 5523 1182 5582 arar
1198 5525 1258 5581 aa:
1283 5525 1382 5583 «ιιιιιι
1397 5527 1460 5583 arae
1475 5527 1559 5584 itttce
1575 5527 1644 5586 vivis
1666 5527 1787 5586 ronanus
1808 5525 1861 5583 aar·

1150 5166 1198 5185 .....
1201 5132 1311 5198 scopulis
1327 5133 1496 5199 pandentibus
1512 5142 1623 5201 anuum,
