<?xml version="1.0" encoding="UTF-8"?>
<!DOCTYPE html PUBLIC "-//W3C//DTD XHTML 1.0 Transitional//EN"
    "http://www.w3.org/TR/xhtml1/DTD/xhtml1-transitional.dtd">
<html xmlns="http://www.w3.org/1999/xhtml" xml:lang="en" lang="en">
 <head>
  <title>
</title>
<meta http-equiv="Content-Type" content="text/html;charset=utf-8" />
  <meta name='ocr-system' content='tesseract 3.04.00' />
  <meta name='ocr-capabilities' content='ocr_page ocr_carea ocr_par ocr_line ocrx_word'/>
</head>
<body>
  <div class='ocr_page' id='page_1' title='image "./patrologiaecurs51unkngoog/patrologiaecurs51unkngoog_0123.png"; bbox 0 0 3840 6134; ppageno 0'>
   <div class='ocr_carea' id='block_1_1' title="bbox 137 257 1829 343">
    <p class='ocr_par' dir='ltr' id='par_1_1' title="bbox 137 257 1829 343">
     <span class='ocr_line' id='line_1_1' title="bbox 137 257 1829 343; baseline -0.001 -15"><span class='ocrx_word' id='word_1_1' title='bbox 137 282 143 295; x_wconf 86' lang='grc'><em>’</em></span> <span class='ocrx_word' id='word_1_2' title='bbox 174 278 231 343; x_wconf 76' lang='lat'><strong>235</strong></span> <span class='ocrx_word' id='word_1_3' title='bbox 531 259 755 326; x_wconf 73' lang='lat' dir='ltr'><strong>utillimum</strong></span> <span class='ocrx_word' id='word_1_4' title='bbox 773 259 907 324; x_wconf 78' lang='lat' dir='ltr'><strong>orituri</strong></span> <span class='ocrx_word' id='word_1_5' title='bbox 924 257 1010 323; x_wconf 79' lang='lat' dir='ltr'><strong>utus</strong></span> <span class='ocrx_word' id='word_1_6' title='bbox 1027 259 1061 322; x_wconf 90' lang='lat'><strong>11.</strong></span> <span class='ocrx_word' id='word_1_7' title='bbox 1081 292 1117 307; x_wconf 90' lang='lat'><em>-</em></span> <span class='ocrx_word' id='word_1_8' title='bbox 1135 259 1249 324; x_wconf 76' lang='lat' dir='ltr'><strong>settis</strong></span> <span class='ocrx_word' id='word_1_9' title='bbox 1266 260 1289 332; x_wconf 88' lang='lat' dir='ltr'><strong>l.</strong></span> <span class='ocrx_word' id='word_1_10' title='bbox 1308 259 1481 324; x_wconf 80' lang='lat' dir='ltr'><strong>Potttldt.</strong></span> <span class='ocrx_word' id='word_1_11' title='bbox 1772 261 1829 327; x_wconf 70' lang='lat'><strong>238</strong></span> 
     </span>
    </p>
   </div>
   <div class='ocr_carea' id='block_1_2' title="bbox 144 385 1831 2875">
    <p class='ocr_par' dir='ltr' id='par_1_2' title="bbox 144 385 1831 2875">
     <span class='ocr_line' id='line_1_2' title="bbox 175 385 1828 484; baseline -0.019 -23"><span class='ocrx_word' id='word_1_12' title='bbox 175 415 306 479; x_wconf 74' lang='lat' dir='ltr'><strong>diogenes</strong></span> <span class='ocrx_word' id='word_1_13' title='bbox 336 400 475 473; x_wconf 81' lang='lat' dir='ltr'><strong>expugnat</strong></span> <span class='ocrx_word' id='word_1_14' title='bbox 499 388 680 468; x_wconf 79' lang='lat' dir='ltr'><strong>quorumdam</strong></span> <span class='ocrx_word' id='word_1_15' title='bbox 708 387 969 463; x_wconf 69' lang='lat' dir='ltr'><strong>argumentationes,</strong></span> <span class='ocrx_word' id='word_1_16' title='bbox 985 403 1009 484; x_wconf 73' lang='lat' dir='ltr'><strong>g</strong></span> <span class='ocrx_word' id='word_1_17' title='bbox 1024 397 1133 460; x_wconf 85' lang='lat' dir='ltr'><strong>sumpte</strong></span> <span class='ocrx_word' id='word_1_18' title='bbox 1155 392 1206 457; x_wconf 85' lang='lat' dir='ltr'><strong>eat,</strong></span> <span class='ocrx_word' id='word_1_19' title='bbox 1222 402 1257 444; x_wconf 86' lang='lat' dir='ltr'><strong>ue</strong></span> <span class='ocrx_word' id='word_1_20' title='bbox 1280 385 1828 448; x_wconf 62' lang='lat' dir='ltr'><strong>Deusmclicuetcrvideoem,13201,„</strong></span> 
     </span>
     <span class='ocr_line' id='line_1_3' title="bbox 177 476 1829 553; baseline -0.015 -2"><span class='ocrx_word' id='word_1_21' title='bbox 177 490 323 553; x_wconf 76' lang='lat' dir='ltr'><strong>dicentium</strong></span> <span class='ocrx_word' id='word_1_22' title='bbox 336 487 407 545; x_wconf 76' lang='lat' dir='ltr'><strong>molt</strong></span> <span class='ocrx_word' id='word_1_23' title='bbox 425 482 579 542; x_wconf 84' lang='lat' dir='ltr'><strong>necessarie</strong></span> <span class='ocrx_word' id='word_1_24' title='bbox 592 479 677 538; x_wconf 87' lang='lat' dir='ltr'><strong>inisse</strong></span> <span class='ocrx_word' id='word_1_25' title='bbox 690 478 725 536; x_wconf 89' lang='lat' dir='ltr'><strong>nd</strong></span> <span class='ocrx_word' id='word_1_26' title='bbox 742 477 970 535; x_wconf 71' lang='lat' dir='ltr'><strong>illuminationem</strong></span> <span class='ocrx_word' id='word_1_27' title='bbox 1023 477 1114 551; x_wconf 72' lang='lat' dir='ltr'><strong>imque</strong></span> <span class='ocrx_word' id='word_1_28' title='bbox 1140 476 1267 546; x_wconf 82' lang='lat' dir='ltr'><strong>mrteria,</strong></span> <span class='ocrx_word' id='word_1_29' title='bbox 1295 476 1359 534; x_wconf 89' lang='lat' dir='ltr'><strong>dnm</strong></span> <span class='ocrx_word' id='word_1_30' title='bbox 1395 476 1546 535; x_wconf 75' lang='lat' dir='ltr'><strong>excinditur</strong></span> <span class='ocrx_word' id='word_1_31' title='bbox 1568 490 1649 535; x_wconf 81' lang='lat' dir='ltr'><strong>cause</strong></span> <span class='ocrx_word' id='word_1_32' title='bbox 1672 477 1752 549; x_wconf 78' lang='lat' dir='ltr'><strong>eiua,</strong></span> <span class='ocrx_word' id='word_1_33' title='bbox 1780 494 1829 536; x_wconf 79' lang='lat' dir='ltr'><strong>en.</strong></span> 
     </span>
     <span class='ocr_line' id='line_1_4' title="bbox 176 563 1830 648; baseline -0.01 -6"><span class='ocrx_word' id='word_1_34' title='bbox 176 584 322 648; x_wconf 87' lang='lat' dir='ltr'><strong>bonorum,</strong></span> <span class='ocrx_word' id='word_1_35' title='bbox 364 592 397 634; x_wconf 85' lang='lat' dir='ltr'><strong>ex</strong></span> <span class='ocrx_word' id='word_1_36' title='bbox 424 570 565 632; x_wconf 81' lang='lat' dir='ltr'><strong>contrariis</strong></span> <span class='ocrx_word' id='word_1_37' title='bbox 606 564 966 643; x_wconf 65' lang='lat' dir='ltr'><strong>intelligendorum.211</strong></span> <span class='ocrx_word' id='word_1_38' title='bbox 1023 574 1116 640; x_wconf 81' lang='lat' dir='ltr'><strong>penest</strong></span> <span class='ocrx_word' id='word_1_39' title='bbox 1141 566 1181 624; x_wconf 89' lang='lat' dir='ltr'><strong>uti</strong></span> <span class='ocrx_word' id='word_1_40' title='bbox 1194 563 1280 624; x_wconf 69' lang='lat' dir='ltr'><strong>m</strong></span> <span class='ocrx_word' id='word_1_41' title='bbox 1295 567 1383 625; x_wconf 87' lang='lat' dir='ltr'><strong>Deum</strong></span> <span class='ocrx_word' id='word_1_42' title='bbox 1397 567 1489 624; x_wconf 85' lang='lat' dir='ltr'><strong>omnin</strong></span> <span class='ocrx_word' id='word_1_43' title='bbox 1503 582 1537 625; x_wconf 82' lang='lat' dir='ltr'><strong>ex</strong></span> <span class='ocrx_word' id='word_1_44' title='bbox 1550 565 1635 624; x_wconf 86' lang='lat' dir='ltr'><strong>nihilo</strong></span> <span class='ocrx_word' id='word_1_45' title='bbox 1649 567 1748 626; x_wconf 83' lang='lat' dir='ltr'><strong>iecisse</strong></span> <span class='ocrx_word' id='word_1_46' title='bbox 1763 582 1830 627; x_wconf 90' lang='lat' dir='ltr'><strong>con·</strong></span> 
     </span>
     <span class='ocr_line' id='line_1_5' title="bbox 176 654 1828 745; baseline -0.011 -15"><span class='ocrx_word' id='word_1_47' title='bbox 176 673 251 745; x_wconf 79' lang='lat' dir='ltr'><strong>Ergo</strong></span> <span class='ocrx_word' id='word_1_48' title='bbox 264 676 312 726; x_wconf 85' lang='lat' dir='ltr'><strong>eut</strong></span> <span class='ocrx_word' id='word_1_49' title='bbox 326 681 376 724; x_wconf 89' lang='lat' dir='ltr'><strong>uec</strong></span> <span class='ocrx_word' id='word_1_50' title='bbox 401 669 545 739; x_wconf 82' lang='lat' dir='ltr'><strong>propterea</strong></span> <span class='ocrx_word' id='word_1_51' title='bbox 572 657 727 717; x_wconf 86' lang='lat' dir='ltr'><strong>locusmeli</strong></span> <span class='ocrx_word' id='word_1_52' title='bbox 741 654 895 729; x_wconf 82' lang='lat' dir='ltr'><strong>proterendi</strong></span> <span class='ocrx_word' id='word_1_53' title='bbox 908 654 969 722; x_wconf 86' lang='lat' dir='ltr'><strong>tuit,</strong></span> <span class='ocrx_word' id='word_1_54' title='bbox 1024 662 1085 713; x_wconf 84' lang='lat' dir='ltr'><strong>stet</strong></span> <span class='ocrx_word' id='word_1_55' title='bbox 1110 655 1269 714; x_wconf 84' lang='lat' dir='ltr'><strong>Videbimus</strong></span> <span class='ocrx_word' id='word_1_56' title='bbox 1289 671 1323 711; x_wconf 80' lang='lat' dir='ltr'><strong>en</strong></span> <span class='ocrx_word' id='word_1_57' title='bbox 1345 666 1374 713; x_wconf 89' lang='lat' dir='ltr'><strong>et</strong></span> <span class='ocrx_word' id='word_1_58' title='bbox 1400 657 1481 724; x_wconf 84' lang='lat' dir='ltr'><strong>malt,</strong></span> <span class='ocrx_word' id='word_1_59' title='bbox 1505 671 1567 714; x_wconf 89' lang='lat' dir='ltr'><strong>cum</strong></span> <span class='ocrx_word' id='word_1_60' title='bbox 1594 658 1828 731; x_wconf 72' lang='lat' dir='ltr'><strong>apparueritque</strong></span> 
     </span>
     <span class='ocr_line' id='line_1_6' title="bbox 176 743 1829 831; baseline -0.028 -11"><span class='ocrx_word' id='word_1_61' title='bbox 176 765 223 819; x_wconf 87' lang='lat' dir='ltr'><strong>aut</strong></span> <span class='ocrx_word' id='word_1_62' title='bbox 237 758 262 817; x_wconf 90' lang='lat' dir='ltr'><strong>si</strong></span> <span class='ocrx_word' id='word_1_63' title='bbox 280 772 334 831; x_wconf 87' lang='lat' dir='ltr'><strong>qua</strong></span> <span class='ocrx_word' id='word_1_64' title='bbox 347 754 399 812; x_wconf 92' lang='lat' dir='ltr'><strong>alia</strong></span> <span class='ocrx_word' id='word_1_65' title='bbox 423 751 490 809; x_wconf 92' lang='lat' dir='ltr'><strong>ratio</strong></span> <span class='ocrx_word' id='word_1_66' title='bbox 517 747 602 824; x_wconf 82' lang='lat' dir='ltr'><strong>erigit</strong></span> <span class='ocrx_word' id='word_1_67' title='bbox 632 745 700 803; x_wconf 93' lang='lat' dir='ltr'><strong>illud</strong></span> <span class='ocrx_word' id='word_1_68' title='bbox 724 743 827 813; x_wconf 91' lang='lat' dir='ltr'><strong>induci,</strong></span> <span class='ocrx_word' id='word_1_69' title='bbox 851 759 901 801; x_wconf 89' lang='lat' dir='ltr'><strong>cur</strong></span> <span class='ocrx_word' id='word_1_70' title='bbox 915 757 972 800; x_wconf 93' lang='lat' dir='ltr'><strong>nnn</strong></span> <span class='ocrx_word' id='word_1_71' title='bbox 1024 744 1104 817; x_wconf 82' lang='lat' dir='ltr'><strong>malo,</strong></span> <span class='ocrx_word' id='word_1_72' title='bbox 1118 753 1193 804; x_wconf 78' lang='lat' dir='ltr'><strong>etan</strong></span> <span class='ocrx_word' id='word_1_73' title='bbox 1208 746 1279 803; x_wconf 62' lang='lat' dir='ltr'><strong>mal,</strong></span> <span class='ocrx_word' id='word_1_74' title='bbox 1292 746 1316 786; x_wconf 82' lang='lat' dir='ltr'><strong>er</strong></span> <span class='ocrx_word' id='word_1_75' title='bbox 1331 744 1439 803; x_wconf 58' lang='lat' dir='ltr'><strong>imm</strong></span> <span class='ocrx_word' id='word_1_76' title='bbox 1461 762 1493 803; x_wconf 55' lang='grc' dir='ltr'>ω</span> <span class='ocrx_word' id='word_1_77' title='bbox 1512 760 1574 820; x_wconf 57' lang='lat' dir='ltr'><strong>qu„</strong></span> <span class='ocrx_word' id='word_1_78' title='bbox 1595 755 1687 819; x_wconf 43' lang='lat' dir='ltr'><strong>pum·</strong></span> <span class='ocrx_word' id='word_1_79' title='bbox 1710 746 1829 820; x_wconf 56' lang='lat' dir='ltr'><strong>Dim</strong></span> 
     </span>
     <span class='ocr_line' id='line_1_7' title="bbox 175 832 1829 914; baseline -0.011 -7"><span class='ocrx_word' id='word_1_80' title='bbox 175 858 204 909; x_wconf 87' lang='lat' dir='ltr'><strong>et</strong></span> <span class='ocrx_word' id='word_1_81' title='bbox 230 863 267 907; x_wconf 82' lang='lat' dir='ltr'><strong>ex</strong></span> <span class='ocrx_word' id='word_1_82' title='bbox 297 843 384 901; x_wconf 89' lang='lat' dir='ltr'><strong>nihilo</strong></span> <span class='ocrx_word' id='word_1_83' title='bbox 411 839 529 914; x_wconf 86' lang='lat' dir='ltr'><strong>potuerit</strong></span> <span class='ocrx_word' id='word_1_84' title='bbox 551 835 652 905; x_wconf 89' lang='lat' dir='ltr'><strong>induci,</strong></span> <span class='ocrx_word' id='word_1_85' title='bbox 676 836 735 910; x_wconf 85' lang='lat' dir='ltr'><strong>ipse</strong></span> <span class='ocrx_word' id='word_1_86' title='bbox 762 833 866 891; x_wconf 86' lang='lat' dir='ltr'><strong>ratione</strong></span> <span class='ocrx_word' id='word_1_87' title='bbox 887 847 971 890; x_wconf 85' lang='lat' dir='ltr'><strong>cxcu·</strong></span> <span class='ocrx_word' id='word_1_88' title='bbox 1025 834 1143 892; x_wconf 90' lang='lat' dir='ltr'><strong>enimde</strong></span> <span class='ocrx_word' id='word_1_89' title='bbox 1165 848 1216 892; x_wconf 89' lang='lat' dir='ltr'><strong>suo</strong></span> <span class='ocrx_word' id='word_1_90' title='bbox 1229 832 1341 892; x_wconf 89' lang='lat' dir='ltr'><strong>arbitrio</strong></span> <span class='ocrx_word' id='word_1_91' title='bbox 1363 833 1501 907; x_wconf 78' lang='lat' dir='ltr'><strong>produxit,</strong></span> <span class='ocrx_word' id='word_1_92' title='bbox 1530 837 1587 892; x_wconf 81' lang='lat' dir='ltr'><strong>bmc</strong></span> <span class='ocrx_word' id='word_1_93' title='bbox 1619 849 1728 908; x_wconf 87' lang='lat' dir='ltr'><strong>quoque</strong></span> <span class='ocrx_word' id='word_1_94' title='bbox 1763 849 1829 908; x_wconf 83' lang='lat' dir='ltr'><strong>pro·</strong></span> 
     </span>
     <span class='ocr_line' id='line_1_8' title="bbox 175 922 1829 997; baseline -0.01 0"><span class='ocrx_word' id='word_1_95' title='bbox 175 940 267 997; x_wconf 83' lang='lat' dir='ltr'><strong>sature</strong></span> <span class='ocrx_word' id='word_1_96' title='bbox 293 931 441 993; x_wconf 88' lang='lat' dir='ltr'><strong>Dominum</strong></span> <span class='ocrx_word' id='word_1_97' title='bbox 474 944 509 985; x_wconf 91' lang='lat' dir='ltr'><strong>ne</strong></span> <span class='ocrx_word' id='word_1_98' title='bbox 535 926 600 984; x_wconf 83' lang='lat' dir='ltr'><strong>mab</strong></span> <span class='ocrx_word' id='word_1_99' title='bbox 626 934 720 983; x_wconf 82' lang='lat' dir='ltr'><strong>unctor</strong></span> <span class='ocrx_word' id='word_1_100' title='bbox 760 923 970 993; x_wconf 76' lang='lat' dir='ltr'><strong>existimaretur,</strong></span> <span class='ocrx_word' id='word_1_101' title='bbox 1024 922 1149 981; x_wconf 86' lang='lat' dir='ltr'><strong>ducendo</strong></span> <span class='ocrx_word' id='word_1_102' title='bbox 1175 923 1211 980; x_wconf 92' lang='lat' dir='ltr'><strong>de</strong></span> <span class='ocrx_word' id='word_1_103' title='bbox 1232 922 1317 980; x_wconf 87' lang='lat' dir='ltr'><strong>nihilo</strong></span> <span class='ocrx_word' id='word_1_104' title='bbox 1345 923 1480 996; x_wconf 89' lang='lat' dir='ltr'><strong>quamde</strong></span> <span class='ocrx_word' id='word_1_105' title='bbox 1499 922 1657 995; x_wconf 79' lang='lat' dir='ltr'><strong>prejudicio</strong></span> <span class='ocrx_word' id='word_1_106' title='bbox 1679 923 1829 991; x_wconf 81' lang='lat' dir='ltr'><strong>elieno,si</strong></span> 
     </span>
     <span class='ocr_line' id='line_1_9' title="bbox 173 1010 1829 1103; baseline -0.009 -18"><span class='ocrx_word' id='word_1_107' title='bbox 173 1042 235 1103; x_wconf 82' lang='lat' dir='ltr'><strong>qum</strong></span> <span class='ocrx_word' id='word_1_108' title='bbox 249 1038 323 1082; x_wconf 89' lang='lat' dir='ltr'><strong>nnnc</strong></span> <span class='ocrx_word' id='word_1_109' title='bbox 335 1038 397 1081; x_wconf 92' lang='lat' dir='ltr'><strong>cum</strong></span> <span class='ocrx_word' id='word_1_110' title='bbox 415 1018 441 1061; x_wconf 78' lang='grc'><strong>88</strong></span> <span class='ocrx_word' id='word_1_111' title='bbox 455 1018 490 1075; x_wconf 88' lang='lat' dir='ltr'><strong>de</strong></span> <span class='ocrx_word' id='word_1_112' title='bbox 512 1014 624 1074; x_wconf 79' lang='lat' dir='ltr'><strong>materie</strong></span> <span class='ocrx_word' id='word_1_113' title='bbox 638 1023 767 1088; x_wconf 83' lang='lat' dir='ltr'><strong>operetur</strong></span> <span class='ocrx_word' id='word_1_114' title='bbox 781 1010 902 1081; x_wconf 83' lang='grc' dir='ltr'>ιιιι1ι88,</span> <span class='ocrx_word' id='word_1_115' title='bbox 916 1026 972 1068; x_wconf 80' lang='grc' dir='ltr'><strong>ιι·</strong></span> <span class='ocrx_word' id='word_1_116' title='bbox 1024 1014 1059 1071; x_wconf 87' lang='lat' dir='ltr'><strong>de</strong></span> <span class='ocrx_word' id='word_1_117' title='bbox 1076 1010 1186 1070; x_wconf 91' lang='lat' dir='ltr'><strong>materia</strong></span> <span class='ocrx_word' id='word_1_118' title='bbox 1216 1011 1398 1086; x_wconf 84' lang='lat' dir='ltr'><strong>produxisset.</strong></span> <span class='ocrx_word' id='word_1_119' title='bbox 1428 1012 1559 1080; x_wconf 84' lang='lat' dir='ltr'><strong>Libertus,</strong></span> <span class='ocrx_word' id='word_1_120' title='bbox 1586 1028 1642 1071; x_wconf 91' lang='lat' dir='ltr'><strong>non</strong></span> <span class='ocrx_word' id='word_1_121' title='bbox 1666 1013 1829 1083; x_wconf 75' lang='lat' dir='ltr'><strong>noeeaaitee,</strong></span> 
     </span>
     <span class='ocr_line' id='line_1_10' title="bbox 173 1099 1829 1178; baseline -0.008 -4"><span class='ocrx_word' id='word_1_122' title='bbox 173 1123 262 1175; x_wconf 82' lang='lat' dir='ltr'><strong>cuent:</strong></span> <span class='ocrx_word' id='word_1_123' title='bbox 288 1112 312 1169; x_wconf 92' lang='lat' dir='ltr'><strong>ai</strong></span> <span class='ocrx_word' id='word_1_124' title='bbox 338 1117 466 1178; x_wconf 83' lang='lat' dir='ltr'><strong>excusat,</strong></span> <span class='ocrx_word' id='word_1_125' title='bbox 495 1106 564 1163; x_wconf 83' lang='lat' dir='ltr'><strong>edco</strong></span> <span class='ocrx_word' id='word_1_126' title='bbox 591 1102 692 1178; x_wconf 89' lang='lat' dir='ltr'><strong>ubique</strong></span> <span class='ocrx_word' id='word_1_127' title='bbox 715 1110 742 1160; x_wconf 92' lang='lat' dir='ltr'><strong>et</strong></span> <span class='ocrx_word' id='word_1_128' title='bbox 766 1101 887 1174; x_wconf 86' lang='lat' dir='ltr'><strong>undique</strong></span> <span class='ocrx_word' id='word_1_129' title='bbox 907 1099 973 1157; x_wconf 90' lang='lat' dir='ltr'><strong>illuc</strong></span> <span class='ocrx_word' id='word_1_130' title='bbox 1024 1100 1083 1159; x_wconf 88' lang='lat' dir='ltr'><strong>Deo</strong></span> <span class='ocrx_word' id='word_1_131' title='bbox 1109 1101 1256 1174; x_wconf 86' lang='lat' dir='ltr'><strong>competit:</strong></span> <span class='ocrx_word' id='word_1_132' title='bbox 1284 1102 1357 1160; x_wconf 91' lang='lat' dir='ltr'><strong>malo</strong></span> <span class='ocrx_word' id='word_1_133' title='bbox 1382 1100 1501 1161; x_wconf 84' lang='lat' dir='ltr'><strong>noluerit</strong></span> <span class='ocrx_word' id='word_1_134' title='bbox 1521 1102 1594 1159; x_wconf 79' lang='lat' dir='ltr'><strong>muln</strong></span> <span class='ocrx_word' id='word_1_135' title='bbox 1619 1119 1637 1160; x_wconf 92' lang='lat' dir='ltr'><strong>a</strong></span> <span class='ocrx_word' id='word_1_136' title='bbox 1661 1102 1829 1175; x_wconf 81' lang='lat' dir='ltr'><strong>semetipso,</strong></span> 
     </span>
     <span class='ocr_line' id='line_1_11' title="bbox 144 1186 1828 1278; baseline -0.01 -13"><span class='ocrx_word' id='word_1_137' title='bbox 144 1228 150 1237; x_wconf 94' lang='lat'><em>·</em></span> <span class='ocrx_word' id='word_1_138' title='bbox 175 1200 348 1278; x_wconf 91' lang='lat' dir='ltr'><strong>compellitur</strong></span> <span class='ocrx_word' id='word_1_139' title='bbox 356 1197 472 1273; x_wconf 78' lang='lat' dir='ltr'><strong>questio</strong></span> <span class='ocrx_word' id='word_1_140' title='bbox 500 1210 555 1268; x_wconf 89' lang='lat' dir='ltr'><strong>quo</strong></span> <span class='ocrx_word' id='word_1_141' title='bbox 587 1192 694 1263; x_wconf 92' lang='lat' dir='ltr'><strong>nolunt,</strong></span> <span class='ocrx_word' id='word_1_142' title='bbox 722 1189 780 1264; x_wconf 88' lang='lat' dir='ltr'><strong>qui,</strong></span> <span class='ocrx_word' id='word_1_143' title='bbox 806 1191 893 1262; x_wconf 86' lang='lat' dir='ltr'><strong>ipsum</strong></span> <span class='ocrx_word' id='word_1_144' title='bbox 906 1189 973 1248; x_wconf 86' lang='lat' dir='ltr'><strong>muli</strong></span> <span class='ocrx_word' id='word_1_145' title='bbox 1024 1189 1186 1262; x_wconf 73' lang='lat' dir='ltr'><strong>condidisse,</strong></span> <span class='ocrx_word' id='word_1_146' title='bbox 1212 1186 1331 1264; x_wconf 79' lang='lat' dir='ltr'><strong>quum⁸⁸</strong></span> <span class='ocrx_word' id='word_1_147' title='bbox 1357 1206 1412 1248; x_wconf 91' lang='lat' dir='ltr'><strong>nou</strong></span> <span class='ocrx_word' id='word_1_148' title='bbox 1430 1191 1551 1262; x_wconf 88' lang='lat' dir='ltr'><strong>potuerit</strong></span> <span class='ocrx_word' id='word_1_149' title='bbox 1577 1205 1632 1248; x_wconf 94' lang='lat' dir='ltr'><strong>non</strong></span> <span class='ocrx_word' id='word_1_150' title='bbox 1660 1189 1828 1249; x_wconf 84' lang='lat' dir='ltr'><strong>condidisse.</strong></span> 
     </span>
     <span class='ocr_line' id='line_1_12' title="bbox 175 1277 1528 1354; baseline -0.022 -1"><span class='ocrx_word' id='word_1_151' title='bbox 175 1293 308 1352; x_wconf 84' lang='lat' dir='ltr'><strong>milonem</strong></span> <span class='ocrx_word' id='word_1_152' title='bbox 335 1303 389 1346; x_wconf 90' lang='lat' dir='ltr'><strong>non</strong></span> <span class='ocrx_word' id='word_1_153' title='bbox 418 1281 609 1350; x_wconf 76' lang='lat' dir='ltr'><strong>examinando,</strong></span> <span class='ocrx_word' id='word_1_154' title='bbox 636 1295 687 1339; x_wconf 84' lang='lat' dir='ltr'><strong>nec</strong></span> <span class='ocrx_word' id='word_1_155' title='bbox 705 1279 890 1354; x_wconf 89' lang='lat' dir='ltr'><strong>dignoscendo</strong></span> <span class='ocrx_word' id='word_1_156' title='bbox 904 1293 973 1352; x_wconf 87' lang='lat' dir='ltr'><strong>qun-</strong></span> <span class='ocrx_word' id='word_1_157' title='bbox 1308 1277 1423 1337; x_wconf 63' lang='lat' dir='ltr'><strong>cgpu&#39;r</strong></span> <span class='ocrx_word' id='word_1_158' title='bbox 1441 1278 1528 1338; x_wconf 69' lang='grc' dir='ltr'>χιιι,</span> 
     </span>
     <span class='ocr_line' id='line_1_13' title="bbox 176 1366 1828 1443; baseline -0.012 -4"><span class='ocrx_word' id='word_1_159' title='bbox 176 1381 259 1443; x_wconf 87' lang='lat' dir='ltr'><strong>modo</strong></span> <span class='ocrx_word' id='word_1_160' title='bbox 273 1377 338 1436; x_wconf 91' lang='lat' dir='ltr'><strong>illud</strong></span> <span class='ocrx_word' id='word_1_161' title='bbox 355 1384 402 1433; x_wconf 93' lang='lat' dir='ltr'><strong>aut</strong></span> <span class='ocrx_word' id='word_1_162' title='bbox 423 1374 482 1431; x_wconf 88' lang='lat' dir='ltr'><strong>Deo</strong></span> <span class='ocrx_word' id='word_1_163' title='bbox 494 1369 651 1442; x_wconf 89' lang='lat' dir='ltr'><strong>attribuant,</strong></span> <span class='ocrx_word' id='word_1_164' title='bbox 672 1374 718 1426; x_wconf 88' lang='lat' dir='ltr'><strong>aut</strong></span> <span class='ocrx_word' id='word_1_165' title='bbox 732 1384 748 1424; x_wconf 89' lang='grc' dir='ltr'><strong>ι</strong></span> <span class='ocrx_word' id='word_1_166' title='bbox 760 1367 821 1427; x_wconf 87' lang='lat' dir='ltr'><strong>Deo</strong></span> <span class='ocrx_word' id='word_1_167' title='bbox 834 1375 971 1441; x_wconf 78' lang='lat' dir='ltr'><strong>reparent,</strong></span> <span class='ocrx_word' id='word_1_168' title='bbox 1060 1366 1139 1426; x_wconf 81' lang='lat' dir='ltr'><strong>Unici</strong></span> <span class='ocrx_word' id='word_1_169' title='bbox 1165 1367 1217 1425; x_wconf 89' lang='lat' dir='ltr'><strong>Dei</strong></span> <span class='ocrx_word' id='word_1_170' title='bbox 1244 1374 1330 1426; x_wconf 89' lang='lat' dir='ltr'><strong>status</strong></span> <span class='ocrx_word' id='word_1_171' title='bbox 1356 1368 1426 1426; x_wconf 78' lang='lat' dir='ltr'><strong>bunc</strong></span> <span class='ocrx_word' id='word_1_172' title='bbox 1449 1368 1574 1443; x_wconf 82' lang='lat' dir='ltr'><strong>regulum</strong></span> <span class='ocrx_word' id='word_1_173' title='bbox 1602 1367 1747 1428; x_wconf 77' lang='lat' dir='ltr'><strong>uindicet:</strong></span> <span class='ocrx_word' id='word_1_174' title='bbox 1771 1383 1828 1427; x_wconf 85' lang='lat' dir='ltr'><strong>non</strong></span> 
     </span>
     <span class='ocr_line' id='line_1_14' title="bbox 177 1453 1828 1545; baseline -0.009 -17"><span class='ocrx_word' id='word_1_175' title='bbox 177 1470 299 1545; x_wconf 84' lang='lat' dir='ltr'><strong>pluribus</strong></span> <span class='ocrx_word' id='word_1_176' title='bbox 325 1473 353 1523; x_wconf 89' lang='lat' dir='ltr'><strong>et</strong></span> <span class='ocrx_word' id='word_1_177' title='bbox 384 1460 584 1536; x_wconf 72' lang='lat' dir='ltr'><strong>indignioribus</strong></span> <span class='ocrx_word' id='word_1_178' title='bbox 618 1456 851 1517; x_wconf 85' lang='lat' dir='ltr'><strong>deslmctiouibue</strong></span> <span class='ocrx_word' id='word_1_179' title='bbox 882 1455 972 1514; x_wconf 87' lang='lat' dir='ltr'><strong>Deum</strong></span> <span class='ocrx_word' id='word_1_180' title='bbox 1025 1453 1106 1513; x_wconf 89' lang='lat' dir='ltr'><strong>aliter</strong></span> <span class='ocrx_word' id='word_1_181' title='bbox 1119 1455 1193 1513; x_wconf 91' lang='lat' dir='ltr'><strong>unici</strong></span> <span class='ocrx_word' id='word_1_182' title='bbox 1206 1455 1275 1529; x_wconf 82' lang='lat' dir='ltr'><strong>(ed),</strong></span> <span class='ocrx_word' id='word_1_183' title='bbox 1286 1455 1340 1515; x_wconf 87' lang='lat' dir='ltr'><strong>uisi</strong></span> <span class='ocrx_word' id='word_1_184' title='bbox 1361 1456 1426 1530; x_wconf 88' lang='lat' dir='ltr'><strong>qnia</strong></span> <span class='ocrx_word' id='word_1_185' title='bbox 1440 1456 1541 1514; x_wconf 85' lang='lat' dir='ltr'><strong>solius:</strong></span> <span class='ocrx_word' id='word_1_186' title='bbox 1566 1471 1623 1513; x_wconf 95' lang='lat' dir='ltr'><strong>non</strong></span> <span class='ocrx_word' id='word_1_187' title='bbox 1635 1455 1713 1514; x_wconf 76' lang='lat' dir='ltr'><strong>iliter</strong></span> <span class='ocrx_word' id='word_1_188' title='bbox 1731 1456 1828 1529; x_wconf 86' lang='lat' dir='ltr'><strong>solius,</strong></span> 
     </span>
     <span class='ocr_line' id='line_1_15' title="bbox 176 1543 1829 1631; baseline -0.013 -9"><span class='ocrx_word' id='word_1_189' title='bbox 176 1557 321 1631; x_wconf 71' lang='lat' dir='ltr'><strong>objiciunt·</strong></span> <span class='ocrx_word' id='word_1_190' title='bbox 1026 1543 1079 1602; x_wconf 93' lang='lat' dir='ltr'><strong>nisi</strong></span> <span class='ocrx_word' id='word_1_191' title='bbox 1105 1543 1169 1618; x_wconf 85' lang='lat' dir='ltr'><strong>quie</strong></span> <span class='ocrx_word' id='word_1_192' title='bbox 1191 1544 1259 1601; x_wconf 91' lang='lat' dir='ltr'><strong>nihil</strong></span> <span class='ocrx_word' id='word_1_193' title='bbox 1279 1561 1341 1601; x_wconf 90' lang='lat' dir='ltr'><strong>cum</strong></span> <span class='ocrx_word' id='word_1_194' title='bbox 1367 1545 1433 1602; x_wconf 91' lang='lat' dir='ltr'><strong>illo:</strong></span> <span class='ocrx_word' id='word_1_195' title='bbox 1456 1546 1497 1603; x_wconf 91' lang='lat' dir='ltr'><strong>sic</strong></span> <span class='ocrx_word' id='word_1_196' title='bbox 1519 1553 1547 1603; x_wconf 90' lang='grc' dir='ltr'><strong>ιι</strong></span> <span class='ocrx_word' id='word_1_197' title='bbox 1560 1545 1665 1616; x_wconf 84' lang='lat' dir='ltr'><strong>primus</strong></span> <span class='ocrx_word' id='word_1_198' title='bbox 1682 1544 1746 1617; x_wconf 89' lang='lat' dir='ltr'><strong>erit,</strong></span> <span class='ocrx_word' id='word_1_199' title='bbox 1762 1546 1829 1620; x_wconf 85' lang='lat' dir='ltr'><strong>qnia</strong></span> 
     </span>
     <span class='ocr_line' id='line_1_16' title="bbox 468 1633 1831 1709; baseline -0.004 -12"><span class='ocrx_word' id='word_1_200' title='bbox 468 1636 583 1697; x_wconf 73' lang='lat' dir='ltr'><strong>curbi</strong></span> <span class='ocrx_word' id='word_1_201' title='bbox 595 1636 670 1696; x_wconf 81' lang='lat' dir='ltr'>XVI.</span> <span class='ocrx_word' id='word_1_202' title='bbox 1026 1633 1188 1707; x_wconf 82' lang='lat' dir='ltr'><strong>omniupost</strong></span> <span class='ocrx_word' id='word_1_203' title='bbox 1200 1633 1297 1692; x_wconf 91' lang='lat' dir='ltr'><strong>illum:</strong></span> <span class='ocrx_word' id='word_1_204' title='bbox 1313 1634 1353 1693; x_wconf 91' lang='lat' dir='ltr'><strong>sic</strong></span> <span class='ocrx_word' id='word_1_205' title='bbox 1364 1634 1455 1692; x_wconf 89' lang='lat' dir='ltr'><strong>omnia</strong></span> <span class='ocrx_word' id='word_1_206' title='bbox 1473 1644 1536 1706; x_wconf 87' lang='lat' dir='ltr'><strong>post</strong></span> <span class='ocrx_word' id='word_1_207' title='bbox 1548 1634 1638 1702; x_wconf 91' lang='lat' dir='ltr'><strong>illum,</strong></span> <span class='ocrx_word' id='word_1_208' title='bbox 1653 1634 1719 1709; x_wconf 80' lang='lat' dir='ltr'><strong>quir</strong></span> <span class='ocrx_word' id='word_1_209' title='bbox 1736 1634 1831 1693; x_wconf 74' lang='lat' dir='ltr'><strong>omniu</strong></span> 
     </span>
     <span class='ocr_line' id='line_1_17' title="bbox 211 1704 1830 1812; baseline -0.01 -20"><span class='ocrx_word' id='word_1_210' title='bbox 211 1734 299 1812; x_wconf 75' lang='lat' dir='ltr'><strong>igitur</strong></span> <span class='ocrx_word' id='word_1_211' title='bbox 320 1732 349 1790; x_wconf 92' lang='lat' dir='ltr'><strong>in</strong></span> <span class='ocrx_word' id='word_1_212' title='bbox 371 1727 581 1803; x_wconf 76' lang='lat' dir='ltr'><strong>prestructione</strong></span> <span class='ocrx_word' id='word_1_213' title='bbox 608 1726 690 1797; x_wconf 88' lang='lat' dir='ltr'><strong>hujus</strong></span> <span class='ocrx_word' id='word_1_214' title='bbox 712 1723 831 1793; x_wconf 79' lang='lat' dir='ltr'><strong>articuli,</strong></span> <span class='ocrx_word' id='word_1_215' title='bbox 853 1731 882 1781; x_wconf 92' lang='lat' dir='ltr'><strong>et</strong></span> <span class='ocrx_word' id='word_1_216' title='bbox 908 1721 972 1780; x_wconf 86' lang='lat' dir='ltr'><strong>ulibi</strong></span> <span class='ocrx_word' id='word_1_217' title='bbox 989 1704 1012 1782; x_wconf 82' lang='grc' dir='ltr'><strong><em>Β</em></strong></span> <span class='ocrx_word' id='word_1_218' title='bbox 1025 1721 1117 1781; x_wconf 90' lang='lat' dir='ltr'><strong>abillo</strong></span> <span class='ocrx_word' id='word_1_219' title='bbox 1131 1741 1138 1778; x_wconf 90' lang='lat'>:</span> <span class='ocrx_word' id='word_1_220' title='bbox 1154 1722 1193 1781; x_wconf 90' lang='lat' dir='ltr'><strong>sic</strong></span> <span class='ocrx_word' id='word_1_221' title='bbox 1210 1723 1245 1779; x_wconf 88' lang='lat' dir='ltr'><strong>ab</strong></span> <span class='ocrx_word' id='word_1_222' title='bbox 1258 1723 1315 1794; x_wconf 91' lang='lat' dir='ltr'><strong>illo,</strong></span> <span class='ocrx_word' id='word_1_223' title='bbox 1343 1727 1407 1798; x_wconf 82' lang='lat' dir='ltr'><strong>quita</strong></span> <span class='ocrx_word' id='word_1_224' title='bbox 1418 1740 1453 1783; x_wconf 81' lang='lat' dir='ltr'><strong>ea</strong></span> <span class='ocrx_word' id='word_1_225' title='bbox 1464 1724 1560 1793; x_wconf 89' lang='lat' dir='ltr'><strong>nihilo,</strong></span> <span class='ocrx_word' id='word_1_226' title='bbox 1594 1731 1625 1780; x_wconf 92' lang='lat' dir='ltr'><strong>ut</strong></span> <span class='ocrx_word' id='word_1_227' title='bbox 1651 1723 1690 1782; x_wconf 91' lang='lat' dir='ltr'><strong>illi</strong></span> <span class='ocrx_word' id='word_1_228' title='bbox 1718 1738 1830 1798; x_wconf 76' lang='lat' dir='ltr'><strong>quoque</strong></span> 
     </span>
     <span class='ocr_line' id='line_1_18' title="bbox 176 1810 1829 1889; baseline -0.015 -7"><span class='ocrx_word' id='word_1_229' title='bbox 176 1823 290 1882; x_wconf 79' lang='lat' dir='ltr'><strong>forsitan</strong></span> <span class='ocrx_word' id='word_1_230' title='bbox 305 1816 477 1886; x_wconf 89' lang='lat' dir='ltr'><strong>retractandi,</strong></span> <span class='ocrx_word' id='word_1_231' title='bbox 492 1812 620 1889; x_wconf 86' lang='lat' dir='ltr'><strong>equidem</strong></span> <span class='ocrx_word' id='word_1_232' title='bbox 635 1810 754 1883; x_wconf 81' lang='lat' dir='ltr'><strong>diffinio,</strong></span> <span class='ocrx_word' id='word_1_233' title='bbox 767 1818 814 1869; x_wconf 91' lang='lat' dir='ltr'><strong>ant</strong></span> <span class='ocrx_word' id='word_1_234' title='bbox 831 1810 975 1868; x_wconf 85' lang='lat' dir='ltr'><strong>Deoescri·</strong></span> <span class='ocrx_word' id='word_1_235' title='bbox 1027 1810 1173 1884; x_wconf 84' lang='lat' dir='ltr'><strong>Scripturae</strong></span> <span class='ocrx_word' id='word_1_236' title='bbox 1206 1811 1274 1870; x_wconf 87' lang='lat' dir='ltr'><strong>retio</strong></span> <span class='ocrx_word' id='word_1_237' title='bbox 1301 1821 1424 1871; x_wconf 84' lang='lat' dir='ltr'><strong>constet:</strong></span> <span class='ocrx_word' id='word_1_238' title='bbox 1461 1814 1528 1884; x_wconf 67' lang='lat' dir='ltr'><strong>Quis</strong></span> <span class='ocrx_word' id='word_1_239' title='bbox 1554 1814 1683 1887; x_wconf 64' lang='lat' dir='ltr'><strong>cognocet</strong></span> <span class='ocrx_word' id='word_1_240' title='bbox 1711 1829 1829 1873; x_wconf 63' lang='lat' dir='ltr'><strong>„mm</strong></span> 
     </span>
     <span class='ocr_line' id='line_1_19' title="bbox 175 1898 1830 1978; baseline -0.008 -6"><span class='ocrx_word' id='word_1_241' title='bbox 175 1913 294 1973; x_wconf 88' lang='lat' dir='ltr'><strong>bendum</strong></span> <span class='ocrx_word' id='word_1_242' title='bbox 308 1917 336 1967; x_wconf 91' lang='lat' dir='ltr'><strong>et</strong></span> <span class='ocrx_word' id='word_1_243' title='bbox 358 1909 500 1965; x_wconf 91' lang='lat' dir='ltr'><strong>bonumet</strong></span> <span class='ocrx_word' id='word_1_244' title='bbox 513 1902 617 1961; x_wconf 88' lang='lat' dir='ltr'><strong>mulum</strong></span> <span class='ocrx_word' id='word_1_245' title='bbox 635 1916 697 1976; x_wconf 82' lang='lat' dir='ltr'><strong>qum</strong></span> <span class='ocrx_word' id='word_1_246' title='bbox 725 1916 759 1959; x_wconf 83' lang='lat' dir='ltr'><strong>ex</strong></span> <span class='ocrx_word' id='word_1_247' title='bbox 773 1898 885 1956; x_wconf 71' lang='lat' dir='ltr'><strong>materia</strong></span> <span class='ocrx_word' id='word_1_248' title='bbox 899 1898 972 1967; x_wconf 87' lang='lat' dir='ltr'><strong>iecit,</strong></span> <span class='ocrx_word' id='word_1_249' title='bbox 1027 1903 1211 1968; x_wconf 59' lang='lat' dir='ltr'><strong>deminuunt</strong></span> <span class='ocrx_word' id='word_1_250' title='bbox 1228 1904 1291 1974; x_wconf 83' lang='lat' dir='ltr'><strong>quir</strong></span> <span class='ocrx_word' id='word_1_251' title='bbox 1306 1902 1352 1960; x_wconf 85' lang='lat' dir='ltr'><strong>illi</strong></span> <span class='ocrx_word' id='word_1_252' title='bbox 1367 1904 1548 1961; x_wconf 79' lang='lat' dir='ltr'><strong>mariliun&#39;cr</strong></span> <span class='ocrx_word' id='word_1_253' title='bbox 1568 1899 1653 1974; x_wconf 75' lang='lat' dir='ltr'><strong>soil?</strong></span> <span class='ocrx_word' id='word_1_254' title='bbox 1674 1908 1728 1962; x_wconf 83' lang='lat' dir='ltr'><strong>ortt</strong></span> <span class='ocrx_word' id='word_1_255' title='bbox 1744 1918 1830 1978; x_wconf 76' lang='lat' dir='ltr'><strong>quem</strong></span> 
     </span>
     <span class='ocr_line' id='line_1_20' title="bbox 174 1987 1830 2071; baseline -0.008 -12"><span class='ocrx_word' id='word_1_256' title='bbox 174 2012 222 2061; x_wconf 94' lang='lat' dir='ltr'><strong>aut</strong></span> <span class='ocrx_word' id='word_1_257' title='bbox 239 1998 358 2056; x_wconf 75' lang='lat' dir='ltr'><strong>materie</strong></span> <span class='ocrx_word' id='word_1_258' title='bbox 372 1995 436 2071; x_wconf 91' lang='lat' dir='ltr'><strong>ipsi,</strong></span> <span class='ocrx_word' id='word_1_259' title='bbox 455 2010 488 2052; x_wconf 87' lang='grc' dir='ltr'><strong>ιι</strong></span> <span class='ocrx_word' id='word_1_260' title='bbox 501 2008 554 2067; x_wconf 88' lang='lat' dir='ltr'><strong>qua</strong></span> <span class='ocrx_word' id='word_1_261' title='bbox 567 1989 652 2061; x_wconf 73' lang='lat' dir='ltr'><strong>iecit,</strong></span> <span class='ocrx_word' id='word_1_262' title='bbox 670 1997 718 2047; x_wconf 90' lang='lat' dir='ltr'><strong>aut</strong></span> <span class='ocrx_word' id='word_1_263' title='bbox 738 1995 884 2063; x_wconf 87' lang='lat' dir='ltr'><strong>utrumque</strong></span> <span class='ocrx_word' id='word_1_264' title='bbox 907 1987 973 2043; x_wconf 90' lang='lat' dir='ltr'><strong>utri-</strong></span> <span class='ocrx_word' id='word_1_265' title='bbox 1027 1991 1203 2050; x_wconf 80' lang='lat' dir='ltr'><strong>consultetur</strong></span> <span class='ocrx_word' id='word_1_266' title='bbox 1217 1988 1284 2048; x_wconf 81' lang='lat' dir='ltr'><strong>ert?</strong></span> <span class='ocrx_word' id='word_1_267' title='bbox 1298 1994 1351 2049; x_wconf 83' lang='lat' dir='ltr'><strong>atet</strong></span> <span class='ocrx_word' id='word_1_268' title='bbox 1364 1992 1684 2063; x_wconf 81' lang='lat' dir='ltr'><strong>vinmintellipentt&#39;oeet</strong></span> <span class='ocrx_word' id='word_1_269' title='bbox 1699 1992 1830 2052; x_wconf 75' lang='lat' dir='ltr'><strong>scientim</strong></span> 
     </span>
     <span class='ocr_line' id='line_1_21' title="bbox 172 2076 1830 2167; baseline -0.01 -18"><span class='ocrx_word' id='word_1_270' title='bbox 172 2106 237 2167; x_wconf 86' lang='lat' dir='ltr'><strong>que,</strong></span> <span class='ocrx_word' id='word_1_271' title='bbox 253 2091 316 2165; x_wconf 88' lang='lat' dir='ltr'><strong>quia</strong></span> <span class='ocrx_word' id='word_1_272' title='bbox 335 2087 417 2144; x_wconf 86' lang='lat' dir='ltr'><strong>ambo</strong></span> <span class='ocrx_word' id='word_1_273' title='bbox 430 2083 482 2141; x_wconf 90' lang='lat' dir='ltr'><strong>sibi</strong></span> <span class='ocrx_word' id='word_1_274' title='bbox 494 2080 650 2158; x_wconf 79' lang='lat' dir='ltr'><strong>obligentur</strong></span> <span class='ocrx_word' id='word_1_275' title='bbox 672 2078 718 2153; x_wconf 89' lang='lat' dir='ltr'><strong>qui</strong></span> <span class='ocrx_word' id='word_1_276' title='bbox 741 2076 806 2137; x_wconf 91' lang='lat' dir='ltr'><strong>lecit</strong></span> <span class='ocrx_word' id='word_1_277' title='bbox 826 2076 902 2135; x_wconf 90' lang='lat' dir='ltr'><strong>etde</strong></span> <span class='ocrx_word' id='word_1_278' title='bbox 920 2089 975 2150; x_wconf 89' lang='lat' dir='ltr'><strong>qua</strong></span> <span class='ocrx_word' id='word_1_279' title='bbox 1027 2079 1090 2152; x_wconf 82' lang='lat' dir='ltr'><strong>quia</strong></span> <span class='ocrx_word' id='word_1_280' title='bbox 1099 2077 1303 2139; x_wconf 75' lang='lat' dir='ltr'><strong>demonstravit</strong></span> <span class='ocrx_word' id='word_1_281' title='bbox 1315 2078 1452 2151; x_wconf 80' lang='lat' dir='ltr'><strong>dllilpuir</strong></span> <span class='ocrx_word' id='word_1_282' title='bbox 1472 2079 1601 2153; x_wconf 79' lang='lat' dir='ltr'><strong>tradidit,</strong></span> <span class='ocrx_word' id='word_1_283' title='bbox 1612 2084 1640 2137; x_wconf 86' lang='lat' dir='ltr'><strong>et</strong></span> <span class='ocrx_word' id='word_1_284' title='bbox 1654 2079 1830 2139; x_wconf 70' lang='lat' dir='ltr'><strong>retribuam</strong></span> 
     </span>
     <span class='ocr_line' id='line_1_22' title="bbox 172 2167 1829 2243; baseline -0.008 -7"><span class='ocrx_word' id='word_1_285' title='bbox 172 2178 250 2239; x_wconf 83' lang='lat' dir='ltr'><strong>lecit:</strong></span> <span class='ocrx_word' id='word_1_286' title='bbox 266 2184 312 2236; x_wconf 90' lang='lat' dir='ltr'><strong>aut</strong></span> <span class='ocrx_word' id='word_1_287' title='bbox 325 2176 439 2234; x_wconf 80' lang='lat' dir='ltr'><strong>alterum</strong></span> <span class='ocrx_word' id='word_1_288' title='bbox 454 2171 552 2241; x_wconf 86' lang='lat' dir='ltr'><strong>alteri;</strong></span> <span class='ocrx_word' id='word_1_289' title='bbox 568 2168 665 2227; x_wconf 84' lang='lat' dir='ltr'><strong>tertius</strong></span> <span class='ocrx_word' id='word_1_290' title='bbox 687 2167 771 2239; x_wconf 91' lang='lat' dir='ltr'><strong>enim,</strong></span> <span class='ocrx_word' id='word_1_291' title='bbox 797 2172 898 2239; x_wconf 86' lang='lat' dir='ltr'><strong>praeter</strong></span> <span class='ocrx_word' id='word_1_292' title='bbox 915 2181 976 2223; x_wconf 84' lang='lat' dir='ltr'><strong>ma·</strong></span> <span class='ocrx_word' id='word_1_293' title='bbox 1027 2169 1072 2225; x_wconf 83' lang='lat' dir='ltr'><strong>ei?</strong></span> <span class='ocrx_word' id='word_1_294' title='bbox 1092 2168 1183 2240; x_wconf 74' lang='lat' dir='ltr'><strong>(Rom.</strong></span> <span class='ocrx_word' id='word_1_295' title='bbox 1201 2184 1238 2238; x_wconf 86' lang='lat' dir='ltr'><strong>vr,</strong></span> <span class='ocrx_word' id='word_1_296' title='bbox 1254 2170 1300 2237; x_wconf 78' lang='lat' dir='ltr'><strong>dd,</strong></span> <span class='ocrx_word' id='word_1_297' title='bbox 1315 2168 1585 2243; x_wconf 69' lang='lat' dir='ltr'><strong>nutriendumque:</strong></span> <span class='ocrx_word' id='word_1_298' title='bbox 1600 2168 1665 2242; x_wconf 83' lang='lat' dir='ltr'><strong>quie</strong></span> <span class='ocrx_word' id='word_1_299' title='bbox 1684 2167 1760 2227; x_wconf 77' lang='lat' dir='ltr'><strong>nulle</strong></span> <span class='ocrx_word' id='word_1_300' title='bbox 1771 2167 1829 2240; x_wconf 74' lang='lat' dir='ltr'><strong>rie,</strong></span> 
     </span>
     <span class='ocr_line' id='line_1_23' title="bbox 172 2253 1828 2330; baseline -0.009 -3"><span class='ocrx_word' id='word_1_301' title='bbox 172 2267 267 2327; x_wconf 82' lang='lat' dir='ltr'><strong>terium</strong></span> <span class='ocrx_word' id='word_1_302' title='bbox 282 2275 309 2324; x_wconf 90' lang='lat' dir='ltr'><strong>et</strong></span> <span class='ocrx_word' id='word_1_303' title='bbox 331 2265 430 2330; x_wconf 90' lang='lat' dir='ltr'><strong>Deum,</strong></span> <span class='ocrx_word' id='word_1_304' title='bbox 457 2276 514 2319; x_wconf 91' lang='lat' dir='ltr'><strong>non</strong></span> <span class='ocrx_word' id='word_1_305' title='bbox 535 2266 587 2318; x_wconf 88' lang='lat' dir='ltr'><strong>est.</strong></span> <span class='ocrx_word' id='word_1_306' title='bbox 619 2258 704 2316; x_wconf 90' lang='lat' dir='ltr'><strong>Porro</strong></span> <span class='ocrx_word' id='word_1_307' title='bbox 728 2257 754 2313; x_wconf 87' lang='lat' dir='ltr'><strong>si</strong></span> <span class='ocrx_word' id='word_1_308' title='bbox 782 2257 832 2315; x_wconf 89' lang='lat' dir='ltr'><strong>Dei</strong></span> <span class='ocrx_word' id='word_1_309' title='bbox 868 2256 893 2297; x_wconf 80' lang='lat'><strong>⁸²</strong></span> <span class='ocrx_word' id='word_1_310' title='bbox 922 2255 975 2313; x_wconf 91' lang='lat' dir='ltr'><strong>erit</strong></span> <span class='ocrx_word' id='word_1_311' title='bbox 1027 2253 1101 2313; x_wconf 85' lang='lat' dir='ltr'><strong>nullu</strong></span> <span class='ocrx_word' id='word_1_312' title='bbox 1129 2254 1250 2324; x_wconf 79' lang='lat' dir='ltr'><strong>muteris,</strong></span> <span class='ocrx_word' id='word_1_313' title='bbox 1286 2255 1359 2312; x_wconf 81' lang='lat' dir='ltr'><strong>nullu</strong></span> <span class='ocrx_word' id='word_1_314' title='bbox 1404 2262 1500 2313; x_wconf 81' lang='lat' dir='ltr'><strong>nature</strong></span> <span class='ocrx_word' id='word_1_315' title='bbox 1530 2254 1689 2314; x_wconf 88' lang='lat' dir='ltr'><strong>substantiae</strong></span> <span class='ocrx_word' id='word_1_316' title='bbox 1714 2255 1828 2314; x_wconf 86' lang='lat' dir='ltr'><strong>alterius</strong></span> 
     </span>
     <span class='ocr_line' id='line_1_24' title="bbox 171 2342 1828 2431; baseline -0.008 -15"><span class='ocrx_word' id='word_1_317' title='bbox 171 2364 328 2431; x_wconf 89' lang='lat' dir='ltr'><strong>utrumque,</strong></span> <span class='ocrx_word' id='word_1_318' title='bbox 342 2352 477 2411; x_wconf 86' lang='lat' dir='ltr'><strong>ridebitur</strong></span> <span class='ocrx_word' id='word_1_319' title='bbox 494 2351 570 2407; x_wconf 83' lang='lat' dir='ltr'><strong>Deus</strong></span> <span class='ocrx_word' id='word_1_320' title='bbox 584 2347 667 2405; x_wconf 88' lang='lat' dir='ltr'><strong>etiam</strong></span> <span class='ocrx_word' id='word_1_321' title='bbox 681 2345 748 2403; x_wconf 84' lang='lat' dir='ltr'><strong>meli</strong></span> <span class='ocrx_word' id='word_1_322' title='bbox 761 2353 856 2404; x_wconf 87' lang='lat' dir='ltr'><strong>auctor</strong></span> <span class='ocrx_word' id='word_1_323' title='bbox 875 2345 974 2405; x_wconf 87' lang='lat' dir='ltr'><strong>:Deua</strong></span> <span class='ocrx_word' id='word_1_324' title='bbox 1026 2342 1152 2401; x_wconf 76' lang='lat' dir='ltr'><strong>aderat⁰⁹</strong></span> <span class='ocrx_word' id='word_1_325' title='bbox 1173 2343 1225 2401; x_wconf 89' lang='lat' dir='ltr'><strong>illi.</strong></span> <span class='ocrx_word' id='word_1_326' title='bbox 1240 2345 1334 2412; x_wconf 87' lang='lat' dir='ltr'><strong>Porro,</strong></span> <span class='ocrx_word' id='word_1_327' title='bbox 1362 2343 1386 2401; x_wconf 92' lang='lat' dir='ltr'><strong>si</strong></span> <span class='ocrx_word' id='word_1_328' title='bbox 1414 2345 1449 2402; x_wconf 92' lang='lat' dir='ltr'><strong>de</strong></span> <span class='ocrx_word' id='word_1_329' title='bbox 1470 2344 1562 2419; x_wconf 88' lang='lat' dir='ltr'><strong>aliquo</strong></span> <span class='ocrx_word' id='word_1_330' title='bbox 1576 2344 1602 2384; x_wconf 81' lang='grc'><strong>88</strong></span> <span class='ocrx_word' id='word_1_331' title='bbox 1616 2352 1746 2418; x_wconf 83' lang='lat' dir='ltr'><strong>operatua</strong></span> <span class='ocrx_word' id='word_1_332' title='bbox 1770 2352 1828 2415; x_wconf 84' lang='lat' dir='ltr'><strong>eat,</strong></span> 
     </span>
     <span class='ocr_line' id='line_1_25' title="bbox 170 2431 1830 2510; baseline -0.008 -7"><span class='ocrx_word' id='word_1_333' title='bbox 170 2453 260 2506; x_wconf 87' lang='lat' dir='ltr'><strong>autem</strong></span> <span class='ocrx_word' id='word_1_334' title='bbox 284 2450 315 2502; x_wconf 91' lang='lat' dir='ltr'><strong>ut</strong></span> <span class='ocrx_word' id='word_1_335' title='bbox 328 2444 427 2510; x_wconf 84' lang='lat' dir='ltr'><strong>bouus,</strong></span> <span class='ocrx_word' id='word_1_336' title='bbox 446 2447 539 2498; x_wconf 81' lang='lat' dir='ltr'><strong>auctor</strong></span> <span class='ocrx_word' id='word_1_337' title='bbox 565 2436 632 2494; x_wconf 87' lang='lat' dir='ltr'><strong>muli</strong></span> <span class='ocrx_word' id='word_1_338' title='bbox 659 2451 715 2495; x_wconf 93' lang='lat' dir='ltr'><strong>non</strong></span> <span class='ocrx_word' id='word_1_339' title='bbox 741 2435 816 2509; x_wconf 74' lang='lat' dir='ltr'><strong>erit3</strong></span> <span class='ocrx_word' id='word_1_340' title='bbox 840 2436 864 2493; x_wconf 91' lang='lat' dir='ltr'><strong>ai</strong></span> <span class='ocrx_word' id='word_1_341' title='bbox 889 2443 974 2495; x_wconf 83' lang='lat' dir='ltr'><strong>mrte-</strong></span> <span class='ocrx_word' id='word_1_342' title='bbox 1027 2448 1136 2493; x_wconf 74' lang='lat' dir='ltr'><strong>mursae</strong></span> <span class='ocrx_word' id='word_1_343' title='bbox 1149 2440 1192 2490; x_wconf 89' lang='lat' dir='ltr'><strong>est</strong></span> <span class='ocrx_word' id='word_1_344' title='bbox 1208 2431 1244 2491; x_wconf 88' lang='lat' dir='ltr'><strong>ab</strong></span> <span class='ocrx_word' id='word_1_345' title='bbox 1264 2448 1298 2491; x_wconf 89' lang='lat' dir='ltr'><strong>ea</strong></span> <span class='ocrx_word' id='word_1_346' title='bbox 1324 2435 1383 2507; x_wconf 85' lang='lat' dir='ltr'><strong>ipse</strong></span> <span class='ocrx_word' id='word_1_347' title='bbox 1420 2434 1556 2508; x_wconf 88' lang='lat' dir='ltr'><strong>acceperit</strong></span> <span class='ocrx_word' id='word_1_348' title='bbox 1577 2443 1604 2493; x_wconf 88' lang='lat' dir='ltr'><strong>et</strong></span> <span class='ocrx_word' id='word_1_349' title='bbox 1629 2433 1774 2493; x_wconf 86' lang='lat' dir='ltr'><strong>consilinm</strong></span> <span class='ocrx_word' id='word_1_350' title='bbox 1799 2440 1830 2491; x_wconf 86' lang='lat' dir='ltr'><strong>ct</strong></span> 
     </span>
     <span class='ocr_line' id='line_1_26' title="bbox 170 2521 1830 2605; baseline -0.011 -12"><span class='ocrx_word' id='word_1_351' title='bbox 170 2533 218 2593; x_wconf 78' lang='lat' dir='ltr'><strong>rim</strong></span> <span class='ocrx_word' id='word_1_352' title='bbox 244 2533 270 2571; x_wconf 79' lang='lat'><strong>⁸²</strong></span> <span class='ocrx_word' id='word_1_353' title='bbox 301 2540 463 2605; x_wconf 88' lang='lat' dir='ltr'><strong>utrumqne,</strong></span> <span class='ocrx_word' id='word_1_354' title='bbox 490 2527 627 2585; x_wconf 83' lang='lat' dir='ltr'><strong>uidebitur</strong></span> <span class='ocrx_word' id='word_1_355' title='bbox 654 2525 767 2582; x_wconf 82' lang='lat' dir='ltr'><strong>matmiu</strong></span> <span class='ocrx_word' id='word_1_356' title='bbox 801 2524 881 2583; x_wconf 85' lang='lat' dir='ltr'><strong>etiem</strong></span> <span class='ocrx_word' id='word_1_357' title='bbox 907 2524 974 2583; x_wconf 90' lang='lat' dir='ltr'><strong>boni</strong></span> <span class='ocrx_word' id='word_1_358' title='bbox 1029 2529 1169 2581; x_wconf 85' lang='lat' dir='ltr'><strong>tractatum</strong></span> <span class='ocrx_word' id='word_1_359' title='bbox 1182 2521 1378 2595; x_wconf 86' lang='lat' dir='ltr'><strong>dispositionis,</strong></span> <span class='ocrx_word' id='word_1_360' title='bbox 1404 2530 1434 2579; x_wconf 91' lang='lat' dir='ltr'><strong>nt</strong></span> <span class='ocrx_word' id='word_1_361' title='bbox 1452 2522 1478 2563; x_wconf 77' lang='lat'><strong>⁹²</strong></span> <span class='ocrx_word' id='word_1_362' title='bbox 1505 2522 1575 2583; x_wconf 83' lang='lat' dir='ltr'><strong>viem</strong></span> <span class='ocrx_word' id='word_1_363' title='bbox 1596 2522 1780 2596; x_wconf 77' lang='lat' dir='ltr'><strong>intelb&#39;gentie</strong></span> <span class='ocrx_word' id='word_1_364' title='bbox 1798 2529 1830 2580; x_wconf 88' lang='lat' dir='ltr'><strong>et</strong></span> 
     </span>
     <span class='ocr_line' id='line_1_27' title="bbox 170 2609 1827 2690; baseline -0.013 -1"><span class='ocrx_word' id='word_1_365' title='bbox 170 2622 292 2690; x_wconf 56' lang='lat' dir='ltr'><strong>mittin</strong></span> <span class='ocrx_word' id='word_1_366' title='bbox 321 2620 392 2677; x_wconf 86' lang='lat' dir='ltr'><strong>melu</strong></span> <span class='ocrx_word' id='word_1_367' title='bbox 415 2625 507 2675; x_wconf 88' lang='lat' dir='ltr'><strong>autem</strong></span> <span class='ocrx_word' id='word_1_368' title='bbox 534 2617 562 2673; x_wconf 93' lang='lat' dir='ltr'><strong>in</strong></span> <span class='ocrx_word' id='word_1_369' title='bbox 585 2622 673 2673; x_wconf 90' lang='lat' dir='ltr'><strong>totum</strong></span> <span class='ocrx_word' id='word_1_370' title='bbox 694 2612 808 2673; x_wconf 87' lang='lat' dir='ltr'><strong>materia</strong></span> <span class='ocrx_word' id='word_1_371' title='bbox 828 2612 896 2671; x_wconf 90' lang='lat' dir='ltr'><strong>boni</strong></span> <span class='ocrx_word' id='word_1_372' title='bbox 918 2630 973 2675; x_wconf 88' lang='lat' dir='ltr'><strong>non</strong></span> <span class='ocrx_word' id='word_1_373' title='bbox 1026 2610 1153 2669; x_wconf 77' lang='lat' dir='ltr'><strong>ecienuae.</strong></span> <span class='ocrx_word' id='word_1_374' title='bbox 1169 2612 1220 2670; x_wconf 85' lang='lat' dir='ltr'><strong>Pro</strong></span> <span class='ocrx_word' id='word_1_375' title='bbox 1241 2610 1372 2686; x_wconf 74' lang='lat' dir='ltr'><strong>quilitete</strong></span> <span class='ocrx_word' id='word_1_376' title='bbox 1390 2613 1462 2668; x_wconf 90' lang='lat' dir='ltr'><strong>enim</strong></span> <span class='ocrx_word' id='word_1_377' title='bbox 1487 2611 1527 2669; x_wconf 91' lang='lat' dir='ltr'><strong>rei</strong></span> <span class='ocrx_word' id='word_1_378' title='bbox 1548 2610 1656 2685; x_wconf 86' lang='lat' dir='ltr'><strong>operari</strong></span> <span class='ocrx_word' id='word_1_379' title='bbox 1676 2609 1776 2684; x_wconf 78' lang='lat' dir='ltr'><strong>lhtbuit</strong></span> <span class='ocrx_word' id='word_1_380' title='bbox 1794 2617 1827 2668; x_wconf 83' lang='lat' dir='ltr'><strong>et</strong></span> 
     </span>
     <span class='ocr_line' id='line_1_28' title="bbox 167 2699 1829 2781; baseline -0.013 -12"><span class='ocrx_word' id='word_1_381' title='bbox 167 2710 220 2771; x_wconf 92' lang='lat' dir='ltr'><strong>erit</strong></span> <span class='ocrx_word' id='word_1_382' title='bbox 242 2709 355 2779; x_wconf 74' lang='lat' dir='ltr'><strong>matrix,</strong></span> <span class='ocrx_word' id='word_1_383' title='bbox 371 2708 396 2764; x_wconf 87' lang='lat' dir='ltr'><strong>si</strong></span> <span class='ocrx_word' id='word_1_384' title='bbox 417 2706 561 2779; x_wconf 85' lang='lat' dir='ltr'><strong>utriusque</strong></span> <span class='ocrx_word' id='word_1_385' title='bbox 600 2703 662 2773; x_wconf 84' lang='lat' dir='ltr'><strong>erit,</strong></span> <span class='ocrx_word' id='word_1_386' title='bbox 687 2708 849 2776; x_wconf 85' lang='lat' dir='ltr'><strong>utrumqne;</strong></span> <span class='ocrx_word' id='word_1_387' title='bbox 878 2704 907 2760; x_wconf 92' lang='lat' dir='ltr'><strong>in</strong></span> <span class='ocrx_word' id='word_1_388' title='bbox 922 2706 973 2763; x_wconf 91' lang='lat' dir='ltr'><strong>boc</strong></span> <span class='ocrx_word' id='word_1_389' title='bbox 1026 2701 1176 2759; x_wconf 87' lang='lat' dir='ltr'><strong>secundum</strong></span> <span class='ocrx_word' id='word_1_390' title='bbox 1195 2701 1334 2781; x_wconf 78' lang='lat' dir='ltr'><strong>ingenium</strong></span> <span class='ocrx_word' id='word_1_391' title='bbox 1357 2702 1486 2769; x_wconf 84' lang='lat' dir='ltr'><strong>materiae,</strong></span> <span class='ocrx_word' id='word_1_392' title='bbox 1502 2715 1556 2759; x_wconf 89' lang='lat' dir='ltr'><strong>nun</strong></span> <span class='ocrx_word' id='word_1_393' title='bbox 1576 2699 1727 2759; x_wconf 81' lang='lat' dir='ltr'><strong>secundum</strong></span> <span class='ocrx_word' id='word_1_394' title='bbox 1747 2715 1829 2757; x_wconf 73' lang='lat' dir='ltr'><strong>epum</strong></span> 
     </span>
     <span class='ocr_line' id='line_1_29' title="bbox 166 2786 1829 2875; baseline -0.009 -15"><span class='ocrx_word' id='word_1_395' title='bbox 166 2815 278 2875; x_wconf 87' lang='lat' dir='ltr'><strong>qnoque</strong></span> <span class='ocrx_word' id='word_1_396' title='bbox 291 2796 492 2870; x_wconf 81' lang='lat' dir='ltr'><strong>comparabitur</strong></span> <span class='ocrx_word' id='word_1_397' title='bbox 505 2795 564 2851; x_wconf 88' lang='lat' dir='ltr'><strong>Deo</strong></span> <span class='ocrx_word' id='word_1_398' title='bbox 592 2793 715 2864; x_wconf 83' lang='lat' dir='ltr'><strong>materie,</strong></span> <span class='ocrx_word' id='word_1_399' title='bbox 731 2803 760 2850; x_wconf 89' lang='lat' dir='ltr'><strong>et</strong></span> <span class='ocrx_word' id='word_1_400' title='bbox 777 2800 870 2864; x_wconf 86' lang='lat' dir='ltr'><strong>partes</strong></span> <span class='ocrx_word' id='word_1_401' title='bbox 893 2805 974 2853; x_wconf 90' lang='lat' dir='ltr'><strong>erunt</strong></span> <span class='ocrx_word' id='word_1_402' title='bbox 1025 2789 1176 2861; x_wconf 80' lang='lat' dir='ltr'><strong>arbitrium,</strong></span> <span class='ocrx_word' id='word_1_403' title='bbox 1200 2789 1267 2848; x_wconf 90' lang='lat' dir='ltr'><strong>adeo</strong></span> <span class='ocrx_word' id='word_1_404' title='bbox 1290 2798 1321 2848; x_wconf 92' lang='lat' dir='ltr'><strong>ut</strong></span> <span class='ocrx_word' id='word_1_405' title='bbox 1332 2790 1405 2847; x_wconf 89' lang='lat' dir='ltr'><strong>mala</strong></span> <span class='ocrx_word' id='word_1_406' title='bbox 1420 2804 1470 2862; x_wconf 92' lang='lat' dir='ltr'><strong>pro</strong></span> <span class='ocrx_word' id='word_1_407' title='bbox 1489 2796 1595 2858; x_wconf 90' lang='lat' dir='ltr'><strong>natura,</strong></span> <span class='ocrx_word' id='word_1_408' title='bbox 1622 2803 1679 2848; x_wconf 89' lang='lat' dir='ltr'><strong>nou</strong></span> <span class='ocrx_word' id='word_1_409' title='bbox 1699 2803 1759 2862; x_wconf 85' lang='lat' dir='ltr'><strong>sna,</strong></span> <span class='ocrx_word' id='word_1_410' title='bbox 1775 2786 1829 2846; x_wconf 80' lang='lat' dir='ltr'><strong>sed</strong></span> 
     </span>
    </p>
   </div>
   <div class='ocr_carea' id='block_1_3' title="bbox 54 2877 1315 2960">
    <p class='ocr_par' dir='ltr' id='par_1_3' title="bbox 54 2877 1315 2960">
     <span class='ocr_line' id='line_1_30' title="bbox 54 2877 1315 2960; baseline -0.01 -11"><span class='ocrx_word' id='word_1_411' title='bbox 54 2943 57 2949; x_wconf 90' lang='lat'>.</span> <span class='ocrx_word' id='word_1_412' title='bbox 165 2888 256 2954; x_wconf 87' lang='lat' dir='ltr'><strong>umbo,</strong></span> <span class='ocrx_word' id='word_1_413' title='bbox 270 2903 303 2944; x_wconf 82' lang='lat' dir='ltr'><strong>ex</strong></span> <span class='ocrx_word' id='word_1_414' title='bbox 318 2900 397 2960; x_wconf 82' lang='lat' dir='ltr'><strong>oeqnn</strong></span> <span class='ocrx_word' id='word_1_415' title='bbox 411 2883 478 2940; x_wconf 90' lang='lat' dir='ltr'><strong>mali</strong></span> <span class='ocrx_word' id='word_1_416' title='bbox 499 2898 532 2941; x_wconf 84' lang='lat' dir='ltr'><strong>uc</strong></span> <span class='ocrx_word' id='word_1_417' title='bbox 544 2882 609 2939; x_wconf 93' lang='lat' dir='ltr'><strong>boui</strong></span> <span class='ocrx_word' id='word_1_418' title='bbox 632 2879 749 2954; x_wconf 76' lang='lat' dir='ltr'><strong>clines,</strong></span> <span class='ocrx_word' id='word_1_419' title='bbox 765 2882 867 2957; x_wconf 83' lang='lat' dir='ltr'><strong>aequeri</strong></span> <span class='ocrx_word' id='word_1_420' title='bbox 881 2894 973 2941; x_wconf 84' lang='lat' dir='ltr'><strong>entem</strong></span> <span class='ocrx_word' id='word_1_421' title='bbox 1026 2877 1195 2950; x_wconf 73' lang='lat' dir='ltr'><strong>substantie,</strong></span> <span class='ocrx_word' id='word_1_422' title='bbox 1212 2878 1315 2938; x_wconf 87' lang='lat' dir='ltr'><strong>iecerit.</strong></span> 
     </span>
    </p>
   </div>
   <div class='ocr_carea' id='block_1_4' title="bbox 103 2958 1829 4288">
    <p class='ocr_par' dir='ltr' id='par_1_4' title="bbox 103 2958 1829 4288">
     <span class='ocr_line' id='line_1_31' title="bbox 164 2958 1599 3081; baseline 0.001 -50"><span class='ocrx_word' id='word_1_423' title='bbox 164 2976 224 3035; x_wconf 86' lang='lat' dir='ltr'><strong>Deo</strong></span> <span class='ocrx_word' id='word_1_424' title='bbox 251 2973 363 3030; x_wconf 83' lang='lat' dir='ltr'><strong>meteria</strong></span> <span class='ocrx_word' id='word_1_425' title='bbox 386 2987 443 3029; x_wconf 92' lang='lat' dir='ltr'><strong>nou</strong></span> <span class='ocrx_word' id='word_1_426' title='bbox 460 2971 551 3042; x_wconf 90' lang='lat' dir='ltr'><strong>debet,</strong></span> <span class='ocrx_word' id='word_1_427' title='bbox 578 2986 614 3028; x_wconf 91' lang='lat' dir='ltr'><strong>ne</strong></span> <span class='ocrx_word' id='word_1_428' title='bbox 651 2970 721 3030; x_wconf 87' lang='lat' dir='ltr'><strong>duos</strong></span> <span class='ocrx_word' id='word_1_429' title='bbox 739 2970 807 3029; x_wconf 89' lang='lat' dir='ltr'><strong>deos</strong></span> <span class='ocrx_word' id='word_1_430' title='bbox 834 2971 1016 3070; x_wconf 68' lang='lat' dir='ltr'><strong>eiliciuusig</strong></span> <span class='ocrx_word' id='word_1_431' title='bbox 1314 3020 1424 3081; x_wconf 62' lang='lat' dir='ltr'>CAPUT</span> <span class='ocrx_word' id='word_1_432' title='bbox 1438 3020 1525 3080; x_wconf 66' lang='lat' dir='ltr'><strong>xvm</strong></span> <span class='ocrx_word' id='word_1_433' title='bbox 1591 2958 1599 2970; x_wconf 69' lang='grc'>’</span> 
     </span>
     <span class='ocr_line' id='line_1_32' title="bbox 166 3059 1535 3134; baseline -0.001 -13"><span class='ocrx_word' id='word_1_434' title='bbox 166 3062 285 3121; x_wconf 75' lang='lat' dir='ltr'><strong>alterum</strong></span> <span class='ocrx_word' id='word_1_435' title='bbox 310 3061 433 3130; x_wconf 90' lang='lat' dir='ltr'><strong>alterius,</strong></span> <span class='ocrx_word' id='word_1_436' title='bbox 449 3060 542 3134; x_wconf 88' lang='lat' dir='ltr'><strong>utique</strong></span> <span class='ocrx_word' id='word_1_437' title='bbox 564 3059 615 3117; x_wconf 87' lang='lat' dir='ltr'><strong>Dei</strong></span> <span class='ocrx_word' id='word_1_438' title='bbox 631 3059 657 3101; x_wconf 82' lang='grc'><strong>88</strong></span> <span class='ocrx_word' id='word_1_439' title='bbox 679 3061 793 3132; x_wconf 91' lang='lat' dir='ltr'><strong>bonum,</strong></span> <span class='ocrx_word' id='word_1_440' title='bbox 809 3069 837 3119; x_wconf 89' lang='lat' dir='ltr'><strong>et</strong></span> <span class='ocrx_word' id='word_1_441' title='bbox 849 3063 971 3120; x_wconf 81' lang='lat' dir='ltr'><strong>meteriae</strong></span> <span class='ocrx_word' id='word_1_442' title='bbox 1527 3064 1535 3078; x_wconf 91' lang='grc'><em>“</em></span> 
     </span>
     <span class='ocr_line' id='line_1_33' title="bbox 168 3143 1827 3226; baseline -0.001 -17"><span class='ocrx_word' id='word_1_443' title='bbox 168 3153 289 3220; x_wconf 75' lang='lat' dir='ltr'><strong>malum,</strong></span> <span class='ocrx_word' id='word_1_444' title='bbox 306 3150 514 3226; x_wconf 84' lang='lat' dir='ltr'><strong>nequemulum</strong></span> <span class='ocrx_word' id='word_1_445' title='bbox 537 3150 608 3221; x_wconf 90' lang='lat' dir='ltr'><strong>Deo,</strong></span> <span class='ocrx_word' id='word_1_446' title='bbox 631 3164 721 3224; x_wconf 87' lang='lat' dir='ltr'><strong>neque</strong></span> <span class='ocrx_word' id='word_1_447' title='bbox 736 3150 855 3209; x_wconf 83' lang='lat' dir='ltr'><strong>meteriae</strong></span> <span class='ocrx_word' id='word_1_448' title='bbox 870 3153 971 3209; x_wconf 90' lang='lat' dir='ltr'><strong>bonum</strong></span> <span class='ocrx_word' id='word_1_449' title='bbox 1059 3143 1089 3203; x_wconf 86' lang='lat' dir='ltr'><strong>Si</strong></span> <span class='ocrx_word' id='word_1_450' title='bbox 1117 3144 1270 3203; x_wconf 79' lang='lat' dir='ltr'><strong>necessarie</strong></span> <span class='ocrx_word' id='word_1_451' title='bbox 1287 3152 1331 3203; x_wconf 90' lang='lat' dir='ltr'><strong>eat</strong></span> <span class='ocrx_word' id='word_1_452' title='bbox 1357 3145 1416 3204; x_wconf 85' lang='lat' dir='ltr'><strong>Deo</strong></span> <span class='ocrx_word' id='word_1_453' title='bbox 1443 3143 1602 3204; x_wconf 85' lang='lat' dir='ltr'><strong>materiuad</strong></span> <span class='ocrx_word' id='word_1_454' title='bbox 1627 3159 1709 3217; x_wconf 80' lang='lat' dir='ltr'><strong>opera</strong></span> <span class='ocrx_word' id='word_1_455' title='bbox 1732 3143 1827 3207; x_wconf 82' lang='lat' dir='ltr'><strong>mnndi</strong></span> 
     </span>
     <span class='ocr_line' id='line_1_34' title="bbox 169 3232 1824 3307; baseline -0.004 -10"><span class='ocrx_word' id='word_1_456' title='bbox 169 3237 334 3297; x_wconf 79' lang='lat' dir='ltr'><strong>ascribitur:</strong></span> <span class='ocrx_word' id='word_1_457' title='bbox 357 3234 469 3292; x_wconf 87' lang='lat' dir='ltr'><strong>etbnnn</strong></span> <span class='ocrx_word' id='word_1_458' title='bbox 482 3241 572 3292; x_wconf 86' lang='lat' dir='ltr'><strong>eutem</strong></span> <span class='ocrx_word' id='word_1_459' title='bbox 586 3241 615 3291; x_wconf 90' lang='lat' dir='ltr'><strong>et</strong></span> <span class='ocrx_word' id='word_1_460' title='bbox 633 3236 704 3292; x_wconf 85' lang='lat' dir='ltr'><strong>mule</strong></span> <span class='ocrx_word' id='word_1_461' title='bbox 730 3236 813 3306; x_wconf 87' lang='lat' dir='ltr'><strong>Deus,</strong></span> <span class='ocrx_word' id='word_1_462' title='bbox 829 3235 865 3294; x_wconf 91' lang='lat' dir='ltr'><strong>de</strong></span> <span class='ocrx_word' id='word_1_463' title='bbox 884 3245 972 3294; x_wconf 91' lang='lat' dir='ltr'><strong>mate·</strong></span> <span class='ocrx_word' id='word_1_464' title='bbox 1025 3241 1056 3290; x_wconf 90' lang='lat' dir='ltr'><strong>nt</strong></span> <span class='ocrx_word' id='word_1_465' title='bbox 1066 3234 1249 3307; x_wconf 82' lang='lat' dir='ltr'><strong>Hermogenes</strong></span> <span class='ocrx_word' id='word_1_466' title='bbox 1275 3234 1447 3304; x_wconf 82' lang='lat' dir='ltr'><strong>existimavit,</strong></span> <span class='ocrx_word' id='word_1_467' title='bbox 1463 3234 1559 3293; x_wconf 89' lang='lat' dir='ltr'><strong>babuit</strong></span> <span class='ocrx_word' id='word_1_468' title='bbox 1594 3234 1671 3292; x_wconf 88' lang='lat' dir='ltr'><strong>Deus</strong></span> <span class='ocrx_word' id='word_1_469' title='bbox 1683 3232 1824 3291; x_wconf 72' lang='lat' dir='ltr'><strong>materiam</strong></span> 
     </span>
     <span class='ocr_line' id='line_1_35' title="bbox 169 3322 1825 3397; baseline -0.001 -14"><span class='ocrx_word' id='word_1_470' title='bbox 169 3325 210 3383; x_wconf 87' lang='lat' dir='ltr'><strong>ria</strong></span> <span class='ocrx_word' id='word_1_471' title='bbox 223 3323 359 3393; x_wconf 86' lang='lat' dir='ltr'><strong>iaciendo,</strong></span> <span class='ocrx_word' id='word_1_472' title='bbox 373 3339 435 3383; x_wconf 89' lang='lat' dir='ltr'><strong>cum</strong></span> <span class='ocrx_word' id='word_1_473' title='bbox 458 3338 491 3379; x_wconf 89' lang='lat' dir='ltr'><strong>ea</strong></span> <span class='ocrx_word' id='word_1_474' title='bbox 515 3322 588 3381; x_wconf 86' lang='lat' dir='ltr'><strong>iecit.</strong></span> <span class='ocrx_word' id='word_1_475' title='bbox 605 3323 669 3381; x_wconf 79' lang='lat' dir='ltr'><strong>llmc</strong></span> <span class='ocrx_word' id='word_1_476' title='bbox 683 3323 707 3379; x_wconf 83' lang='lat' dir='ltr'><strong>ai</strong></span> <span class='ocrx_word' id='word_1_477' title='bbox 735 3323 774 3382; x_wconf 88' lang='lat' dir='ltr'><strong>ite</strong></span> <span class='ocrx_word' id='word_1_478' title='bbox 787 3333 860 3395; x_wconf 92' lang='lat' dir='ltr'><strong>sunt,</strong></span> <span class='ocrx_word' id='word_1_479' title='bbox 876 3325 970 3382; x_wconf 87' lang='lat' dir='ltr'><strong>nescio</strong></span> <span class='ocrx_word' id='word_1_480' title='bbox 1024 3323 1104 3397; x_wconf 87' lang='lat' dir='ltr'><strong>longe</strong></span> <span class='ocrx_word' id='word_1_481' title='bbox 1118 3322 1269 3396; x_wconf 71' lang='lat' dir='ltr'><strong>digniorem</strong></span> <span class='ocrx_word' id='word_1_482' title='bbox 1283 3331 1311 3380; x_wconf 90' lang='lat' dir='ltr'><strong>et</strong></span> <span class='ocrx_word' id='word_1_483' title='bbox 1332 3324 1512 3396; x_wconf 88' lang='lat' dir='ltr'><strong>idoneiorem,</strong></span> <span class='ocrx_word' id='word_1_484' title='bbox 1527 3339 1581 3382; x_wconf 92' lang='lat' dir='ltr'><strong>non</strong></span> <span class='ocrx_word' id='word_1_485' title='bbox 1603 3323 1676 3396; x_wconf 82' lang='lat' dir='ltr'><strong>opud</strong></span> <span class='ocrx_word' id='word_1_486' title='bbox 1697 3323 1825 3396; x_wconf 85' lang='lat' dir='ltr'><strong>philoso-</strong></span> 
     </span>
     <span class='ocr_line' id='line_1_36' title="bbox 169 3410 1825 3489; baseline 0.001 -17"><span class='ocrx_word' id='word_1_487' title='bbox 169 3428 225 3489; x_wconf 86' lang='lat' dir='ltr'><strong>qua</strong></span> <span class='ocrx_word' id='word_1_488' title='bbox 251 3412 338 3486; x_wconf 85' lang='lat' dir='ltr'><strong>possit</strong></span> <span class='ocrx_word' id='word_1_489' title='bbox 364 3411 482 3472; x_wconf 76' lang='lat' dir='ltr'><strong>evidere</strong></span> <span class='ocrx_word' id='word_1_490' title='bbox 509 3410 643 3469; x_wconf 82' lang='lat' dir='ltr'><strong>sententia</strong></span> <span class='ocrx_word' id='word_1_491' title='bbox 680 3411 862 3485; x_wconf 72' lang='lat' dir='ltr'><strong>Hermogenis</strong></span> <span class='ocrx_word' id='word_1_492' title='bbox 882 3412 909 3452; x_wconf 77' lang='lat'><strong>⁸⁴</strong></span> <span class='ocrx_word' id='word_1_493' title='bbox 923 3412 972 3487; x_wconf 85' lang='lat' dir='ltr'><strong>qui</strong></span> <span class='ocrx_word' id='word_1_494' title='bbox 1024 3413 1094 3487; x_wconf 89' lang='lat' dir='ltr'><strong>phoa</strong></span> <span class='ocrx_word' id='word_1_495' title='bbox 1107 3412 1305 3485; x_wconf 83' lang='lat' dir='ltr'><strong>aestimundum,</strong></span> <span class='ocrx_word' id='word_1_496' title='bbox 1320 3413 1368 3472; x_wconf 87' lang='lat' dir='ltr'><strong>sed</strong></span> <span class='ocrx_word' id='word_1_497' title='bbox 1399 3414 1472 3487; x_wconf 91' lang='lat' dir='ltr'><strong>apud</strong></span> <span class='ocrx_word' id='word_1_498' title='bbox 1493 3416 1640 3487; x_wconf 83' lang='lat' dir='ltr'><strong>prophetes</strong></span> <span class='ocrx_word' id='word_1_499' title='bbox 1665 3412 1825 3487; x_wconf 80' lang='lat' dir='ltr'><strong>intelligan-</strong></span> 
     </span>
     <span class='ocr_line' id='line_1_37' title="bbox 170 3499 1828 3576; baseline 0 -17"><span class='ocrx_word' id='word_1_500' title='bbox 170 3501 259 3561; x_wconf 87' lang='lat' dir='ltr'><strong>Deum</strong></span> <span class='ocrx_word' id='word_1_501' title='bbox 273 3502 308 3569; x_wconf 85' lang='lat'><strong>⁸⁵,</strong></span> <span class='ocrx_word' id='word_1_502' title='bbox 325 3499 528 3575; x_wconf 88' lang='lat' dir='ltr'><strong>qunquemodo</strong></span> <span class='ocrx_word' id='word_1_503' title='bbox 542 3500 577 3556; x_wconf 93' lang='lat' dir='ltr'><strong>de</strong></span> <span class='ocrx_word' id='word_1_504' title='bbox 591 3499 701 3558; x_wconf 85' lang='lat' dir='ltr'><strong>materia</strong></span> <span class='ocrx_word' id='word_1_505' title='bbox 715 3500 817 3559; x_wconf 88' lang='lat' dir='ltr'><strong>mulum</strong></span> <span class='ocrx_word' id='word_1_506' title='bbox 838 3501 971 3575; x_wconf 84' lang='lat' dir='ltr'><strong>condidit,</strong></span> <span class='ocrx_word' id='word_1_507' title='bbox 1025 3502 1096 3569; x_wconf 86' lang='lat' dir='ltr'><strong>dum,</strong></span> <span class='ocrx_word' id='word_1_508' title='bbox 1119 3501 1251 3575; x_wconf 88' lang='lat' dir='ltr'><strong>Sopbiam</strong></span> <span class='ocrx_word' id='word_1_509' title='bbox 1277 3518 1356 3560; x_wconf 87' lang='lat' dir='ltr'><strong>snum</strong></span> <span class='ocrx_word' id='word_1_510' title='bbox 1377 3503 1481 3562; x_wconf 88' lang='lat' dir='ltr'><strong>scilicet</strong></span> <span class='ocrx_word' id='word_1_511' title='bbox 1506 3504 1580 3576; x_wconf 72' lang='lat' dir='ltr'><strong>(bil,</strong></span> <span class='ocrx_word' id='word_1_512' title='bbox 1622 3504 1681 3561; x_wconf 86' lang='lat' dir='ltr'><strong>haec</strong></span> <span class='ocrx_word' id='word_1_513' title='bbox 1707 3500 1828 3574; x_wconf 81' lang='lat' dir='ltr'><strong>denique</strong></span> 
     </span>
     <span class='ocr_line' id='line_1_38' title="bbox 171 3587 1827 3663; baseline 0.001 -16"><span class='ocrx_word' id='word_1_514' title='bbox 171 3589 229 3649; x_wconf 86' lang='lat' dir='ltr'><strong>aire</strong></span> <span class='ocrx_word' id='word_1_515' title='bbox 243 3590 393 3657; x_wconf 84' lang='lat' dir='ltr'><strong>voluntate,</strong></span> <span class='ocrx_word' id='word_1_516' title='bbox 418 3588 476 3646; x_wconf 87' lang='lat' dir='ltr'><strong>sive</strong></span> <span class='ocrx_word' id='word_1_517' title='bbox 500 3588 673 3657; x_wconf 77' lang='lat' dir='ltr'><strong>necessitate,</strong></span> <span class='ocrx_word' id='word_1_518' title='bbox 688 3587 750 3647; x_wconf 85' lang='lat' dir='ltr'><strong>sire</strong></span> <span class='ocrx_word' id='word_1_519' title='bbox 773 3589 890 3660; x_wconf 88' lang='lat' dir='ltr'><strong>ratione,</strong></span> <span class='ocrx_word' id='word_1_520' title='bbox 917 3608 972 3651; x_wconf 93' lang='lat' dir='ltr'><strong>nou</strong></span> <span class='ocrx_word' id='word_1_521' title='bbox 1025 3591 1084 3648; x_wconf 88' lang='lat' dir='ltr'><strong>sula</strong></span> <span class='ocrx_word' id='word_1_522' title='bbox 1101 3592 1227 3663; x_wconf 84' lang='lat' dir='ltr'><strong>cognovit</strong></span> <span class='ocrx_word' id='word_1_523' title='bbox 1250 3607 1362 3649; x_wconf 88' lang='lat' dir='ltr'><strong>sensum</strong></span> <span class='ocrx_word' id='word_1_524' title='bbox 1375 3591 1497 3650; x_wconf 87' lang='lat' dir='ltr'><strong>Domini.</strong></span> <span class='ocrx_word' id='word_1_525' title='bbox 1512 3591 1581 3662; x_wconf 86' lang='lat' dir='ltr'><strong>Quis</strong></span> <span class='ocrx_word' id='word_1_526' title='bbox 1605 3591 1678 3649; x_wconf 87' lang='lat' dir='ltr'><strong>euim</strong></span> <span class='ocrx_word' id='word_1_527' title='bbox 1692 3591 1746 3649; x_wconf 86' lang='lat' dir='ltr'><strong>acit</strong></span> <span class='ocrx_word' id='word_1_528' title='bbox 1763 3604 1827 3663; x_wconf 74' lang='lat' dir='ltr'><strong>unm</strong></span> 
     </span>
     <span class='ocr_line' id='line_1_39' title="bbox 171 3677 1826 3759; baseline 0.003 -25"><span class='ocrx_word' id='word_1_529' title='bbox 171 3686 249 3749; x_wconf 88' lang='lat' dir='ltr'><strong>putet</strong></span> <span class='ocrx_word' id='word_1_530' title='bbox 272 3678 336 3735; x_wconf 81' lang='lat' dir='ltr'><strong>ntuli</strong></span> <span class='ocrx_word' id='word_1_531' title='bbox 364 3681 515 3735; x_wconf 88' lang='lat' dir='ltr'><strong>auctorem.</strong></span> <span class='ocrx_word' id='word_1_532' title='bbox 548 3677 643 3747; x_wconf 86' lang='lat' dir='ltr'><strong>Porro,</strong></span> <span class='ocrx_word' id='word_1_533' title='bbox 671 3677 695 3732; x_wconf 89' lang='lat' dir='ltr'><strong>si</strong></span> <span class='ocrx_word' id='word_1_534' title='bbox 720 3678 786 3734; x_wconf 85' lang='lat' dir='ltr'><strong>meli</strong></span> <span class='ocrx_word' id='word_1_535' title='bbox 808 3687 903 3738; x_wconf 91' lang='lat' dir='ltr'><strong>auctor</strong></span> <span class='ocrx_word' id='word_1_536' title='bbox 929 3692 971 3738; x_wconf 89' lang='lat' dir='ltr'><strong>eat</strong></span> <span class='ocrx_word' id='word_1_537' title='bbox 1025 3679 1158 3750; x_wconf 82' lang='lat' dir='ltr'><strong>suntliei,</strong></span> <span class='ocrx_word' id='word_1_538' title='bbox 1178 3687 1281 3753; x_wconf 83' lang='lat' dir='ltr'><strong>etquae</strong></span> <span class='ocrx_word' id='word_1_539' title='bbox 1296 3681 1409 3759; x_wconf 79' lang='lat' dir='ltr'><strong>inipso,</strong></span> <span class='ocrx_word' id='word_1_540' title='bbox 1424 3679 1478 3739; x_wconf 93' lang='lat' dir='ltr'><strong>nisi</strong></span> <span class='ocrx_word' id='word_1_541' title='bbox 1499 3680 1617 3753; x_wconf 86' lang='lat' dir='ltr'><strong>Spiritus</strong></span> <span class='ocrx_word' id='word_1_542' title='bbox 1633 3680 1679 3756; x_wconf 89' lang='lat' dir='ltr'><strong>qni</strong></span> <span class='ocrx_word' id='word_1_543' title='bbox 1701 3681 1729 3737; x_wconf 90' lang='lat' dir='ltr'><strong>iu</strong></span> <span class='ocrx_word' id='word_1_544' title='bbox 1742 3677 1826 3752; x_wconf 68' lang='lat' dir='ltr'><strong>ipso!</strong></span> 
     </span>
     <span class='ocr_line' id='line_1_40' title="bbox 103 3764 1828 3843; baseline 0.002 -22"><span class='ocrx_word' id='word_1_545' title='bbox 103 3780 107 3787; x_wconf 83' lang='grc'><strong>’</strong></span> <span class='ocrx_word' id='word_1_546' title='bbox 171 3764 233 3843; x_wconf 89' lang='lat' dir='ltr'><strong>ipse</strong></span> <span class='ocrx_word' id='word_1_547' title='bbox 246 3768 294 3840; x_wconf 90' lang='lat' dir='ltr'><strong>qni</strong></span> <span class='ocrx_word' id='word_1_548' title='bbox 317 3764 393 3833; x_wconf 87' lang='lat' dir='ltr'><strong>fecit,</strong></span> <span class='ocrx_word' id='word_1_549' title='bbox 407 3765 488 3837; x_wconf 88' lang='lat' dir='ltr'><strong>plane</strong></span> <span class='ocrx_word' id='word_1_550' title='bbox 515 3764 589 3821; x_wconf 90' lang='lat' dir='ltr'><strong>socia</strong></span> <span class='ocrx_word' id='word_1_551' title='bbox 605 3766 719 3823; x_wconf 89' lang='lat' dir='ltr'><strong>materia</strong></span> <span class='ocrx_word' id='word_1_552' title='bbox 739 3782 791 3839; x_wconf 89' lang='lat' dir='ltr'><strong>per</strong></span> <span class='ocrx_word' id='word_1_553' title='bbox 814 3768 972 3826; x_wconf 77' lang='lat' dir='ltr'><strong>substantiis</strong></span> <span class='ocrx_word' id='word_1_554' title='bbox 1025 3767 1113 3839; x_wconf 84' lang='lat' dir='ltr'><strong>(ldor.</strong></span> <span class='ocrx_word' id='word_1_555' title='bbox 1142 3783 1174 3840; x_wconf 89' lang='grc' dir='ltr'><strong>ιι,</strong></span> <span class='ocrx_word' id='word_1_556' title='bbox 1199 3768 1255 3842; x_wconf 89' lang='lat' dir='ltr'><strong>ll).</strong></span> <span class='ocrx_word' id='word_1_557' title='bbox 1280 3767 1384 3841; x_wconf 79' lang='lat' dir='ltr'><strong>Sophite</strong></span> <span class='ocrx_word' id='word_1_558' title='bbox 1406 3776 1498 3827; x_wconf 89' lang='lat' dir='ltr'><strong>aulem</strong></span> <span class='ocrx_word' id='word_1_559' title='bbox 1522 3769 1649 3842; x_wconf 83' lang='lat' dir='ltr'><strong>Spiritus,</strong></span> <span class='ocrx_word' id='word_1_560' title='bbox 1672 3770 1732 3827; x_wconf 82' lang='lat' dir='ltr'><strong>haec</strong></span> <span class='ocrx_word' id='word_1_561' title='bbox 1745 3766 1828 3825; x_wconf 83' lang='lat' dir='ltr'><strong>iltt⁹²</strong></span> 
     </span>
     <span class='ocr_line' id='line_1_41' title="bbox 172 3850 1826 3934; baseline 0.001 -23"><span class='ocrx_word' id='word_1_562' title='bbox 172 3860 332 3931; x_wconf 86' lang='lat' dir='ltr'><strong>suggestum</strong></span> <span class='ocrx_word' id='word_1_563' title='bbox 359 3853 429 3924; x_wconf 74' lang='lat' dir='ltr'><strong>(ab),</strong></span> <span class='ocrx_word' id='word_1_564' title='bbox 458 3850 620 3909; x_wconf 73' lang='lat' dir='ltr'><strong>excludis8⁶</strong></span> <span class='ocrx_word' id='word_1_565' title='bbox 634 3852 692 3924; x_wconf 86' lang='lat' dir='ltr'><strong>jem</strong></span> <span class='ocrx_word' id='word_1_566' title='bbox 721 3867 832 3911; x_wconf 81' lang='lat' dir='ltr'><strong>censum</strong></span> <span class='ocrx_word' id='word_1_567' title='bbox 852 3855 971 3912; x_wconf 83' lang='lat' dir='ltr'><strong>materiae</strong></span> <span class='ocrx_word' id='word_1_568' title='bbox 1024 3856 1195 3914; x_wconf 84' lang='lat' dir='ltr'><strong>consiliarius</strong></span> <span class='ocrx_word' id='word_1_569' title='bbox 1214 3856 1275 3925; x_wconf 86' lang='lat' dir='ltr'><strong>luit,</strong></span> <span class='ocrx_word' id='word_1_570' title='bbox 1302 3857 1546 3934; x_wconf 87' lang='lat' dir='ltr'><strong>vieintelligentiae</strong></span> <span class='ocrx_word' id='word_1_571' title='bbox 1560 3868 1587 3917; x_wconf 91' lang='lat' dir='ltr'><strong>et</strong></span> <span class='ocrx_word' id='word_1_572' title='bbox 1615 3857 1736 3916; x_wconf 85' lang='lat' dir='ltr'><strong>scientiae</strong></span> <span class='ocrx_word' id='word_1_573' title='bbox 1762 3857 1826 3930; x_wconf 86' lang='lat' dir='ltr'><strong>ipsa</strong></span> 
     </span>
     <span class='ocr_line' id='line_1_42' title="bbox 171 3939 1828 4024; baseline 0.005 -25"><span class='ocrx_word' id='word_1_574' title='bbox 171 3940 388 4000; x_wconf 84' lang='lat' dir='ltr'><strong>introducendae.</strong></span> <span class='ocrx_word' id='word_1_575' title='bbox 415 3939 602 3997; x_wconf 90' lang='lat' dir='ltr'><strong>Nihilominus</strong></span> <span class='ocrx_word' id='word_1_576' title='bbox 614 3941 700 4012; x_wconf 91' lang='lat' dir='ltr'><strong>enim,</strong></span> <span class='ocrx_word' id='word_1_577' title='bbox 724 3952 752 4000; x_wconf 92' lang='lat' dir='ltr'><strong>et</strong></span> <span class='ocrx_word' id='word_1_578' title='bbox 769 3960 820 4016; x_wconf 89' lang='lat' dir='ltr'><strong>per</strong></span> <span class='ocrx_word' id='word_1_579' title='bbox 832 3946 972 4003; x_wconf 83' lang='lat' dir='ltr'><strong>materirm</strong></span> <span class='ocrx_word' id='word_1_580' title='bbox 1026 3954 1069 4005; x_wconf 86' lang='lat' dir='ltr'><strong>est</strong></span> <span class='ocrx_word' id='word_1_581' title='bbox 1086 3949 1179 4018; x_wconf 81' lang='lat' dir='ltr'><strong>(Prou</strong></span> <span class='ocrx_word' id='word_1_582' title='bbox 1195 3963 1256 4005; x_wconf 83' lang='lat' dir='ltr'><strong>rur.</strong></span> <span class='ocrx_word' id='word_1_583' title='bbox 1271 3950 1306 4005; x_wconf 80' lang='lat' dir='ltr'><strong>ti</strong></span> <span class='ocrx_word' id='word_1_584' title='bbox 1320 3954 1417 4024; x_wconf 65' lang='lat' dir='ltr'><strong>sequ).</strong></span> <span class='ocrx_word' id='word_1_585' title='bbox 1435 3950 1474 4006; x_wconf 83' lang='lat' dir='ltr'><strong>Ex</strong></span> <span class='ocrx_word' id='word_1_586' title='bbox 1488 3952 1540 4008; x_wconf 89' lang='lat' dir='ltr'><strong>bac</strong></span> <span class='ocrx_word' id='word_1_587' title='bbox 1553 3947 1627 4019; x_wconf 88' lang='lat' dir='ltr'><strong>iecit,</strong></span> <span class='ocrx_word' id='word_1_588' title='bbox 1640 3946 1761 4006; x_wconf 85' lang='lat' dir='ltr'><strong>iaciendo</strong></span> <span class='ocrx_word' id='word_1_589' title='bbox 1772 3962 1828 4021; x_wconf 85' lang='lat' dir='ltr'><strong>par</strong></span> 
     </span>
     <span class='ocr_line' id='line_1_43' title="bbox 172 4027 1827 4112; baseline 0.004 -23"><span class='ocrx_word' id='word_1_590' title='bbox 172 4030 248 4089; x_wconf 86' lang='lat' dir='ltr'><strong>Deus</strong></span> <span class='ocrx_word' id='word_1_591' title='bbox 270 4038 364 4088; x_wconf 90' lang='lat' dir='ltr'><strong>auctor</strong></span> <span class='ocrx_word' id='word_1_592' title='bbox 385 4029 450 4086; x_wconf 89' lang='lat' dir='ltr'><strong>mali</strong></span> <span class='ocrx_word' id='word_1_593' title='bbox 464 4027 626 4100; x_wconf 84' lang='lat' dir='ltr'><strong>ostenditur,</strong></span> <span class='ocrx_word' id='word_1_594' title='bbox 647 4032 673 4087; x_wconf 88' lang='lat' dir='ltr'><strong>si</strong></span> <span class='ocrx_word' id='word_1_595' title='bbox 698 4031 761 4090; x_wconf 90' lang='lat' dir='ltr'><strong>ideo</strong></span> <span class='ocrx_word' id='word_1_596' title='bbox 777 4033 890 4091; x_wconf 81' lang='lat' dir='ltr'><strong>mereris</strong></span> <span class='ocrx_word' id='word_1_597' title='bbox 903 4050 974 4107; x_wconf 76' lang='lat' dir='ltr'><strong>prm·</strong></span> <span class='ocrx_word' id='word_1_598' title='bbox 1026 4035 1111 4104; x_wconf 85' lang='lat' dir='ltr'><strong>illam,</strong></span> <span class='ocrx_word' id='word_1_599' title='bbox 1127 4044 1156 4094; x_wconf 88' lang='lat' dir='ltr'><strong>at</strong></span> <span class='ocrx_word' id='word_1_600' title='bbox 1168 4036 1293 4095; x_wconf 73' lang='lat' dir='ltr'><strong>iaciendo</strong></span> <span class='ocrx_word' id='word_1_601' title='bbox 1305 4052 1369 4096; x_wconf 87' lang='lat' dir='ltr'><strong>eum</strong></span> <span class='ocrx_word' id='word_1_602' title='bbox 1387 4039 1453 4097; x_wconf 89' lang='lat' dir='ltr'><strong>illa:</strong></span> <span class='ocrx_word' id='word_1_603' title='bbox 1471 4041 1542 4099; x_wconf 78' lang='lat' dir='ltr'><strong>Corra</strong></span> <span class='ocrx_word' id='word_1_604' title='bbox 1564 4042 1682 4112; x_wconf 85' lang='lat' dir='ltr'><strong>peruret</strong></span> <span class='ocrx_word' id='word_1_605' title='bbox 1708 4038 1827 4109; x_wconf 73' lang='lat' dir='ltr'><strong>eoelsm,</strong></span> 
     </span>
     <span class='ocr_line' id='line_1_44' title="bbox 860 4131 1141 4199; baseline 0.007 -2"><span class='ocrx_word' id='word_1_606' title='bbox 860 4131 957 4197; x_wconf 75' lang='lat' dir='ltr'><strong>verim</strong></span> <span class='ocrx_word' id='word_1_607' title='bbox 982 4138 1141 4199; x_wconf 88' lang='lat' dir='ltr'><strong>lectiones.</strong></span> 
     </span>
     <span class='ocr_line' id='line_1_45' title="bbox 209 4204 1829 4288; baseline 0.01 -26"><span class='ocrx_word' id='word_1_608' title='bbox 209 4204 236 4246; x_wconf 79' lang='grc'><strong>88</strong></span> <span class='ocrx_word' id='word_1_609' title='bbox 250 4206 317 4263; x_wconf 86' lang='lat' dir='ltr'><strong>Cum</strong></span> <span class='ocrx_word' id='word_1_610' title='bbox 344 4207 485 4265; x_wconf 77' lang='lat' dir='ltr'><strong>inseritur</strong></span> <span class='ocrx_word' id='word_1_611' title='bbox 506 4207 540 4263; x_wconf 83' lang='lat' dir='ltr'><strong>ire</strong></span> <span class='ocrx_word' id='word_1_612' title='bbox 566 4209 704 4277; x_wconf 52' lang='grc' dir='ltr'><strong>σαπήῃ</strong></span> <span class='ocrx_word' id='word_1_613' title='bbox 727 4211 842 4278; x_wconf 79' lang='lat' dir='ltr'><strong>melius,</strong></span> <span class='ocrx_word' id='word_1_614' title='bbox 871 4215 914 4270; x_wconf 85' lang='lat' dir='ltr'><strong>uit</strong></span> <span class='ocrx_word' id='word_1_615' title='bbox 941 4214 1027 4271; x_wconf 73' lang='lat' dir='ltr'><strong>Semi·</strong></span> <span class='ocrx_word' id='word_1_616' title='bbox 1055 4217 1106 4288; x_wconf 81' lang='lat' dir='ltr'><strong>qui</strong></span> <span class='ocrx_word' id='word_1_617' title='bbox 1133 4218 1161 4272; x_wconf 86' lang='lat' dir='ltr'><strong>et</strong></span> <span class='ocrx_word' id='word_1_618' title='bbox 1182 4215 1289 4273; x_wconf 84' lang='lat' dir='ltr'><strong>mittit.</strong></span> <span class='ocrx_word' id='word_1_619' title='bbox 1318 4215 1345 4257; x_wconf 83' lang='grc'><strong>88</strong></span> <span class='ocrx_word' id='word_1_620' title='bbox 1372 4216 1441 4275; x_wconf 88' lang='lat' dir='ltr'><strong>Cum</strong></span> <span class='ocrx_word' id='word_1_621' title='bbox 1466 4220 1543 4278; x_wconf 80' lang='lat' dir='ltr'><strong>ebert</strong></span> <span class='ocrx_word' id='word_1_622' title='bbox 1561 4217 1608 4277; x_wconf 83' lang='lat' dir='ltr'><strong>bic</strong></span> <span class='ocrx_word' id='word_1_623' title='bbox 1634 4218 1669 4277; x_wconf 86' lang='lat' dir='ltr'><strong>ub</strong></span> <span class='ocrx_word' id='word_1_624' title='bbox 1695 4216 1829 4280; x_wconf 71' lang='lat' dir='ltr'><strong>ommibus</strong></span> 
     </span>
    </p>
   </div>
   <div class='ocr_carea' id='block_1_5' title="bbox 174 4276 1828 4429">
    <p class='ocr_par' dir='ltr' id='par_1_5' title="bbox 174 4276 1828 4429">
     <span class='ocr_line' id='line_1_46' title="bbox 174 4276 1828 4401; baseline 0.008 -67"><span class='ocrx_word' id='word_1_625' title='bbox 174 4276 199 4316; x_wconf 79' lang='lat'><strong>⁸¹</strong></span> <span class='ocrx_word' id='word_1_626' title='bbox 219 4277 294 4334; x_wconf 88' lang='lat' dir='ltr'><strong>Deus</strong></span> <span class='ocrx_word' id='word_1_627' title='bbox 315 4278 400 4336; x_wconf 81' lang='lat' dir='ltr'><strong>Semi.</strong></span> <span class='ocrx_word' id='word_1_628' title='bbox 427 4276 538 4335; x_wconf 86' lang='lat' dir='ltr'><strong>Obertb.</strong></span> <span class='ocrx_word' id='word_1_629' title='bbox 567 4279 628 4351; x_wconf 68' lang='lat' dir='ltr'><strong>itte.</strong></span> <span class='ocrx_word' id='word_1_630' title='bbox 646 4280 759 4362; x_wconf 33' lang='lat' dir='ltr'><strong>‘Wutctm</strong></span> <span class='ocrx_word' id='word_1_631' title='bbox 783 4281 832 4367; x_wconf 76' lang='lat' dir='ltr'><strong>Dei</strong></span> <span class='ocrx_word' id='word_1_632' title='bbox 857 4281 936 4340; x_wconf 86' lang='lat' dir='ltr'><strong>inerit</strong></span> <span class='ocrx_word' id='word_1_633' title='bbox 950 4286 1017 4347; x_wconf 77' lang='lat' dir='ltr'><strong>lum.</strong></span> <span class='ocrx_word' id='word_1_634' title='bbox 1032 4285 1057 4324; x_wconf 80' lang='lat'><strong>⁸²</strong></span> <span class='ocrx_word' id='word_1_635' title='bbox 1071 4285 1182 4344; x_wconf 72' lang='lat' dir='ltr'><strong>titteris</strong></span> <span class='ocrx_word' id='word_1_636' title='bbox 1196 4288 1282 4346; x_wconf 88' lang='lat' dir='ltr'><strong>Scml.</strong></span> <span class='ocrx_word' id='word_1_637' title='bbox 1300 4288 1409 4372; x_wconf 74' lang='lat' dir='ltr'><strong>Qberdt.</strong></span> <span class='ocrx_word' id='word_1_638' title='bbox 1424 4289 1450 4329; x_wconf 83' lang='grc'><strong>88</strong></span> <span class='ocrx_word' id='word_1_639' title='bbox 1464 4291 1562 4401; x_wconf 51' lang='grc' dir='ltr'>ὓιίιῧιὲι</span> <span class='ocrx_word' id='word_1_640' title='bbox 1576 4293 1636 4360; x_wconf 82' lang='lat' dir='ltr'><strong>Der,</strong></span> <span class='ocrx_word' id='word_1_641' title='bbox 1660 4291 1704 4348; x_wconf 85' lang='lat' dir='ltr'><strong>ild</strong></span> <span class='ocrx_word' id='word_1_642' title='bbox 1721 4290 1828 4349; x_wconf 87' lang='lat' dir='ltr'><strong>Wottan.</strong></span> 
     </span>
     <span class='ocr_line' id='line_1_47' title="bbox 175 4348 1828 4429; baseline 0.008 -22"><span class='ocrx_word' id='word_1_643' title='bbox 175 4353 262 4407; x_wconf 85' lang='lat' dir='ltr'><strong>recte.</strong></span> <span class='ocrx_word' id='word_1_644' title='bbox 279 4349 379 4421; x_wconf 87' lang='lat' dir='ltr'><strong>Utique</strong></span> <span class='ocrx_word' id='word_1_645' title='bbox 411 4348 485 4405; x_wconf 88' lang='lat' dir='ltr'><strong>Deua</strong></span> <span class='ocrx_word' id='word_1_646' title='bbox 508 4348 593 4407; x_wconf 83' lang='lat' dir='ltr'><strong>Semi.</strong></span> <span class='ocrx_word' id='word_1_647' title='bbox 611 4349 707 4424; x_wconf 82' lang='lat' dir='ltr'><strong>Utique</strong></span> <span class='ocrx_word' id='word_1_648' title='bbox 729 4350 780 4408; x_wconf 89' lang='lat' dir='ltr'><strong>Del</strong></span> <span class='ocrx_word' id='word_1_649' title='bbox 795 4356 855 4427; x_wconf 81' lang='lat' dir='ltr'><strong>lttp.</strong></span> <span class='ocrx_word' id='word_1_650' title='bbox 878 4354 904 4393; x_wconf 78' lang='grc'><strong>88</strong></span> <span class='ocrx_word' id='word_1_651' title='bbox 919 4356 1104 4429; x_wconf 85' lang='lat' dir='ltr'><strong>Hermogenes</strong></span> <span class='ocrx_word' id='word_1_652' title='bbox 1131 4359 1217 4415; x_wconf 79' lang='lat' dir='ltr'><strong>Serui.</strong></span> <span class='ocrx_word' id='word_1_653' title='bbox 1231 4357 1257 4397; x_wconf 84' lang='lat'><strong>⁸⁵</strong></span> <span class='ocrx_word' id='word_1_654' title='bbox 1293 4376 1320 4418; x_wconf 86' lang='lat' dir='ltr'><strong>ur</strong></span> <span class='ocrx_word' id='word_1_655' title='bbox 1333 4360 1407 4417; x_wconf 86' lang='lat' dir='ltr'><strong>Deus</strong></span> <span class='ocrx_word' id='word_1_656' title='bbox 1419 4359 1507 4423; x_wconf 69' lang='lat' dir='ltr'><strong>talem</strong></span> <span class='ocrx_word' id='word_1_657' title='bbox 1574 4362 1703 4420; x_wconf 80' lang='lat' dir='ltr'><strong>Excuses.</strong></span> <span class='ocrx_word' id='word_1_658' title='bbox 1732 4361 1828 4420; x_wconf 75' lang='lat' dir='ltr'><strong>dien.</strong></span> 
     </span>
    </p>
   </div>
   <div class='ocr_carea' id='block_1_6' title="bbox 174 4358 1828 4553">
    <p class='ocr_par' dir='ltr' id='par_1_6' title="bbox 174 4358 1828 4553">
     <span class='ocr_line' id='line_1_48' title="bbox 174 4358 1828 4553; baseline 0.011 -78"><span class='ocrx_word' id='word_1_659' title='bbox 174 4420 200 4461; x_wconf 75' lang='grc'><strong>88</strong></span> <span class='ocrx_word' id='word_1_660' title='bbox 213 4418 325 4477; x_wconf 86' lang='lat' dir='ltr'><strong>Interim</strong></span> <span class='ocrx_word' id='word_1_661' title='bbox 337 4428 365 4477; x_wconf 90' lang='lat' dir='ltr'><strong>et</strong></span> <span class='ocrx_word' id='word_1_662' title='bbox 389 4435 451 4493; x_wconf 72' lang='grc' dir='ltr'><strong>ιιι</strong></span> <span class='ocrx_word' id='word_1_663' title='bbox 474 4427 554 4531; x_wconf 75' lang='lat' dir='ltr'><strong>grutae</strong></span> <span class='ocrx_word' id='word_1_664' title='bbox 576 4422 663 4481; x_wconf 80' lang='lat' dir='ltr'><strong>libert.</strong></span> <span class='ocrx_word' id='word_1_665' title='bbox 679 4430 859 4553; x_wconf 60' lang='lat' dir='ltr'><strong>rumfflttoet,</strong></span> <span class='ocrx_word' id='word_1_666' title='bbox 882 4427 956 4499; x_wconf 71' lang='lat' dir='ltr'><strong>ripn.</strong></span> <span class='ocrx_word' id='word_1_667' title='bbox 985 4432 1055 4489; x_wconf 85' lang='lat' dir='ltr'><strong>unte</strong></span> <span class='ocrx_word' id='word_1_668' title='bbox 1079 4428 1196 4486; x_wconf 88' lang='lat' dir='ltr'><strong>interim.</strong></span> <span class='ocrx_word' id='word_1_669' title='bbox 1223 4427 1250 4468; x_wconf 85' lang='grc'><strong>88</strong></span> <span class='ocrx_word' id='word_1_670' title='bbox 1266 4358 1376 4491; x_wconf 56' lang='lat' dir='ltr'><strong>(demetr</strong></span> <span class='ocrx_word' id='word_1_671' title='bbox 1396 4434 1459 4494; x_wconf 76' lang='lat' dir='ltr'><strong>lut.</strong></span> <span class='ocrx_word' id='word_1_672' title='bbox 1474 4432 1546 4507; x_wconf 90' lang='lat' dir='ltr'><strong>quia.</strong></span> <span class='ocrx_word' id='word_1_673' title='bbox 1556 4431 1582 4472; x_wconf 84' lang='grc'><strong>88</strong></span> <span class='ocrx_word' id='word_1_674' title='bbox 1594 4432 1700 4492; x_wconf 79' lang='lat' dir='ltr'><strong>ddertt</strong></span> <span class='ocrx_word' id='word_1_675' title='bbox 1731 4430 1828 4493; x_wconf 72' lang='lat' dir='ltr'><strong>semi.</strong></span> 
     </span>
    </p>
   </div>
   <div class='ocr_carea' id='block_1_7' title="bbox 174 4489 1279 4576">
    <p class='ocr_par' dir='ltr' id='par_1_7' title="bbox 174 4489 1279 4576">
     <span class='ocr_line' id='line_1_49' title="bbox 174 4489 1279 4576; baseline 0.009 -27"><span class='ocrx_word' id='word_1_676' title='bbox 174 4491 202 4535; x_wconf 79' lang='lat'><strong>⁹⁰</strong></span> <span class='ocrx_word' id='word_1_677' title='bbox 214 4491 256 4549; x_wconf 85' lang='lat' dir='ltr'><strong>De</strong></span> <span class='ocrx_word' id='word_1_678' title='bbox 273 4490 363 4566; x_wconf 87' lang='lat' dir='ltr'><strong>alique</strong></span> <span class='ocrx_word' id='word_1_679' title='bbox 377 4493 444 4552; x_wconf 76' lang='lat' dir='ltr'><strong>dum.</strong></span> <span class='ocrx_word' id='word_1_680' title='bbox 461 4489 473 4531; x_wconf 88' lang='grc'><strong>8</strong></span> <span class='ocrx_word' id='word_1_681' title='bbox 499 4491 535 4548; x_wconf 83' lang='lat' dir='ltr'><strong>lit</strong></span> <span class='ocrx_word' id='word_1_682' title='bbox 547 4492 694 4555; x_wconf 74' lang='lat' dir='ltr'><strong>ritmico.</strong></span> <span class='ocrx_word' id='word_1_683' title='bbox 709 4494 736 4536; x_wconf 84' lang='lat'><strong>⁹²</strong></span> <span class='ocrx_word' id='word_1_684' title='bbox 780 4496 803 4553; x_wconf 88' lang='lat' dir='ltr'><strong>ia</strong></span> <span class='ocrx_word' id='word_1_685' title='bbox 816 4498 910 4556; x_wconf 82' lang='lat' dir='ltr'><strong>Puris.</strong></span> <span class='ocrx_word' id='word_1_686' title='bbox 925 4501 1009 4559; x_wconf 79' lang='lat' dir='ltr'><strong>From.</strong></span> <span class='ocrx_word' id='word_1_687' title='bbox 1024 4499 1064 4557; x_wconf 94' lang='lat' dir='ltr'><strong>illi</strong></span> <span class='ocrx_word' id='word_1_688' title='bbox 1090 4502 1168 4576; x_wconf 83' lang='lat' dir='ltr'><strong>prob.</strong></span> <span class='ocrx_word' id='word_1_689' title='bbox 1182 4502 1279 4562; x_wconf 75' lang='lat' dir='ltr'><strong>ddum.</strong></span> 
     </span>
    </p>
   </div>
   <div class='ocr_carea' id='block_1_8' title="bbox 874 4569 1127 4640">
    <p class='ocr_par' dir='ltr' id='par_1_8' title="bbox 874 4569 1127 4640">
     <span class='ocr_line' id='line_1_50' title="bbox 874 4569 1127 4640; baseline 0.012 -6"><span class='ocrx_word' id='word_1_690' title='bbox 874 4569 1127 4640; x_wconf 82' lang='lat' dir='ltr'><strong>Commentarius.</strong></span> 
     </span>
    </p>
   </div>
   <div class='ocr_carea' id='block_1_9' title="bbox 88 4672 1830 5610">
    <p class='ocr_par' dir='ltr' id='par_1_9' title="bbox 88 4672 1830 5610">
     <span class='ocr_line' id='line_1_51' title="bbox 88 4672 1830 4801; baseline 0.007 -72"><span class='ocrx_word' id='word_1_691' title='bbox 88 4688 91 4694; x_wconf 92' lang='lat'>·</span> <span class='ocrx_word' id='word_1_692' title='bbox 211 4672 376 4801; x_wconf 55' lang='lat' dir='ltr'><strong>(³⁵21ffl’20</strong></span> <span class='ocrx_word' id='word_1_693' title='bbox 389 4674 466 4732; x_wconf 83' lang='lat' dir='ltr'><strong>roric</strong></span> <span class='ocrx_word' id='word_1_694' title='bbox 480 4677 605 4732; x_wconf 81' lang='lat' dir='ltr'><strong>materie</strong></span> <span class='ocrx_word' id='word_1_695' title='bbox 616 4674 846 4758; x_wconf 68' lang='lat' dir='ltr'><strong>periclitantia</strong></span> <span class='ocrx_word' id='word_1_696' title='bbox 854 4683 972 4738; x_wconf 82' lang='lat' dir='ltr'><strong>conlec-</strong></span> <span class='ocrx_word' id='word_1_697' title='bbox 1087 4684 1130 4740; x_wconf 86' lang='lat' dir='ltr'><strong>ula</strong></span> <span class='ocrx_word' id='word_1_698' title='bbox 1157 4681 1296 4756; x_wconf 77' lang='lat' dir='ltr'><strong>cogitur03</strong></span> <span class='ocrx_word' id='word_1_699' title='bbox 1318 4683 1394 4740; x_wconf 86' lang='lat' dir='ltr'><strong>solua</strong></span> <span class='ocrx_word' id='word_1_700' title='bbox 1421 4682 1481 4757; x_wconf 88' lang='lat' dir='ltr'><strong>ipse</strong></span> <span class='ocrx_word' id='word_1_701' title='bbox 1507 4685 1622 4744; x_wconf 80' lang='lat' dir='ltr'><strong>Creator</strong></span> <span class='ocrx_word' id='word_1_702' title='bbox 1642 4700 1673 4743; x_wconf 89' lang='lat' dir='ltr'><strong>ac</strong></span> <span class='ocrx_word' id='word_1_703' title='bbox 1690 4691 1830 4760; x_wconf 86' lang='lat' dir='ltr'><strong>serrator,</strong></span> 
     </span>
     <span class='ocr_line' id='line_1_52' title="bbox 177 4744 1830 4829; baseline 0.008 -28"><span class='ocrx_word' id='word_1_704' title='bbox 177 4747 250 4804; x_wconf 81' lang='lat' dir='ltr'><strong>tum.</strong></span> <span class='ocrx_word' id='word_1_705' title='bbox 278 4744 757 4829; x_wconf 74' lang='lat' dir='ltr'><strong>tuturnonrerohectoce,uquuaudo</strong></span> <span class='ocrx_word' id='word_1_706' title='bbox 767 4764 817 4821; x_wconf 87' lang='lat' dir='ltr'><strong>pro</strong></span> <span class='ocrx_word' id='word_1_707' title='bbox 827 4765 973 4808; x_wconf 84' lang='lat' dir='ltr'><strong>ornuman·</strong></span> <span class='ocrx_word' id='word_1_708' title='bbox 1025 4768 1057 4811; x_wconf 91' lang='lat' dir='ltr'><strong>ao</strong></span> <span class='ocrx_word' id='word_1_709' title='bbox 1069 4769 1101 4810; x_wconf 92' lang='lat' dir='ltr'><strong>ns</strong></span> <span class='ocrx_word' id='word_1_710' title='bbox 1114 4753 1247 4810; x_wconf 86' lang='lat' dir='ltr'><strong>Dominus</strong></span> <span class='ocrx_word' id='word_1_711' title='bbox 1260 4762 1288 4811; x_wconf 91' lang='lat' dir='ltr'><strong>et</strong></span> <span class='ocrx_word' id='word_1_712' title='bbox 1313 4755 1415 4812; x_wconf 91' lang='lat' dir='ltr'><strong>arbiter</strong></span> <span class='ocrx_word' id='word_1_713' title='bbox 1428 4772 1521 4814; x_wconf 91' lang='lat' dir='ltr'><strong>rerum</strong></span> <span class='ocrx_word' id='word_1_714' title='bbox 1533 4756 1668 4828; x_wconf 87' lang='lat' dir='ltr'><strong>omnium,</strong></span> <span class='ocrx_word' id='word_1_715' title='bbox 1692 4765 1729 4826; x_wconf 90' lang='lat' dir='ltr'><strong>et,</strong></span> <span class='ocrx_word' id='word_1_716' title='bbox 1751 4756 1776 4813; x_wconf 84' lang='lat' dir='ltr'><strong>si</strong></span> <span class='ocrx_word' id='word_1_717' title='bbox 1792 4757 1830 4815; x_wconf 90' lang='lat' dir='ltr'><strong>li·</strong></span> 
     </span>
     <span class='ocr_line' id='line_1_53' title="bbox 177 4815 1829 4901; baseline 0.008 -29"><span class='ocrx_word' id='word_1_718' title='bbox 177 4826 269 4897; x_wconf 79' lang='lat' dir='ltr'><strong>toseu</strong></span> <span class='ocrx_word' id='word_1_719' title='bbox 284 4816 391 4872; x_wconf 82' lang='lat' dir='ltr'><strong>decoris</strong></span> <span class='ocrx_word' id='word_1_720' title='bbox 405 4815 552 4884; x_wconf 80' lang='lat' dir='ltr'><strong>additione,</strong></span> <span class='ocrx_word' id='word_1_721' title='bbox 581 4829 610 4872; x_wconf 92' lang='lat' dir='ltr'><strong>ut</strong></span> <span class='ocrx_word' id='word_1_722' title='bbox 625 4819 676 4874; x_wconf 91' lang='lat' dir='ltr'><strong>boc</strong></span> <span class='ocrx_word' id='word_1_723' title='bbox 697 4834 725 4873; x_wconf 89' lang='lat' dir='ltr'><strong>m</strong></span> <span class='ocrx_word' id='word_1_724' title='bbox 748 4818 820 4886; x_wconf 93' lang='lat' dir='ltr'><strong>loco,</strong></span> <span class='ocrx_word' id='word_1_725' title='bbox 835 4822 869 4878; x_wconf 85' lang='lat' dir='ltr'><strong>de</strong></span> <span class='ocrx_word' id='word_1_726' title='bbox 885 4824 973 4880; x_wconf 81' lang='lat' dir='ltr'><strong>Cultu</strong></span> <span class='ocrx_word' id='word_1_727' title='bbox 1025 4831 1086 4881; x_wconf 84' lang='lat' dir='ltr'><strong>cent</strong></span> <span class='ocrx_word' id='word_1_728' title='bbox 1126 4825 1269 4896; x_wconf 75' lang='lat' dir='ltr'><strong>profluum</strong></span> <span class='ocrx_word' id='word_1_729' title='bbox 1307 4824 1374 4882; x_wconf 91' lang='lat' dir='ltr'><strong>illud</strong></span> <span class='ocrx_word' id='word_1_730' title='bbox 1398 4826 1426 4882; x_wconf 93' lang='lat' dir='ltr'><strong>in</strong></span> <span class='ocrx_word' id='word_1_731' title='bbox 1458 4843 1487 4884; x_wconf 92' lang='lat' dir='ltr'><strong>re</strong></span> <span class='ocrx_word' id='word_1_732' title='bbox 1517 4828 1640 4885; x_wconf 84' lang='lat' dir='ltr'><strong>omnium</strong></span> <span class='ocrx_word' id='word_1_733' title='bbox 1663 4827 1829 4901; x_wconf 76' lang='lat' dir='ltr'><strong>grauissima</strong></span> 
     </span>
     <span class='ocr_line' id='line_1_54' title="bbox 176 4886 1642 4983; baseline 0.012 -42"><span class='ocrx_word' id='word_1_734' title='bbox 176 4886 356 4966; x_wconf 58' lang='lat' dir='ltr'><strong>[mtu.,mp3</strong></span> <span class='ocrx_word' id='word_1_735' title='bbox 370 4886 408 4943; x_wconf 91' lang='lat' dir='ltr'><strong>ll:</strong></span> <span class='ocrx_word' id='word_1_736' title='bbox 427 4907 438 4936; x_wconf 80' lang='grc' dir='ltr'><strong>ι</strong></span> <span class='ocrx_word' id='word_1_737' title='bbox 454 4886 513 4941; x_wconf 83' lang='lat' dir='ltr'><strong>tum</strong></span> <span class='ocrx_word' id='word_1_738' title='bbox 525 4901 579 4942; x_wconf 93' lang='lat' dir='ltr'><strong>nnn</strong></span> <span class='ocrx_word' id='word_1_739' title='bbox 593 4895 695 4944; x_wconf 88' lang='lat' dir='ltr'><strong>tantum</strong></span> <span class='ocrx_word' id='word_1_740' title='bbox 708 4890 830 4947; x_wconf 73' lang='lat' dir='ltr'><strong>confictu</strong></span> <span class='ocrx_word' id='word_1_741' title='bbox 844 4899 871 4949; x_wconf 88' lang='lat' dir='ltr'><strong>et</strong></span> <span class='ocrx_word' id='word_1_742' title='bbox 884 4894 973 4950; x_wconf 83' lang='lat' dir='ltr'><strong>elebo-</strong></span> <span class='ocrx_word' id='word_1_743' title='bbox 1025 4908 1171 4965; x_wconf 80' lang='lat' dir='ltr'><strong>usurpare,</strong></span> <span class='ocrx_word' id='word_1_744' title='bbox 1181 4895 1227 4950; x_wconf 83' lang='lat' dir='ltr'><strong>oda</strong></span> <span class='ocrx_word' id='word_1_745' title='bbox 1241 4895 1330 4969; x_wconf 54' lang='lat' dir='ltr'><strong>aperto</strong></span> <span class='ocrx_word' id='word_1_746' title='bbox 1344 4897 1527 4983; x_wconf 65' lang='grc' dir='ltr'>πολυκοιρανιη.</span> <span class='ocrx_word' id='word_1_747' title='bbox 1539 4900 1580 4957; x_wconf 86' lang='lat' dir='ltr'><strong>Ln</strong></span> <span class='ocrx_word' id='word_1_748' title='bbox 1593 4898 1642 4958; x_wconf 86' lang='lat' dir='ltr'><strong>Pa.</strong></span> 
     </span>
     <span class='ocr_line' id='line_1_55' title="bbox 176 4954 1829 5042; baseline 0.01 -30"><span class='ocrx_word' id='word_1_749' title='bbox 176 4964 243 5012; x_wconf 78' lang='lat' dir='ltr'><strong>reim</strong></span> <span class='ocrx_word' id='word_1_750' title='bbox 252 4954 373 5035; x_wconf 81' lang='lat' dir='ltr'><strong>librdrmr</strong></span> <span class='ocrx_word' id='word_1_751' title='bbox 386 4964 547 5038; x_wconf 83' lang='lat' dir='ltr'><strong>suggestum</strong></span> <span class='ocrx_word' id='word_1_752' title='bbox 557 4961 737 5016; x_wconf 80' lang='lat' dir='ltr'><strong>recusandum</strong></span> <span class='ocrx_word' id='word_1_753' title='bbox 751 4976 769 5018; x_wconf 87' lang='grc' dir='ltr'><strong>ι</strong></span> <span class='ocrx_word' id='word_1_754' title='bbox 782 4962 859 5020; x_wconf 85' lang='lat' dir='ltr'><strong>robis</strong></span> <span class='ocrx_word' id='word_1_755' title='bbox 869 4964 972 5032; x_wconf 84' lang='lat' dir='ltr'><strong>sciatis,</strong></span> <span class='ocrx_word' id='word_1_756' title='bbox 1063 4964 1120 5035; x_wconf 81' lang='lat' dir='ltr'><strong>(dl)</strong></span> <span class='ocrx_word' id='word_1_757' title='bbox 1135 4967 1366 5039; x_wconf 75' lang='lat' dir='ltr'><strong>sophismarum</strong></span> <span class='ocrx_word' id='word_1_758' title='bbox 1388 4970 1507 5027; x_wconf 76' lang='lat' dir='ltr'><strong>redimet.</strong></span> <span class='ocrx_word' id='word_1_759' title='bbox 1535 4970 1585 5027; x_wconf 87' lang='lat' dir='ltr'><strong>Dei</strong></span> <span class='ocrx_word' id='word_1_760' title='bbox 1608 4969 1765 5042; x_wconf 88' lang='lat' dir='ltr'><strong>sapientiam</strong></span> <span class='ocrx_word' id='word_1_761' title='bbox 1779 4969 1829 5027; x_wconf 89' lang='lat' dir='ltr'><strong>iu·</strong></span> 
     </span>
     <span class='ocr_line' id='line_1_56' title="bbox 177 5024 1830 5125; baseline 0.009 -43"><span class='ocrx_word' id='word_1_762' title='bbox 177 5026 225 5082; x_wconf 88' lang='lat' dir='ltr'><strong>aad</strong></span> <span class='ocrx_word' id='word_1_763' title='bbox 253 5031 343 5093; x_wconf 86' lang='lat' dir='ltr'><strong>ettam,</strong></span> <span class='ocrx_word' id='word_1_764' title='bbox 369 5045 382 5076; x_wconf 74' lang='grc' dir='ltr'><strong>ι</strong></span> <span class='ocrx_word' id='word_1_765' title='bbox 416 5036 468 5108; x_wconf 77' lang='lat' dir='ltr'><strong>etc.</strong></span> <span class='ocrx_word' id='word_1_766' title='bbox 496 5024 653 5100; x_wconf 77' lang='lat' dir='ltr'><strong>Abqueudo</strong></span> <span class='ocrx_word' id='word_1_767' title='bbox 675 5047 726 5113; x_wconf 74' lang='lat' dir='ltr'><strong>pro</strong></span> <span class='ocrx_word' id='word_1_768' title='bbox 747 5035 907 5106; x_wconf 87' lang='lat' dir='ltr'><strong>compugine</strong></span> <span class='ocrx_word' id='word_1_769' title='bbox 922 5050 972 5091; x_wconf 86' lang='lat' dir='ltr'><strong>sen</strong></span> <span class='ocrx_word' id='word_1_770' title='bbox 1025 5034 1135 5107; x_wconf 87' lang='lat' dir='ltr'><strong>telligit,</strong></span> <span class='ocrx_word' id='word_1_771' title='bbox 1149 5054 1211 5111; x_wconf 76' lang='lat' dir='ltr'><strong>quur</strong></span> <span class='ocrx_word' id='word_1_772' title='bbox 1229 5040 1297 5095; x_wconf 91' lang='lat' dir='ltr'><strong>aden</strong></span> <span class='ocrx_word' id='word_1_773' title='bbox 1312 5040 1451 5096; x_wconf 87' lang='lat' dir='ltr'><strong>bominum</strong></span> <span class='ocrx_word' id='word_1_774' title='bbox 1465 5048 1571 5098; x_wconf 87' lang='lat' dir='ltr'><strong>mentes</strong></span> <span class='ocrx_word' id='word_1_775' title='bbox 1583 5051 1611 5100; x_wconf 93' lang='lat' dir='ltr'><strong>et</strong></span> <span class='ocrx_word' id='word_1_776' title='bbox 1623 5041 1830 5125; x_wconf 70' lang='lat' dir='ltr'><strong>cogitationem,</strong></span> 
     </span>
     <span class='ocr_line' id='line_1_57' title="bbox 176 5097 1829 5185; baseline 0.011 -32"><span class='ocrx_word' id='word_1_777' title='bbox 176 5101 318 5165; x_wconf 85' lang='lat' dir='ltr'><strong>contextu,</strong></span> <span class='ocrx_word' id='word_1_778' title='bbox 341 5097 374 5154; x_wconf 85' lang='lat' dir='ltr'><strong>dc</strong></span> <span class='ocrx_word' id='word_1_779' title='bbox 388 5097 489 5168; x_wconf 78' lang='lat' dir='ltr'><strong>Potito,</strong></span> <span class='ocrx_word' id='word_1_780' title='bbox 503 5113 536 5154; x_wconf 87' lang='lat' dir='ltr'><strong>ce</strong></span> <span class='ocrx_word' id='word_1_781' title='bbox 558 5137 566 5154; x_wconf 90' lang='lat'><strong>.</strong></span> <span class='ocrx_word' id='word_1_782' title='bbox 593 5104 605 5156; x_wconf 91' lang='lat' dir='ltr'><strong>l</strong></span> <span class='ocrx_word' id='word_1_783' title='bbox 619 5144 628 5174; x_wconf 98' lang='lat'><strong>,</strong></span> <span class='ocrx_word' id='word_1_784' title='bbox 655 5107 709 5183; x_wconf 71' lang='lat' dir='ltr'><strong>uba</strong></span> <span class='ocrx_word' id='word_1_785' title='bbox 728 5119 809 5163; x_wconf 83' lang='lat' dir='ltr'><strong>sacer</strong></span> <span class='ocrx_word' id='word_1_786' title='bbox 828 5109 974 5179; x_wconf 68' lang='lat' dir='ltr'><strong>ruopertus</strong></span> <span class='ocrx_word' id='word_1_787' title='bbox 1026 5117 1144 5180; x_wconf 89' lang='lat' dir='ltr'><strong>superat,</strong></span> <span class='ocrx_word' id='word_1_788' title='bbox 1160 5120 1190 5167; x_wconf 89' lang='lat' dir='ltr'><strong>ut</strong></span> <span class='ocrx_word' id='word_1_789' title='bbox 1198 5110 1324 5169; x_wconf 81' lang='lat' dir='ltr'><strong>uniuersa</strong></span> <span class='ocrx_word' id='word_1_790' title='bbox 1337 5111 1433 5168; x_wconf 89' lang='lat' dir='ltr'><strong>mnndi</strong></span> <span class='ocrx_word' id='word_1_791' title='bbox 1443 5113 1576 5185; x_wconf 82' lang='lat' dir='ltr'><strong>sapientie</strong></span> <span class='ocrx_word' id='word_1_792' title='bbox 1594 5113 1706 5171; x_wconf 74' lang='lat' dir='ltr'><strong>stultitia</strong></span> <span class='ocrx_word' id='word_1_793' title='bbox 1718 5128 1829 5171; x_wconf 79' lang='lat' dir='ltr'><strong>sumtus</strong></span> 
     </span>
     <span class='ocr_line' id='line_1_58' title="bbox 177 5115 1828 5261; baseline 0.013 -42"><span class='ocrx_word' id='word_1_794' title='bbox 177 5164 284 5250; x_wconf 73' lang='lat' dir='ltr'><strong>elcese</strong></span> <span class='ocrx_word' id='word_1_795' title='bbox 298 5182 352 5248; x_wconf 81' lang='lat' dir='ltr'><strong>uon</strong></span> <span class='ocrx_word' id='word_1_796' title='bbox 366 5166 498 5257; x_wconf 75' lang='lat' dir='ltr'><strong>abludunt</strong></span> <span class='ocrx_word' id='word_1_797' title='bbox 518 5115 619 5227; x_wconf 54' lang='lat' dir='ltr'><strong>adhoc</strong></span> <span class='ocrx_word' id='word_1_798' title='bbox 639 5170 801 5253; x_wconf 73' lang='lat' dir='ltr'><strong>significatu,</strong></span> <span class='ocrx_word' id='word_1_799' title='bbox 817 5186 973 5250; x_wconf 86' lang='lat' dir='ltr'><strong>suggestum</strong></span> <span class='ocrx_word' id='word_1_800' title='bbox 1027 5177 1156 5261; x_wconf 26' lang='lat' dir='ltr'><strong>sitnepud</strong></span> <span class='ocrx_word' id='word_1_801' title='bbox 1189 5181 1288 5237; x_wconf 89' lang='lat' dir='ltr'><strong>Deum.</strong></span> <span class='ocrx_word' id='word_1_802' title='bbox 1304 5183 1380 5240; x_wconf 86' lang='lat' dir='ltr'><strong>Unde</strong></span> <span class='ocrx_word' id='word_1_803' title='bbox 1404 5184 1534 5256; x_wconf 88' lang='lat' dir='ltr'><strong>Sopbiam</strong></span> <span class='ocrx_word' id='word_1_804' title='bbox 1564 5183 1637 5241; x_wconf 88' lang='lat' dir='ltr'><strong>illam</strong></span> <span class='ocrx_word' id='word_1_805' title='bbox 1669 5200 1725 5242; x_wconf 91' lang='lat' dir='ltr'><strong>non</strong></span> <span class='ocrx_word' id='word_1_806' title='bbox 1751 5184 1828 5259; x_wconf 90' lang='lat' dir='ltr'><strong>apud</strong></span> 
     </span>
     <span class='ocr_line' id='line_1_59' title="bbox 176 5236 1829 5333; baseline 0.01 -37"><span class='ocrx_word' id='word_1_807' title='bbox 176 5252 247 5296; x_wconf 86' lang='lat' dir='ltr'><strong>enum</strong></span> <span class='ocrx_word' id='word_1_808' title='bbox 261 5236 382 5294; x_wconf 84' lang='lat' dir='ltr'><strong>redditur</strong></span> <span class='ocrx_word' id='word_1_809' title='bbox 395 5258 472 5311; x_wconf 79' lang='grc' dir='ltr'>σημα,</span> <span class='ocrx_word' id='word_1_810' title='bbox 485 5239 555 5322; x_wconf 67' lang='lat' dir='ltr'><strong>ipsc.</strong></span> <span class='ocrx_word' id='word_1_811' title='bbox 570 5240 605 5325; x_wconf 76' lang='lat' dir='ltr'><strong>Et</strong></span> <span class='ocrx_word' id='word_1_812' title='bbox 619 5241 672 5298; x_wconf 82' lang='lat' dir='ltr'><strong>alto</strong></span> <span class='ocrx_word' id='word_1_813' title='bbox 694 5243 755 5299; x_wconf 91' lang='lat' dir='ltr'><strong>loco</strong></span> <span class='ocrx_word' id='word_1_814' title='bbox 769 5244 839 5317; x_wconf 70' lang='lat' dir='ltr'><strong>icoc,</strong></span> <span class='ocrx_word' id='word_1_815' title='bbox 856 5250 974 5305; x_wconf 81' lang='lat' dir='ltr'><strong>tecture</strong></span> <span class='ocrx_word' id='word_1_816' title='bbox 1048 5248 1216 5333; x_wconf 83' lang='lat' dir='ltr'><strong>brlosopbos‚</strong></span> <span class='ocrx_word' id='word_1_817' title='bbox 1240 5254 1289 5309; x_wconf 91' lang='lat' dir='ltr'><strong>sed</strong></span> <span class='ocrx_word' id='word_1_818' title='bbox 1303 5253 1452 5326; x_wconf 82' lang='lat' dir='ltr'><strong>Prophetes</strong></span> <span class='ocrx_word' id='word_1_819' title='bbox 1474 5254 1648 5327; x_wconf 77' lang='lat' dir='ltr'><strong>querendum</strong></span> <span class='ocrx_word' id='word_1_820' title='bbox 1675 5256 1762 5313; x_wconf 89' lang='lat' dir='ltr'><strong>decet.</strong></span> <span class='ocrx_word' id='word_1_821' title='bbox 1782 5255 1829 5313; x_wconf 84' lang='lat' dir='ltr'><strong>De</strong></span> 
     </span>
     <span class='ocr_line' id='line_1_60' title="bbox 177 5265 1828 5405; baseline 0.01 -37"><span class='ocrx_word' id='word_1_822' title='bbox 177 5310 212 5368; x_wconf 82' lang='lat' dir='ltr'><strong>lit</strong></span> <span class='ocrx_word' id='word_1_823' title='bbox 233 5311 254 5366; x_wconf 78' lang='lat' dir='ltr'><em>A</em></span> <span class='ocrx_word' id='word_1_824' title='bbox 275 5309 358 5381; x_wconf 74' lang='lat' dir='ltr'><strong>clep,</strong></span> <span class='ocrx_word' id='word_1_825' title='bbox 374 5324 434 5391; x_wconf 79' lang='lat' dir='ltr'><strong>cap.</strong></span> <span class='ocrx_word' id='word_1_826' title='bbox 451 5312 568 5395; x_wconf 55' lang='lat' dir='ltr'><strong>metm</strong></span> <span class='ocrx_word' id='word_1_827' title='bbox 587 5327 668 5368; x_wconf 81' lang='lat' dir='ltr'><strong>enum</strong></span> <span class='ocrx_word' id='word_1_828' title='bbox 691 5321 846 5386; x_wconf 75' lang='lat' dir='ltr'><strong>suggestus.</strong></span> <span class='ocrx_word' id='word_1_829' title='bbox 862 5318 901 5374; x_wconf 76' lang='lat' dir='ltr'><strong>lm</strong></span> <span class='ocrx_word' id='word_1_830' title='bbox 924 5318 973 5399; x_wconf 58' lang='lat' dir='ltr'><strong>lfa.</strong></span> <span class='ocrx_word' id='word_1_831' title='bbox 1027 5265 1171 5405; x_wconf 25' lang='lat' dir='ltr'><strong>Baotemm</strong></span> <span class='ocrx_word' id='word_1_832' title='bbox 1199 5331 1272 5381; x_wconf 91' lang='lat' dir='ltr'><strong>recte</strong></span> <span class='ocrx_word' id='word_1_833' title='bbox 1297 5325 1371 5398; x_wconf 89' lang='lat' dir='ltr'><strong>loqui</strong></span> <span class='ocrx_word' id='word_1_834' title='bbox 1389 5340 1443 5382; x_wconf 92' lang='lat' dir='ltr'><strong>non</strong></span> <span class='ocrx_word' id='word_1_835' title='bbox 1470 5334 1571 5400; x_wconf 89' lang='lat' dir='ltr'><strong>potest,</strong></span> <span class='ocrx_word' id='word_1_836' title='bbox 1586 5327 1633 5400; x_wconf 90' lang='lat' dir='ltr'><strong>qui</strong></span> <span class='ocrx_word' id='word_1_837' title='bbox 1656 5328 1745 5385; x_wconf 86' lang='lat' dir='ltr'><strong>Deum</strong></span> <span class='ocrx_word' id='word_1_838' title='bbox 1768 5340 1828 5384; x_wconf 90' lang='lat' dir='ltr'><strong>non</strong></span> 
     </span>
     <span class='ocr_line' id='line_1_61' title="bbox 213 5379 1827 5471; baseline 0.011 -34"><span class='ocrx_word' id='word_1_839' title='bbox 213 5379 259 5456; x_wconf 82' lang='grc'><strong>(36</strong></span> <span class='ocrx_word' id='word_1_840' title='bbox 287 5382 346 5439; x_wconf 78' lang='lat' dir='ltr'><strong>ltro</strong></span> <span class='ocrx_word' id='word_1_841' title='bbox 360 5380 547 5464; x_wconf 66' lang='lat' dir='ltr'><strong>mitterentur.</strong></span> <span class='ocrx_word' id='word_1_842' title='bbox 586 5383 693 5455; x_wconf 86' lang='lat' dir='ltr'><strong>egulam</strong></span> <span class='ocrx_word' id='word_1_843' title='bbox 708 5383 779 5441; x_wconf 88' lang='lat' dir='ltr'><strong>hanc</strong></span> <span class='ocrx_word' id='word_1_844' title='bbox 796 5386 975 5446; x_wconf 83' lang='lat' dir='ltr'><strong>el&#39;ertullre-</strong></span> <span class='ocrx_word' id='word_1_845' title='bbox 1028 5400 1113 5460; x_wconf 83' lang='lat' dir='ltr'><strong>norit,</strong></span> <span class='ocrx_word' id='word_1_846' title='bbox 1128 5401 1158 5450; x_wconf 90' lang='lat' dir='ltr'><strong>ut</strong></span> <span class='ocrx_word' id='word_1_847' title='bbox 1174 5395 1341 5469; x_wconf 84' lang='lat' dir='ltr'><strong>philosophi,</strong></span> <span class='ocrx_word' id='word_1_848' title='bbox 1370 5397 1417 5470; x_wconf 84' lang='lat' dir='ltr'><strong>qui</strong></span> <span class='ocrx_word' id='word_1_849' title='bbox 1442 5397 1536 5470; x_wconf 77' lang='lat' dir='ltr'><strong>glorie</strong></span> <span class='ocrx_word' id='word_1_850' title='bbox 1553 5399 1679 5457; x_wconf 77' lang='lat' dir='ltr'><strong>mimalia</strong></span> <span class='ocrx_word' id='word_1_851' title='bbox 1692 5397 1827 5471; x_wconf 89' lang='lat' dir='ltr'><strong>Septimio</strong></span> 
     </span>
     <span class='ocr_line' id='line_1_62' title="bbox 178 5453 1830 5543; baseline 0.012 -35"><span class='ocrx_word' id='word_1_852' title='bbox 178 5466 216 5513; x_wconf 86' lang='lat' dir='ltr'><strong>tto</strong></span> <span class='ocrx_word' id='word_1_853' title='bbox 246 5468 323 5511; x_wconf 84' lang='lat' dir='ltr'><strong>suma</strong></span> <span class='ocrx_word' id='word_1_854' title='bbox 350 5453 422 5535; x_wconf 36' lang='lat' dir='ltr'><strong>altre·</strong></span> <span class='ocrx_word' id='word_1_855' title='bbox 442 5458 634 5536; x_wconf 82' lang='lat' dir='ltr'><strong>communem:</strong></span> <span class='ocrx_word' id='word_1_856' title='bbox 663 5455 745 5538; x_wconf 37' lang='lat' dir='ltr'><strong>Dens·</strong></span> <span class='ocrx_word' id='word_1_857' title='bbox 764 5467 810 5514; x_wconf 93' lang='lat' dir='ltr'><strong>aut</strong></span> <span class='ocrx_word' id='word_1_858' title='bbox 836 5475 906 5516; x_wconf 88' lang='lat' dir='ltr'><strong>unus</strong></span> <span class='ocrx_word' id='word_1_859' title='bbox 934 5470 976 5519; x_wconf 88' lang='lat' dir='ltr'><strong>est</strong></span> <span class='ocrx_word' id='word_1_860' title='bbox 1028 5470 1112 5521; x_wconf 92' lang='lat' dir='ltr'><strong>aunt·</strong></span> <span class='ocrx_word' id='word_1_861' title='bbox 1142 5482 1235 5524; x_wconf 82' lang='lat' dir='ltr'><strong>uemm</strong></span> <span class='ocrx_word' id='word_1_862' title='bbox 1281 5467 1400 5541; x_wconf 81' lang='lat' dir='ltr'><strong>rophetm</strong></span> <span class='ocrx_word' id='word_1_863' title='bbox 1421 5476 1448 5526; x_wconf 89' lang='lat' dir='ltr'><strong>et</strong></span> <span class='ocrx_word' id='word_1_864' title='bbox 1473 5467 1560 5529; x_wconf 83' lang='lat' dir='ltr'><strong>sancti</strong></span> <span class='ocrx_word' id='word_1_865' title='bbox 1578 5470 1701 5543; x_wconf 81' lang='lat' dir='ltr'><strong>ejusdem</strong></span> <span class='ocrx_word' id='word_1_866' title='bbox 1723 5468 1830 5529; x_wconf 91' lang='lat' dir='ltr'><strong>summi</strong></span> 
     </span>
     <span class='ocr_line' id='line_1_63' title="bbox 179 5506 1437 5610; baseline 0.011 -27"><span class='ocrx_word' id='word_1_867' title='bbox 179 5529 228 5583; x_wconf 81' lang='lat' dir='ltr'><strong>aul</strong></span> <span class='ocrx_word' id='word_1_868' title='bbox 239 5523 340 5582; x_wconf 84' lang='lat' dir='ltr'><strong>nullus.</strong></span> <span class='ocrx_word' id='word_1_869' title='bbox 355 5523 469 5596; x_wconf 86' lang='lat' dir='ltr'><strong>lmprum</strong></span> <span class='ocrx_word' id='word_1_870' title='bbox 484 5538 556 5581; x_wconf 85' lang='lat' dir='ltr'><strong>emur</strong></span> <span class='ocrx_word' id='word_1_871' title='bbox 570 5532 598 5582; x_wconf 89' lang='lat' dir='ltr'><strong>at</strong></span> <span class='ocrx_word' id='word_1_872' title='bbox 618 5526 773 5585; x_wconf 81' lang='lat' dir='ltr'><strong>demutabile</strong></span> <span class='ocrx_word' id='word_1_873' title='bbox 799 5528 902 5606; x_wconf 89' lang='lat' dir='ltr'><strong>aliquid</strong></span> <span class='ocrx_word' id='word_1_874' title='bbox 919 5531 979 5590; x_wconf 89' lang='lat' dir='ltr'><strong>Deo</strong></span> <span class='ocrx_word' id='word_1_875' title='bbox 1034 5532 1085 5594; x_wconf 87' lang='lat' dir='ltr'><strong>Dei</strong></span> <span class='ocrx_word' id='word_1_876' title='bbox 1099 5506 1202 5610; x_wconf 57' lang='lat' dir='ltr'><strong>§piritu</strong></span> <span class='ocrx_word' id='word_1_877' title='bbox 1264 5538 1313 5597; x_wconf 86' lang='lat' dir='ltr'><strong>uti.</strong></span> <span class='ocrx_word' id='word_1_878' title='bbox 1333 5538 1373 5596; x_wconf 83' lang='lat' dir='ltr'><strong>La</strong></span> <span class='ocrx_word' id='word_1_879' title='bbox 1386 5539 1437 5597; x_wconf 82' lang='lat' dir='ltr'><strong>ru.</strong></span> 
     </span>
    </p>
   </div>
   <div class='ocr_carea' id='block_1_10' title="bbox 0 0 1924 6132">
    <p class='ocr_par' dir='ltr' id='par_1_10' title="bbox 0 0 1924 6132">
     <span class='ocr_line' id='line_1_64' title="bbox 0 0 1924 6132; baseline 0 0"><span class='ocrx_word' id='word_1_880' title='bbox 0 0 1924 6132; x_wconf 95' lang='lat' dir='ltr'><strong> </strong></span> 
     </span>
    </p>
   </div>
  </div>
 </body>
</html>
