3840 6134
124 254 187 320 309
404 296 406 300 -
755 261 821 330 tta.
836 263 859 327 ll
869 264 946 329 lot.
957 263 1160 355 tinctorium.
1734 272 1787 335 tto

126 392 300 459 pensaretur,
310 384 357 460 qui
368 394 415 445 aut
428 386 516 447 bouus
530 395 576 447 aut
589 384 679 447 melus
694 389 852 449 necessitate
867 390 934 451 luis·
950 415 975 503 Α
990 407 1017 456 et
1026 398 1156 472 Seraphin
1171 414 1266 456 aureas
1280 398 1399 473 efligies,
1415 418 1476 474 quae
1490 401 1571 479 longe
1594 400 1715 463 diversas
1733 402 1785 458 lra-

126 474 324 545 aeliurentus,
344 492 400 535 uon
415 477 562 537 voluntate.
988 487 1089 546 bebaut
1112 505 1209 549 causas
1222 491 1256 546 ab
1283 490 1446 558 idololatria,
1461 492 1494 547 de
1508 507 1572 564 qua,
1596 499 1689 548 aetem
1706 491 1784 548 sinri-
1886 510 1895 519 ·

167 563 226 621 VII.
240 565 271 621 Id
285 564 372 639 ipsum
388 567 466 623 etiem
482 567 592 642 exigere
605 568 653 626 Dei
663 569 835 643 gravitatem,
851 570 930 629 iidem
989 576 1131 636 titudinem
1141 579 1210 647 lieri,
1226 578 1351 652 subjicit:
1370 581 1429 638 Noa
1439 580 1604 647 edorabr'ta's,
1619 596 1707 654 neque
1720 596 1784 637 aer-

127 666 158 715 ei
173 655 344 729 111111111111·
988 667 1071 726 vietis
1085 670 1140 737 eia;
1155 668 1240 726 luisse
1253 668 1323 725 enim
1338 670 1421 726 etiam
1435 668 1593 725 rationalem
1608 671 1654 725 Dei
1677 670 1792 733 instita,

165 743 239 801 VIIl.
254 743 370 809 Prorsus
380 745 472 820 itaque
484 747 588 805 bomini
605 746 732 806 delictum
745 749 932 822 imputandum
990 755 1091 813 tionem
1107 757 1298 816 sacrificiorum
1313 756 1615 831 (avocantisabidolia),
1627 775 1688 832 quae
1698 769 1786 816 umen

125 849 212 909 quem
226 833 261 891 ad
278 835 500 893 rectevircudum
512 846 650 896 creaverat
662 839 745 897 Deua.
988 860 1083 902 rursus
1096 848 1229 918 rejecerit.

164 922 216 979 IX.
233 923 329 995 Neque
343 933 487 998 propterea
509 927 567 984 lieo
590 926 618 983 id
641 927 837 1000 imputandum,
860 930 933 1000 quod
1024 935 1125 993 XXIII.
1140 937 1284 994 Necrecte
1306 937 1388 994 etium
1414 936 1500 994 levem
1523 938 1611 993 Deum
1637 935 1700 1002 dici,
1725 952 1786 992 cum

129 1010 240 1069 afflatus
262 1012 313 1071 Dei
356 1014 392 1070 sit
411 1015 501 1071 anima
523 1031 583 1089 que
598 1015 744 1091 delinquit;
761 1017 826 1088 quia
852 1019 935 1075 babet
989 1026 1115 1094 reprobat
1136 1024 1282 1098 aliquando
1300 1028 1439 1098 probatos,
1456 1035 1503 1083 aut
1515 1025 1612 1100 probat
1625 1025 1786 1098 quandoque

128 1100 241 1175 quidem
256 1102 347 1158 anima
373 1102 433 1160 illas
447 1103 533 1161 lineas
553 1104 602 1162 Dei
629 1121 682 1178 qua
696 1104 865 1174 immortalis,
882 1121 935 1179 qua
988 1114 1192 1187 reprobandos;
1221 1113 1287 1171 nihil
1314 1114 1385 1172 cuim
1402 1115 1487 1186 magia
1502 1114 1573 1173 bono
1596 1113 1675 1170 etiam
1701 1113 1785 1183 iudici

128 1190 218 1248 libera
228 1192 273 1249 1111
302 1192 418 1261 1111111111.
433 1211 484 1269 qut
500 1195 612 1267 prescia
626 1195 795 1268 plerunque.
820 1213 874 1270 qua
889 1212 934 1252 11·
989 1202 1142 1268 contenire,
1158 1219 1239 1277 quam
1252 1203 1489 1277 propraesentibus
1502 1202 1615 1272 meritis,
1630 1210 1657 1259 et
1671 1201 1785 1273 rejicere

130 1279 250 1349 donum
266 1288 356 1340 tanim
370 1290 396 1339 et
423 1283 451 1339 in
480 1284 521 1340 liis
541 1284 630 1359 imago
644 1285 784 1342 dumtaxat
796 1284 857 1353 Dei,
879 1300 935 1342 uon
989 1300 1017 1348 et
1031 1291 1155 1363 allegere.

130 1386 216 1443 usquc
231 1371 599 1445 adipsamrimdiriuitatis.
1026 1381 1128 1440 XXIV.
1155 1381 1271 1440 Proinde
1298 1381 1483 1456 paenitentiam
1506 1383 1679 1454 apudllcutn
1703 1396 1786 1454 prave

163 1458 203 1515 X.
232 1462 331 1535 Neque
357 1461 464 1521 etiamsi
491 1460 518 1518 in
551 1462 689 1521 diabolum
717 1462 938 1520 transcriberetur
990 1467 1159 1540 interpretari
1174 1472 1349 1537 Marcionem,
1366 1488 1427 1527 nam
1442 1481 1467 1527 et
1481 1471 1508 1527 in
1524 1487 1612 1540 graeco
1641 1485 1708 1527 sono
1731 1471 1786 1537 (ut-

116 1550 218 1622 culpa,
237 1557 269 1607 ut
297 1549 482 1609 instinctorem
503 1551 605 1622 delicti,
622 1560 765 1625 propterea
778 1552 805 1607 in
821 1553 934 1609 Creato·
991 1566 1054 1629 pote
1070 1559 1197 1631 μετάνοια)
1211 1560 1548 1632 poeuiteutiacuomenuon
1563 1574 1595 1615 ex
1615 1557 1705 1614 delicti
1720 1572 1786 1613 eou-

132 1656 185 1697 rcm
199 1639 381 1713 dirigendam,
397 1650 428 1699 ut
443 1641 471 1698 iu
485 1650 622 1699 auctorem
643 1642 752 1712 diaboli,
779 1650 871 1714 utpote
886 1641 933 1714 qui
988 1644 1114 1716 sessione,
1144 1647 1190 1702 sed
1217 1662 1250 1707 ex
1277 1647 1361 1703 animi
1389 1647 1571 1729 demutatione
1603 1644 1786 1718 compositum

132 1727 247 1804 augelus
263 1730 350 1788 alteo
369 1739 397 1788 et
411 1731 498 1790 bonus
518 1730 605 1788 laetus
628 1730 672 1799 sit,
688 1746 743 1789 nou
757 1731 890 1804 diabolus,
906 1732 934 1789 id
949 1705 972 1785 Β
987 1741 1037 1791 est.

135 1817 302 1877 aetdelator.
1023 1822 1112 1881 XXV.
1140 1822 1197 1880 Nec
1228 1821 1389 1881 absimiliter
1415 1840 1495 1895 prave
1530 1823 1565 1878 ab
1595 1821 1641 1878 ilio
1668 1822 1786 1893 intelligi

168 1907 222 1964 Xl.
234 1909 324 1975 Porro,
341 1909 365 1965 si
382 1919 442 1982 post
455 1910 585 1968 delictum
599 1910 717 1967 hominis
739 1911 821 1982 judex
836 1919 864 1967 et
886 1927 933 1969 se·
987 1910 1051 1969 illud
1069 1917 1188 1983 :Adrou
1203 1915 1252 1973 ubi
1268 1917 1317 1972 es?
1328 1922 1355 1971 et
1369 1912 1432 1969 illud
1443 1915 1477 1969 ed
1492 1912 1568 1981 Cain,
1587 1912 1634 1971 Ubi
1644 1913 1787 1982 sstsroter

141 2011 218 2053 rarus
230 1996 306 2056 luerit
318 1999 404 2068 Deus,
420 2017 473 2059 nou
487 2001 521 2057 ad
531 2000 672 2068 malitium,
692 2001 740 2058 sed
755 2000 934 2072 adjustitiam
989 2003 1079 2059 tuus?
1093 2003 1160 2059 Item
1176 2003 1241 2059 illud
1260 2004 1294 2061 tle
1311 2002 1429 2059 Sodoma
1442 2010 1469 2058 et
1483 2002 1645 2065 Gomorrha,
1666 2002 1786 2057 beroem

136 2087 279 2159 pertIuerr.
987 2089 1055 2147 dena
1066 2091 1235 2159 oidebmete.

167 2175 230 2235 XII.
245 2176 312 2245 Quae
329 2179 435 2250 justitia
450 2195 511 2238 eum
524 2191 654 2253 perpetuo
668 2182 765 2240 iulieo
775 2196 835 2238 eum
850 2181 932 2237 boni·
1022 2181 1125 2239 XXVI.
1137 2183 1205 2239 Item
1219 2184 1301 2240 etiam
1317 2184 1499 2254 jurameutum
1525 2180 1574 2238 Dei
1588 2194 1637 2251 per
1658 2180 1788 2250 semetip-

136 2265 366 2336 latecouspirarit,
378 2283 433 2324 uon
461 2277 533 2325 reete
561 2285 683 2326 seorsum
708 2270 830 2344 deputari
843 2270 934 2326 Deum
987 2287 1059 2338 sum,
1082 2280 1110 2330 et
1128 2273 1208 2328 verba
1223 2272 1268 2327 illa
1285 2272 1318 2328 ad
1333 2273 1444 2343 Moysen
1461 2287 1468 2329 :
1486 2271 1553 2329 Siue
1578 2285 1634 2339 ute,
1657 2273 1686 2326 et
1714 2268 1789 2325 tadi-

135 2352 244 2422 bouum,
257 2363 286 2411 et
300 2371 423 2413 seorsum
437 2358 524 2413 Deum
541 2360 658 2429 justum.
987 2363 1093 2434 pactus
1102 2362 1148 2417 irc
1158 2361 1316 2435 disperdam
1331 2361 1405 2418 illos.

165 2445 240 2500 Xlll.
258 2445 320 2502 lmo
334 2462 398 2503 vero
425 2463 506 2504 omne
533 2448 643 2519 justitiae
658 2465 729 2520 opus
750 2447 862 2507 bonitati
883 2449 934 2505 Dei
1024 2449 1266 2524 XXVll.Denique
1281 2451 1403 2523 reliquas
1420 2447 1578 2518 pusillitates
1587 2461 1654 2520 quaa
1667 2445 1725 2503 Deo
1737 2446 1788 2502 ob-

138 2547 289 2604 prueurare,
301 2536 404 2608 quippe
417 2552 479 2594 cum
494 2537 573 2594 timor
587 2539 685 2610 judieii
700 2539 734 2595 ad
753 2537 864 2607 bonum,
878 2552 934 2595 nou
987 2536 1117 2609 jiciebant
1138 2540 1301 2598 Marcionitae
1315 2555 1370 2595 nou
1391 2546 1477 2595 tantas
1491 2553 1552 2594 esse
1574 2545 1688 2608 quantas
1701 2534 1785 2590 etiarn

136 2619 164 2675 td
175 2622 293 2689 malum,
309 2626 440 2683 conterat.
987 2626 1041 2699 ipsi
1054 2627 1081 2684 iu
1096 2628 1202 2685 Christo
1213 2628 1341 2698 letentur,
1358 2628 1402 2683 eui
1412 2626 1595 2700 apparitiones
1609 2624 1663 2681 itte
1681 2623 1787 2681 Veteris

166 2710 239 2769 xlv.
255 2713 401 2784 Siquando
415 2716 585 2790 itaqueDsus
595 2717 701 2788 legatur
715 2716 835 2773 condens
853 2714 934 2786 mala,
988 2717 1154 2774 Testamenti
1168 2718 1355 2775 adscribendae
1370 2718 1433 2774 siut.

136 2796 373 2874 damalispoeuae‚
389 2808 554 2879 nonculpae,
569 2805 693 2880 intelligi.
1023 2808 1144 2863 XXVIII.
1180 2808 1320 2865 Postremo
1358 2807 1488 2863 adversus
1523 2803 1685 2861 Marcionem
1721 2801 1788 2856 alias

167 2891 228 2948 XV.
255 2894 391 2950 iustitiam
415 2896 527 2969 proinde
548 2904 717 2968 essentque
738 2895 932 2954 adeobouita·
986 2911 1051 2951 auas
1063 2895 1208 2953 antitheses
1222 2897 1335 2953 aemulas
1348 2895 1411 2952 lucit
1431 2896 1465 2952 ad
1491 2892 1570 2949 finem
1599 2906 1684 2963 usque
1715 2889 1787 2946 libri.

137 2984 188 3033 mm
199 2982 262 3049 Dei,
278 2997 340 3053 quus
354 2985 486 3041 severitas
500 2986 632 3041 rideatur.
945 2989 973 3071 ς
989 2984 1058 3048 Pau.

173 3068 248 3125 XVI.
261 3069 295 3125 iit
305 3072 388 3140 judici
404 3088 457 3130 nou
472 3073 660 3143 exprobranda
673 3091 734 3147 qum
745 3073 859 3142 justitie
882 3089 931 3129 ac·
1252 3125 1366 3183 CAPUT
1378 3126 1509 3183 PRHUM

146 3153 245 3228 ddunt,
257 3172 310 3214 uon
322 3162 409 3234 magis
422 3179 502 3234 quam
518 3162 621 3220 medico
636 3161 798 3220 ferramenta
812 3178 872 3236 quae
885 3176 933 3219 se-
1436 3156 1443 3181 ²
1513 3167 1520 3180 ‘

143 3253 213 3313 cant,
227 3244 344 3318 inurunt,
360 3258 502 3321 amputant
516 3258 542 3307 et
557 3250 742 3308 constrictant.
1022 3253 1137 3313 Occasio
1150 3253 1312 3309 reformandi
1349 3252 1470 3322 opusculi
1498 3252 1588 3321 hujus,
1597 3249 1641 3307 eui
1655 3248 1719 3321 quid
1741 3263 1789 3303 ac-

174 3332 259 3391 xvir.
282 3337 406 3411 lienique
421 3349 503 3396 totum
524 3341 648 3398 ordinem
674 3339 726 3396 Dei
754 3339 880 3396 bonitatis
901 3353 934 3395 ex
987 3344 1080 3402 uiderit
1094 3343 1181 3414 primo
1198 3342 1322 3399 libellulo
1338 3342 1346 3379 ¹
1363 3340 1464 3413 praelati
1480 3356 1585 3405 sumus,
1613 3338 1665 3394 boc
1678 3352 1789 3410 quoque

143 3423 196 3492 ejus
210 3426 401 3484 misericordia
419 3431 445 3485 in
460 3437 593 3499 cruentes,
609 3429 742 3500 patientia
756 3429 785 3485 iu
799 3443 855 3485 nou
869 3428 937 3485 resi·
989 3431 1103 3489 contulit
1114 3432 1203 3497 nobis,
1218 3430 1258 3486 uti
1272 3429 1377 3486 duobus
1405 3428 1458 3485 diis
1472 3429 1602 3486 adversus
1625 3424 1788 3482 llarciouem

144 3512 282 3586 pauentes,
301 3526 331 3574 et
344 3520 499 3591 praeslantia
512 3520 541 3575 iu
555 3526 702 3576 merentes.
990 3520 1175 3588 retractandis,
1192 3520 1232 3575 sui
1248 3518 1346 3590 cuique
1368 3517 1475 3573 titulum
1495 3523 1523 3572 et
1543 3513 1669 3572 volumen
1693 3510 1790 3569 distin-

174 3602 266 3660 xiffl·
284 3606 390 3664 Deinde
416 3610 451 3663 ad
474 3609 625 3665 antitheses
652 3607 765 3664 1111111111
779 3605 936 3671 Memmii.
989 3625 1137 3682 queremus
1151 3623 1200 3681 pro
1213 3609 1332 3664 materiae
1354 3606 1495 3672 divisione,
1510 3604 1624 3661 alterum
1643 3603 1722 3659 deum
1739 3602 1791 3657 de-

145 3690 216 3747 ttiam
230 3695 266 3749 ad
294 3696 441 3753 bonitatem
467 3697 516 3753 Dei
545 3696 682 3769 pertinere
701 3698 799 3767 probat
828 3694 939 3751 talionis
992 3696 1118 3756 linientes
1150 3697 1260 3754 omniuo
1287 3712 1343 3753 nou
1370 3711 1438 3764 esse,
1464 3696 1580 3751 alterum
1616 3690 1791 3748 defendentes

147 3791 254 3853 murm,
269 3783 391 3840 ciborum
403 3786 602 3842 immundorum
611 3784 831 3858 prohibitionem,
859 3792 884 3841 et
898 3799 941 3839 sa·
994 3787 1076 3861 dique
1103 3786 1193 3844 Deum
1216 3800 1278 3842 esse
1298 3793 1456 3858 :quatenus
1482 3783 1520 3837 ita
1540 3779 1651 3837 Pontico
1679 3778 1790 3850 placuit,

148 3869 300 3928 triliciorum
316 3888 409 3930 onera.
995 3875 1108 3932 alterum
1137 3875 1273 3944 inducere,
1298 3873 1410 3929 alterum
1436 3869 1589 3927 excludere.
1627 3869 1688 3925 Nou
1719 3865 1791 3920 enim

174 3961 247 4018 XIX.
261 3964 317 4018 Nec
332 3962 508 4021 miuuaetiatn
524 3964 625 4038 legales
635 3977 758 4036 quasque
771 3962 941 4035 disciplinas,
995 3973 1101 4036 poterat
1123 3964 1256 4020 adificare
1270 3961 1443 4017 mendacium
1467 3961 1526 4015 sine
1540 3957 1714 4015 demolitione
1743 3971 1792 4013 vc-

150 4052 223 4109 oeilii
240 4063 378 4111 momento
392 4063 519 4111 vacarent
533 4071 548 4109 a
562 4053 759 4124 Deirespeotu.
996 4055 1093 4110 ritatis.
1121 4054 1203 4108 Aliud
1231 4053 1361 4107 subruere
1388 4065 1500 4107 necesse
1529 4048 1629 4115 babuit,
1660 4054 1690 4101 ut
1722 4045 1793 4118 quod

176 4141 238 4197 XX.
258 4144 396 4199 imovero
420 4145 501 4199 etiam
515 4143 637 4215 rapinam
661 4142 768 4213 argenti
786 4141 940 4198 mandatam
995 4143 1086 4212 uellet,
1106 4149 1265 4197 exstrueret.
1282 4140 1327 4197 Sic
1340 4138 1455 4195 aedilicat
1473 4138 1518 4210 qui
1542 4136 1652 4207 propria
1665 4142 1794 4207 paratura

151 4229 863 4308 tDeeHebraeisiuAEgyptios3plurisouimtaluisse
878 4246 942 4287 sex·
994 4237 1069 4289 earet
1098 4231 1147 4301 (l).
1160 4228 1323 4300 Oportuerat
1350 4235 1439 4284 autem
1454 4226 1483 4280 iu
1512 4226 1563 4280 luoc
1583 4222 1671 4280 solum
1700 4222 1792 4277 disce-

151 4330 279 4377 reutomm
290 4321 459 4392 milliumpcr
473 4327 511 4377 tot
524 4334 621 4386 annos,
636 4328 664 4377 ct
676 4318 793 4378 liliorum
805 4321 940 4391 jacturam
995 4329 1094 4391 ptasse,
1111 4317 1184 4391 quod
1204 4332 1283 4372 nemo
1298 4317 1334 4371 sit
1357 4315 1426 4373 deus
1440 4314 1485 4369 ille
1499 4315 1546 4384 qui
1561 4310 1683 4369 Creatori
1697 4326 1793 4381 super-

152 4422 209 4477 quos
222 4417 383 4467 merserant.
958 4380 981 4457 Β
996 4408 1120 4479 ducitur;
1133 4418 1162 4463 ut
1177 4405 1243 4461 lalso
1257 4404 1309 4460 deo
1324 4404 1448 4472 depulso,
1465 4402 1568 4473 regulis
1589 4401 1671 4457 certis
1685 4409 1712 4456 et
1730 4400 1791 4455 uui·

181 4496 253 4553 XXI.
265 4498 445 4556 Nullamvero
456 4499 536 4556 etiam
547 4498 764 4556 eontrariemtcm
775 4497 940 4554 eascinDco
997 4516 1056 4558 carn
1082 4508 1109 4555 et
1149 4497 1295 4572 perlectam
1336 4491 1574 4566 praescribeutibus
1616 4490 1792 4554 divinitatem,

153 4587 301 4654 probibente
311 4587 431 4645 sabbatis
443 4589 559 4660 operari,
570 4595 598 4643 ct
604 4588 711 4659 jubenti
724 4602 816 4645 aream
830 4586 944 4643 circum·
997 4589 1064 4645 nihil
1074 4590 1130 4658 jem
1144 4592 1310 4661 quereretur
1321 4584 1346 4640 in
1358 4584 1443 4638 mum
1455 4595 1548 4639 verum
1564 4594 1660 4648 :quem
1673 4577 1793 4649 ²quanto

154 4670 298 4732 ierrietiam
313 4678 340 4732 iu
354 4675 483 4733 Sabbato.
998 4684 1134 4735 constaret
1155 4691 1227 4742 esse,
1256 4674 1294 4729 sie
1321 4684 1429 4744 quoque
1455 4667 1519 4723 dum
1550 4666 1631 4721 alium
1651 4678 1712 4719 esse
1740 4678 1795 4716 111111

182 4764 270 4820 XXII.
283 4764 371 4823 »aa
386 4767 482 4838 Neque
495 4766 576 4822 etiam
587 4764 794 4824 similitudinum
822 4765 944 4839 prohibi·
998 4772 1111 4831 constat,
1140 4772 1213 4820 tauto
1247 4763 1469 4832 qualemcumque
1510 4756 1571 4812 siue
1612 4750 1795 4852 controversia

151 4855 295 4927 murilegi
311 4854 443 4928 refragari
466 4855 535 4911 anci
558 4857 762 4928 serpentis,aut
807 4858 943 4915 Cherubin
998 4855 1092 4912 baberi
1105 4854 1226 4924 deceret,
1253 4851 1422 4910 adoraudum
1450 4847 1541 4920 potius
1567 4859 1647 4918 quam
1670 4841 1795 4914 judican-

832 4974 927 5039 Variae
946 4976 1101 5037 lectiones.

180 5079 188 5116 ¹
203 5079 305 5137 libello
317 5079 426 5136 Pamel.
443 5080 529 5138 Semi.
547 5079 661 5137 Oberllt.
678 5079 690 5118 ²
704 5079 791 5152 Quem
805 5082 896 5138 omitt.
904 5083 991 5136 Fruar.

840 5200 1093 5265 Commentarius.

178 5308 221 5378 (l)
236 5311 291 5378 Qui
302 5325 419 5382 proprus
432 5313 573 5383 paratura
586 5313 675 5366 caret.
690 5308 844 5364 Paraturum
858 5306 945 5380 iuquit
997 5312 1037 5362 tat
1064 5309 1195 5376 praeterea
1208 5300 1329 5385 Latinius
1353 5297 1454 5355 similes
1481 5296 1558 5353 locos
1576 5310 1608 5352 et
1623 5293 1669 5348 lib.
1685 5308 1712 5349 tv
1736 5290 1799 5346 udo.

151 5378 659 5445 [thebanusetbiesoeatmateriam.
684 5380 729 5436 Sic
743 5380 789 5435 lib.
805 5381 839 5435 de
855 5382 944 5437 Curae
1001 5377 1134 5434 Marcion.
1163 5374 1214 5430 sul)
1241 5383 1369 5429 uultum:
1401 5392 1414 5453 .‘
1443 5369 1475 5452 ξι
1508 5381 1615 5424 omnem
1649 5370 1801 5433 paraturum

151 5451 263 5518 Christi,
280 5456 337 5507 c.8
358 5471 364 5506 :
385 5472 398 5506 a
416 5453 518 5518 Debeo,
548 5451 645 5525 inquit,
669 5449 730 5506 illos
748 5451 782 5506 de
806 5467 853 5506 sua
867 5467 944 5521 pura·
999 5447 1077 5520 impii
1090 5455 1169 5519 atque
1186 5445 1311 5526 sacrilegi
1326 5443 1492 5525 lilarcrours3
1511 5445 1567 5520 ‘.⁰¹
1578 5450 1682 5491 rursum
1704 5430 1800 5484 10111111

147 5531 408 5591 turarepercntme3
426 5543 438 5573 a
454 5525 520 5578 item
533 5523 581 5580 lib.
598 5522 715 5596 praeeed.
732 5537 756 5577 e.
773 5525 801 5576 ll
823 5540 829 5576 :
848 5521 945 5579 »Nul-
999 5519 1047 5577 lib.
1064 5535 1088 5575 c.
1106 5524 1140 5576 2:
1160 5540 1172 5570 r
1195 5517 1297 5573 Habuit
1310 5523 1402 5585 utiquc
1416 5512 1597 5567 authenticam
1608 5512 1767 5577 paraturum.
1788 5520 1799 5551 s

146 5594 201 5650 lam
224 5593 276 5649 sibi
293 5594 435 5668 prospexit
457 5598 632 5671 agnoscendo
647 5601 809 5666 paraturam.
827 5613 838 5642 a
855 5595 946 5650 Aduo·
1000 5590 1072 5655 rau.
