3848 6120
143 291 198 351 rar
696 252 702 262 ⁸
753 294 816 354 ιιι.
838 296 870 356 ιι
889 296 966 357 ιιι.
987 297 1191 360 uinciatur.
1745 312 1798 374 tar

142 523 214 580 quos
230 508 256 561 iu
272 507 589 578 onruibusadimplebut3
604 511 647 564 rel
663 510 724 580 qnia
736 512 823 585 magis
837 515 945 570 Creato-
1002 516 1242 584 toris,timentlum
1274 534 1334 572 curn
1361 518 1529 576 coutirmatit
1559 524 1605 576 :si
1639 524 1797 596 timendum,

141 595 182 651 ris
196 606 240 651 est
262 595 359 651 delicta
382 604 488 666 patrum
512 594 575 652 filiis
599 599 774 670 exprobrare,
790 616 870 674 quam
886 602 945 672 ejus
999 603 1086 674 magis
1118 603 1210 674 ntique
1238 604 1442 660 obaudiendum
1475 623 1556 678 quam
1588 611 1799 685 negligendum,

140 686 205 755 net,
221 685 268 757 qui
284 701 334 741 nec
345 686 455 756 propria
469 688 599 758 cujusque
612 688 736 761 castigat.
753 690 807 745 Sed
822 707 875 747 unu
891 702 945 748 sta·
998 700 1026 748 et
1039 691 1131 762 incipit
1153 694 1209 763 jam
1235 692 1356 749 Christus
1380 695 1525 753 Marcionis
1547 697 1669 753 Creatori
1691 701 1796 758 docere.

140 774 202 842 tim,
220 773 322 845 inquis,
335 774 485 844 Prophetas
496 776 619 832 tuebatur
627 777 649 832 si
661 776 945 848 iniquitatemludaeo·
999 781 1084 844 Tunc,
1101 783 1123 836 si
1153 782 1195 838 Vae
1209 782 1345 838 Creatoris
1367 792 1419 852 est,
1435 787 1508 855 qaod
1532 785 1559 839 iu
1573 785 1670 842 divites
1684 799 1796 858 spectat,

139 879 202 920 rum
212 861 374 918 affirmatam
388 862 506 930 volebat,
517 864 589 936 quod
600 881 651 922 uec
662 881 724 921 cnm
734 869 875 939 prophetis
889 868 946 925 suis
998 885 1066 941 ergo
1079 870 1202 926 Christus
1226 887 1279 927 nan
1294 879 1335 926 est
1349 872 1478 928 divitibus
1501 874 1635 943 offensus,
1652 877 1700 931 sed
1715 877 1798 934 Crea-

140 952 187 1024 pie
202 951 336 1024 egissent.
352 953 453 1022 Atquin
467 953 541 1008 nulla
556 953 600 1009 hic
613 953 744 1023 iniquitas
759 956 946 1028 exprobranda
999 963 1056 1025 tor;
1072 967 1099 1014 et
1122 965 1193 1015 ratas
1213 959 1294 1013 habet
1317 959 1442 1015 Christus
1469 960 1581 1017 divitum
1605 979 1725 1034 caussas,
1750 983 1796 1021 su-

140 1041 322 1103 erattudaeis
335 1040 610 1112 laudandispntiusel
622 1043 777 1113 probandis,
789 1046 812 1099 si
823 1045 946 1120 eossrgu-
999 1046 1120 1116 perbiam
1134 1047 1204 1112 dico,
1230 1056 1257 1104 ct
1279 1048 1404 1120 gloriam,
1428 1057 1455 1106 et
1479 1049 1571 1106 saeculi
1595 1052 1693 1119 studia,
1708 1065 1734 1110 et
1749 1054 1799 1111 Dei

139 1136 280 1194 raserunt,
297 1127 460 1199 adquorum
476 1128 687 1186 destructionem
704 1133 944 1203 posttautumaevi
997 1133 1140 1200 incuriam,
1166 1152 1214 1206 per
1238 1151 1297 1207 quae
1326 1138 1368 1194 te
1390 1148 1527 1194 merentur
1548 1155 1564 1194 a
1582 1139 1719 1198 Creatore.
1746 1142 1801 1198 Sed

140 1218 214 1274 Deus
242 1216 365 1288 optimus
388 1223 477 1272 motus
509 1228 562 1274 est.
589 1218 643 1274 Sed
667 1228 732 1290 puto
756 1221 813 1290 jam
841 1231 867 1278 et
889 1238 945 1277 nau
998 1223 1134 1294 quomodo
1162 1238 1217 1279 uon
1247 1225 1370 1294 ejusdem
1388 1226 1423 1279 sit
1447 1227 1543 1282 diuites
1573 1230 1729 1301 reprobare,
1755 1231 1800 1302 qui

141 1304 263 1377 optimus
283 1305 340 1374 iam
355 1303 456 1376 aliquid
471 1314 497 1362 et
512 1322 573 1361 curu
598 1307 943 1382 Creatoremoratus(48),
997 1325 1079 1381 supra
1104 1312 1242 1368 mendicos
1275 1313 1415 1383 probarit?
1440 1314 1612 1373 Nemnuon
1637 1319 1799 1376 contrarium

141 1393 234 1451 mein
253 1402 342 1449 totum
367 1393 476 1465 Epicuri
491 1397 562 1451 Dens
587 1394 652 1466 (49).
675 1397 943 1455 Eccceoimdemu·
996 1398 1057 1468 ejus
1080 1400 1153 1469 quod
1179 1400 1334 1472 probaverit
1358 1404 1495 1473 reprobat.
1515 1405 1608 1475 ltaque
1637 1405 1661 1461 si
1678 1406 1799 1463 Creatori

141 1491 176 1540 tat
197 1482 229 1537 iu
243 1481 477 1552 maledictionem,
500 1492 527 1538 et
551 1485 668 1542 ostendit
686 1501 749 1542 enm
769 1502 799 1541 su
822 1502 884 1543 esse
899 1488 945 1560 qni
996 1487 1169 1560 deputabitur
1189 1489 1342 1545 maledictio
1367 1490 1393 1544 iu
1408 1491 1513 1558 divites,
1528 1493 1652 1562 ejusdem
1667 1493 1799 1552 deiende-

140 1570 377 1628 uoritollendiet
401 1571 504 1630 irasci:
525 1572 653 1630 l'oeeuim
673 1574 748 1629 dicit.
770 1572 874 1642 Sedlit
893 1591 944 1632 no·
998 1584 1042 1630 tur
1065 1577 1218 1633 benedictio
1246 1579 1273 1633 iu
1303 1577 1455 1649 mendicam
1476 1590 1504 1636 et
1533 1588 1618 1637 totum
1644 1582 1699 1652 jam
1727 1597 1800 1655 opus
1887 1634 1891 1643 .

141 1659 180 1716 bis
209 1661 326 1733 quaestio
349 1661 384 1716 de
410 1659 488 1718 verbi
521 1660 599 1717 istius
626 1660 763 1733 qualitate,
783 1663 859 1734 quasi
889 1678 944 1719 uon
998 1663 1109 1735 Christi,
1124 1663 1261 1721 Cenatoria
1287 1673 1339 1721 ast.
1364 1665 1392 1721 Si
1407 1666 1464 1724 Deo
1487 1667 1630 1724 llarciouis
1648 1671 1801 1729 ascribetur

141 1760 195 1808 tani
223 1749 418 1807 maledictionis
437 1750 482 1819 sit,
505 1768 585 1823 quam
610 1752 812 1810 admonitionis.
828 1754 860 1808 Et
879 1755 944 1825 quid
961 1716 983 1795 Β
998 1751 1151 1810 benedictio
1177 1752 1204 1808 iu
1219 1753 1369 1819 mendicos,
1386 1755 1509 1824 ejusdem
1529 1755 1683 1827 imponetur
1697 1770 1724 1814 at
1743 1777 1799 1816 ma-

144 1854 248 1897 raussae
270 1839 393 1906 interest,
418 1839 527 1911 quando
549 1848 576 1894 et
588 1840 736 1896 admonitio
758 1856 812 1897 uon
835 1842 871 1898 sit
885 1843 945 1900 sine
996 1840 1105 1897 ledictio
1131 1841 1159 1894 iu
1174 1841 1284 1909 divitem
1301 1850 1329 1896 et
1358 1840 1409 1896 erit
1432 1843 1556 1913 pariam
1580 1844 1722 1916 Creatoris,
1744 1856 1798 1904 tam

149 1928 476 1995 aculeoeommiuatianis,
488 1926 574 1985 392
584 1929 703 1985 maxime
712 1945 762 2000 per
777 1931 819 1986 Voe
829 1931 946 1986 amarior
996 1928 1085 1984 bouus
1109 1943 1188 1999 quam
1212 1936 1238 1984 et
1249 1929 1348 1999 jude13
1372 1943 1425 1984 noc
1446 1931 1497 1985 erit
1510 1930 1565 2000 jam
1590 1931 1740 1988 discrimini
1758 1935 1800 1991 lo-

147 2015 242 2074 lacta?
265 2016 297 2073 ltt
319 2016 469 2074 admonitio
498 2026 586 2072 numm
615 2025 641 2073 et
673 2017 858 2088 comminatio,
886 2019 946 2089 ejus
997 2033 1056 2084 cus,
1081 2031 1137 2087 quo
1175 2018 1229 2073 dno
1260 2017 1311 2072 Dei
1334 2015 1414 2089 liunt3
1447 2019 1605 2092 sublataque
1633 2020 1801 2095 discrimine,

144 2112 225 2163 erum
246 2105 295 2177 qui
318 2105 392 2161 norit
415 2103 504 2163 irasci.
531 2105 617 2162 Nemo
640 2105 712 2162 enim
736 2106 903 2179 admonebit,
919 2116 946 2166 et
998 2104 1131 2175 supererit
1154 2119 1239 2160 uuum
1262 2105 1347 2161 Deum
1371 2106 1517 2162 renuntiari
1533 2107 1699 2164 Creatorem.
1715 2111 1803 2185 igitur

142 2208 223 2252 nemo
240 2194 452 2250 comminabitur
475 2210 509 2250 ue
531 2195 594 2266 quid
620 2194 708 2264 iaciat,
724 2195 775 2251 nisi
800 2196 866 2267 quid
886 2195 944 2252 lac·
1003 2194 1055 2260 Vae,
1077 2192 1100 2247 si
1124 2199 1150 2248 et
1164 2208 1217 2250 vox
1241 2193 1435 2250 maledictionis
1459 2206 1509 2263 est,
1524 2197 1565 2252 vel
1581 2197 1800 2268 alicujusauste-

143 2291 196 2339 tum
225 2281 406 2340 vindicabit:
438 2298 516 2338 nemo
541 2283 692 2351 vindicarit,
716 2282 767 2338 nisi
798 2285 845 2356 qui
873 2284 945 2339 norit
998 2280 1077 2336 rioris
1092 2279 1302 2349 inclamationis,
1318 2283 1495 2339 ctaChristo
1509 2283 1638 2358 dirigitur
1652 2286 1680 2343 iu
1694 2287 1801 2356 divites,

144 2370 233 2427 irasci.
259 2370 317 2426 alit
332 2378 480 2443 agnoscunt
507 2371 616 2442 quidem
633 2372 745 2428 verbum
769 2372 944 2429 maledictio·
997 2368 1083 2426 debeo
1110 2370 1265 2427 Creatorem
1304 2370 1419 2428 divitum
1452 2387 1561 2445 quoque
1601 2383 1803 2446 aspernatorem

142 2459 187 2527 aia,
204 2460 260 2518 sed
281 2461 377 2517 nolunt
394 2460 529 2515 Christum
552 2459 590 2516 sic
619 2462 661 2518 Vae
675 2460 873 2532 pronuntiasse,
890 2476 944 2517 nou
997 2459 1123 2530 probare,
1148 2456 1235 2515 393
1263 2459 1374 2530 probari
1393 2460 1580 2517 mendicorum
1599 2462 1801 2532 advocatorem,

144 2549 213 2619 qnasi
235 2565 273 2605 ex
306 2548 440 2604 sententia
465 2564 517 2604 sua
541 2549 664 2619 proprie,
689 2549 737 2605 sed
755 2549 827 2623 quod
856 2551 899 2607 Vae
929 2566 944 2605 a
997 2556 1027 2603 ut
1053 2547 1192 2605 Christum
1225 2548 1252 2603 in
1284 2548 1335 2605 hac
1360 2564 1472 2621 quaque
1506 2551 1639 2607 sententia
1667 2550 1801 2608 Creatoris

143 2634 271 2692 Castore
292 2636 338 2704 nit,
361 2645 389 2690 et
412 2635 528 2692 voluerit
542 2635 594 2690 illis
613 2637 785 2708 asperitatem
809 2636 944 2693 Creatoris
998 2637 1148 2709 ostendam,
1170 2638 1359 2707 locupletantis
1382 2637 1492 2710 quidem
1514 2638 1538 2677 ⁶¹
1565 2638 1738 2697 Salomonem
1753 2641 1802 2711 (lll

141 2736 293 2797 opponere,
308 2739 362 2795 quo
378 2740 451 2779 suam
466 2740 548 2796 supra
564 2723 591 2778 iu
605 2724 840 2780 benedictionibus
855 2725 944 2782 suile·
997 2725 1061 2798 ch.
1077 2726 1130 2796 ru),
1154 2727 1204 2781 aed
1219 2728 1283 2797 quia
1297 2725 1332 2797 ⁶²,
1358 2725 1492 2796 permissa
1505 2727 1557 2782 sibi
1572 2726 1692 2799 optione,
1707 2729 1802 2785 maluit

137 2813 254 2870 rentiam
288 2813 491 2868 commendaret
524 2815 596 2883 (50);
627 2813 704 2884 quasi
737 2829 792 2869 non
820 2814 941 2871 Creatori
996 2826 1029 2867 ea
1044 2813 1181 2884 postulare
1204 2829 1264 2886 quae
1279 2813 1381 2869 sciehat
1403 2814 1461 2870 Deo
1476 2822 1563 2888 grata,
1581 2815 1753 2887 sapientiam,
1775 2826 1802 2871 et

134 2907 288 2973 competat,
302 2917 355 2972 qua
368 2903 513 2970 utrumque
528 2901 679 2971 praestanti,
695 2910 722 2956 et
736 2901 839 2957 bouum
859 2903 944 2958 Deum
999 2910 1135 2957 meruerat
1149 2902 1230 2957 etiam
1249 2902 1354 2957 diuitias
1378 2905 1517 2977 consequi,
1543 2919 1611 2976 quas
1633 2919 1688 2960 uon
1713 2906 1802 2978 magis

135 2998 166 3046 et
176 2989 321 3060 jndicem
339 2996 368 3043 ut
389 2988 452 3062 quia
476 2989 641 3060 premiserat
659 2991 686 3044 iu
711 2990 945 3046 benedictionibus
999 2989 1082 3045 voluit
1099 3007 1105 3045 :
1122 3006 1282 3060 quamquam
1306 3000 1332 3046 et
1346 2990 1454 3048 divitias
1471 3001 1608 3063 praestare,
1624 3009 1679 3049 uon
1700 2994 1800 3052 iucen-

131 3074 349 3152 benignitatem,
369 3078 514 3148 subjiceret
541 3080 620 3134 etiarn
652 3078 680 3132 in
712 3077 945 3135 maledictionibus
997 3091 1099 3148 prnsus
1119 3076 1234 3142 bausit,
1251 3092 1298 3144 per
1313 3091 1380 3149 quas
1398 3077 1537 3134 etdivites
1553 3079 1800 3153 solatinjuvantur,

130 3167 325 3232 medatem
366 3165 569 3236 amplitudinem
616 3165 765 3238 discipline
807 3154 1201 3239 utriusqueCetmultainde
1224 3178 1308 3235 opera
1328 3164 1442 3234 justitiae
1460 3173 1487 3222 et
1508 3166 1662 3224 dilectionis
1687 3170 1802 3226 admini-

128 3252 321 3320 instmendae,
356 3263 409 3310 tam
456 3255 488 3308 ad
521 3255 738 3312 benedictionem
781 3256 945 3324 sectandam,
1000 3260 1129 3309 strautur.
1152 3251 1205 3308 Sed
1229 3251 1378 3308 accidentia
1404 3252 1595 3320 nitiaditritiis,
1612 3255 1803 3313 illainEvan·

131 3358 228 3416 qnam
255 3341 292 3397 ad
308 3342 524 3398 maledictionem
554 3344 766 3414 praecavendam.
782 3344 850 3399 Nam
869 3345 946 3400 etita
999 3340 1068 3413 pelio
1082 3355 1199 3413 quoque·
1222 3341 1264 3396 Voe
1286 3339 1433 3405 divitibus,
1453 3340 1632 3397 adicriblml:
1653 3343 1800 3412 Quoniam,

130 3432 313 3502 „misma
341 3433 434 3501 (peut,
450 3447 520 3501 xxx,
538 3432 584 3503 (9(
598 3451 604 3486 ;
620 3436 688 3489 Ecce
710 3435 791 3506 posui
808 3436 877 3491 anta
900 3450 947 3490 vos
1000 3428 1097 3500 iuquit,
1113 3428 1258 3499 recepistis
1268 3427 1484 3486 advocationem
1494 3433 1617 3486 oestrum
1632 3430 1700 3502 (52),
1712 3429 1803 3503 utique

134 3517 365 3577 mammonam
389 3524 417 3577 et
435 3520 675 3578 maledictionem.
707 3521 785 3590 Quod
810 3520 889 3577 etiam
919 3522 946 3577 iu
999 3532 1030 3573 er
1047 3516 1157 3584 divitiis,
1184 3516 1217 3572 de
1232 3516 1318 3589 gloria
1343 3532 1446 3584 aarum,
1463 3526 1491 3574 et
1514 3517 1690 3575 saecularibus
1710 3518 1804 3575 fructi·

138 3605 213 3662 lune
238 3606 380 3679 Evangelii
407 3608 614 3680 dispositionem
646 3609 832 3680 portendebat.
866 3609 946 3665 Alio·
999 3606 1059 3661 bus.
1076 3607 1169 3676 ltaque
1184 3602 1211 3658 iu
1225 3604 1440 3661 Deuteronomio
1450 3605 1523 3678 (vut,
1541 3606 1728 3678 mlloyses:
1753 3608 1801 3675 Ne,

142 3694 222 3766 quin,
236 3693 323 3767 qualis
345 3705 387 3752 egr
409 3696 462 3764 itte,
479 3696 535 3768 qui,
553 3706 583 3752 ur
604 3712 681 3754 suam
701 3697 849 3754 insinuaret
867 3697 947 3753 boui·
999 3692 1096 3765 iuquit,
1112 3708 1178 3749 eum
1188 3691 1416 3762 manducaveris,
1429 3697 1457 3749 ei
1465 3692 1592 3764 repletus
1605 3694 1708 3765 fueris,
1720 3696 1748 3751 et
1757 3692 1804 3750 de·

149 3788 240 3851 tatem
265 3782 401 3840 Creatoris
426 3785 556 3856 opposuit
578 3786 752 3856 asperitatem
774 3784 817 3839 ⁵⁸?
839 3783 947 3841 Infirma
999 3799 1190 3854 masmapaas
1215 3781 1400 3851 aedificaberis
1425 3781 1493 3852 (53),
1508 3781 1655 3854 peceribus
1674 3786 1703 3838 et
1718 3781 1804 3840 ludas

153 3870 343 3929 commendatio
370 3882 410 3929 est
431 3873 501 3944 (ut),
522 3890 583 3945 quae
598 3874 632 3930 de
659 3874 806 3931 alterius⁵⁹
824 3873 946 3931 destruc·
1001 3873 1058 3929 tais
1067 3870 1247 3941 multificatis
1255 3869 1291 3938 ⁶³,
1302 3870 1460 3942 aspernata
1471 3874 1500 3929 ei
1509 3886 1593 3940 aare,
1602 3873 1806 3930 eeatteiarear

838 3999 934 4064 Variae
954 4000 1113 4062 lectiones.

192 4108 213 4147 ⁵⁸
222 4112 270 4171 Dei
284 4114 422 4188 premite.
437 4115 522 4172 Semi.
533 4116 582 4173 Dei
592 4115 703 4175 alterius
713 4116 803 4175 libem.
818 4115 843 4155 ⁵⁹
852 4117 892 4174 De
906 4111 1217 4174 alteriusamitt.alii.⁶⁰
1226 4111 1328 4185 htquiu
1342 4112 1427 4172 Semi.
1438 4111 1462 4153 ⁶¹
1473 4110 1589 4181 Quidem
1599 4112 1805 4171 reitinpamet.

169 4175 239 4252 ⁵²0¹st
253 4186 321 4243 Jun-
337 4186 362 4226 ⁶³
371 4185 552 4258 llultiplicatis
561 4187 669 4246 Pamei.

849 4275 1100 4342 Commentarius.

95 4368 107 4452 ³.
196 4388 321 4468 §liliam
336 4391 485 4464 aliquidet
500 4407 566 4449 cam
583 4394 713 4449 Crantore
734 4396 873 4451 moratas.
890 4391 950 4447 hli-
966 4408 990 4488 u
1007 4398 1090 4447 tatem
1103 4386 1383 4458 moxiuterpretutur.
1399 4386 1492 4468 Rnan.
1564 4454 1570 4466 ι

170 4460 217 4527 qum
237 4469 371 4518 moratum
386 4462 451 4520 dicit
472 4464 594 4520 moribus
610 4463 773 4536 quibusdam
792 4463 947 4534 preditum,
1042 4460 1100 4532 (ott
1112 4455 1804 4540 infirmaremmendatraesi.llurcloooobtrana5

168 4531 276 4598 qualibus
301 4532 422 4598 Creator,
450 4549 546 4606 uempe
574 4535 648 4606 odio,
678 4536 876 4605 benevolentia,
897 4533 947 4600 ira,
1004 4532 1167 4603 positionem
1213 4530 1361 4611 dictionum
1386 4528 1552 4611 ¹depravato
1598 4526 1709 4610 mederi*
1731 4530 1806 4586 licuit

168 4601 344 4674 misericordia,
357 4603 470 4674 justitia,
485 4607 637 4663 clementia.
653 4607 717 4664 lire.
1003 4618 1036 4659 ex
1049 4601 1192 4659 Gurzionsi
1209 4601 1364 4668 collatione,
1379 4599 1497 4668 infirma
1518 4598 1734 4666 commodatio,
1752 4609 1804 4655 etc.

193 4675 241 4741 tte)
259 4675 315 4732 Nec
339 4677 474 4734 inlatum
485 4679 601 4749 Epicuri
623 4680 704 4736 Dans.
722 4677 848 4749 Stupens,
865 4676 950 4746 iners,
1007 4674 1101 4730 linem
1512 4742 1517 4753 Ι
1666 4741 1672 4752 ¹

166 4739 348 4818 ὄλιιτνὺργητος.
385 4747 449 4803 lita.
486 4779 520 4788 -
550 4750 634 4804 Deum
662 4765 756 4805 secure
790 4749 889 4817 rivere,
925 4757 952 4803 et
1040 4747 1101 4818 (52)
1114 4746 1264 4814 Quoniam,
1274 4743 1377 4815 inquit,
1385 4743 1530 4814 recepistis
1540 4739 1755 4822 aduocationem
1764 4755 1805 4795 ee·

165 4814 213 4871 siue
236 4820 291 4873 ullo
311 4819 422 4889 negotio
444 4834 562 4889 curaque
576 4835 665 4876 rerum
694 4822 881 4886 humanarum,
897 4827 952 4875 sta·
1004 4820 1106 4874 stram.
1124 4816 1153 4870 ld
1169 4825 1211 4872 est
1225 4815 1447 4871 consolationem.
1471 4815 1646 4882 Prosequitur
1660 4827 1725 4868 vero
1740 4827 1805 4868 ver-

165 4887 264 4943 tuebaut
282 4888 419 4956 Eiicurei,
432 4898 458 4945 et
473 4890 579 4946 somnia
589 4891 651 4946 ideo
666 4892 835 4961 rejiciebant,
852 4907 885 4947 ue
896 4891 952 4948 Dea
1005 4888 1134 4944 babueae
1158 4886 1305 4952 v1,iuhoc
1326 4884 1463 4950 differens,
1499 4882 1554 4938 uod
1576 4898 1669 4940 vocem
1683 4884 1805 4939 Graecam
1846 4895 1856 4916 ·

95 4994 97 5013 .
163 4962 290 5032 amatium
315 4969 477 5017 acessereut.
499 4963 573 5019 Vana
590 4962 953 5034 inlatamsemnia,iuquit
1006 4958 1108 5028 ἀπιχετε
1131 4957 1209 5014 terdt
1231 4957 1387 5030 recepistis,
1411 4965 1466 5011 turn
1513 4956 1542 5035 ic·
1560 4962 1615 5011 tum
1630 4954 1711 5025 paulo
1732 4964 1804 5026 post,

161 5027 279 5095 Tertull„
295 5030 342 5089 lib.
359 5033 392 5090 de
420 5033 532 5100 Anima,
550 5048 612 5104 cap.
628 5036 673 5099 ld,
694 5036 850 5107 Epicureas
869 5032 952 5106 judi·
1006 5046 1055 5103 pra
1071 5046 1103 5088 eo
1128 5029 1201 5112 quod
1220 5028 1275 5094 alii,
1299 5029 1446 5111 habaistis,
1468 5041 1546 5109 quast
1567 5025 1659 5106 valens
1673 5026 1807 5110 explicare

160 5107 236 5167 mart,
247 5103 371 5162 tiberem
382 5104 730 5176 enepotiiadieinitatem.
746 5104 888 5176 Tantisper
897 5119 954 5160 mo-
1006 5101 1233 5174 significationem
1260 5100 1344 5166 illam,
1359 5116 1412 5171 qua
1424 5095 1684 5179 significat'ahunde
1700 5114 1808 5178 accepe-

160 5171 302 5230 ieratieret
322 5175 359 5230 ait
388 5174 494 5231 Stoicos
522 5175 681 5231 Plutarchus
709 5177 743 5231 de
762 5175 845 5231 animi
874 5184 952 5231 tran·
1006 5173 1137 5238 revelat
1159 5187 1271 5227 censum
1292 5171 1450 5228 etreditum
1474 5184 1601 5250 exarare,
1636 5168 1688 5224 uod
1705 5181 1808 5250 optime

192 5241 651 5373 ’1.ἀπρθ5γμοναςεῖναιτοῦςσοφούς
678 5245 790 5300 ἐκκλίνειν
805 5247 851 5320 γὰρ
866 5247 896 5300 τὸ
910 5267 954 5300 να·
1006 5244 1201 5309 hiccourenit,
1227 5244 1362 5299 eteodem
1376 5242 1612 5298 modotertrtura
1651 5239 1742 5310 ulgato
1761 5255 1806 5293 ιιι-

172 5319 237 5371 ‘som
266 5336 280 5369 r
322 5318 605 5391 apientesaneqotiis
632 5316 954 5384 vacare,uamoificiu1n
1007 5323 1133 5387 terprete.
1147 5313 1259 5388 (narra.
1279 5313 1331 5386 vr),
1346 5313 1504 5393 mercedem
1524 5327 1607 5368 raam
1624 5313 1805 5382 receperant.

157 5387 234 5442 ettam
248 5389 395 5446 declinant.
416 5389 487 5445 »na
507 5389 639 5446 ambobus
654 5388 777 5445 meminit
792 5389 905 5458 Seneca,
921 5390 954 5448 de
1008 5387 1053 5443 Sic
1081 5387 1163 5445 etiam
1185 5386 1268 5444 vertit
1289 5387 1416 5458 Syriacus
1444 5394 1589 5463 interpres.
1612 5381 1690 5437 llaud
1722 5379 1808 5459 multa

162 5458 321 5517 Vitabeata.
337 5459 377 5517 La
392 5461 442 5516 Pa.
1006 5458 1093 5531 aliter,
1118 5458 1165 5515 sed
1187 5457 1276 5539 magis
1297 5455 1489 5514 conuenienter
1511 5468 1572 5510 voci
1598 5452 1711 5535 Craccae,
1731 5457 1809 5505 vertit

188 5532 247 5603 (aa)
264 5530 471 5603 sufferentiam
484 5530 702 5592 commendaret.
712 5529 877 5589 Sufiereutia
890 5533 957 5590 sub·
1007 5530 1142 5602 interpres
1155 5530 1251 5585 lreuaer
1263 5527 1312 5584 lib.
1327 5543 1433 5610 accep.
1450 5528 1493 5593 at,
1507 5526 1682 5609 percepistis.
1701 5521 1770 5577 Part.

156 5602 299 5662 mandram
312 5617 424 5675 nomen,
448 5618 497 5677 pro
512 5604 650 5679 patieuu‘a,
673 5619 754 5678 quum
780 5612 808 5662 et
830 5601 955 5676 benigni·
1045 5601 1105 5674 (tia)
1122 5597 1556 5673 Dameamapaaaadrficaverrr,
1572 5604 1625 5653 etc.
1640 5591 1809 5651 Graecusco-
