3848 6120
132 298 190 361 837
723 302 822 366 LIBER
860 304 902 366 ttlt
922 304 1033 369 cttuttt
1052 302 1192 366 CHRISTI.
1725 310 1780 373 838

129 424 215 482 ahnm
237 422 450 498 magnanimum,
465 421 551 480 alium
565 439 630 481 vero
654 427 835 500 trepidantem
849 447 857 502 3
877 446 928 487 no·
943 447 967 527 Α
1270 427 1382 485 CAPUT
1399 427 1490 489 XXV.

129 510 347 580 vissimum?
362 513 441 569 alium
471 529 593 586 passum,
608 516 689 573 alium
717 519 902 576 resuscitatum
918 540 926 576 r
1019 521 1073 578 Sed
1086 519 1214 576 hactenus
1227 518 1261 576 de
1275 519 1388 576 materia
1398 523 1514 592 presenti
1529 523 1603 579 satis.
1624 524 1685 580 lam
1704 524 1779 583 enim

130 618 183 676 per
196 603 270 674 quod
292 618 369 658 snam
382 617 490 674 quoque
521 603 548 657 in
563 604 614 659 alia
640 622 719 663 carne
751 610 932 667 resurrectio·
986 609 1103 667 arbitror
1116 609 1273 666 instructam
1302 624 1361 667 esso
1385 609 1474 666 carnis
1500 610 1528 667 in
1546 611 1670 681 Christo,
1697 623 1781 672 etex

129 706 196 748 nem
210 701 373 749 asseverant.
386 690 439 746 Sed
453 691 533 757 bene,
549 693 621 763 qnod
636 693 710 751 idem
725 699 815 754 veniet
829 698 929 755 decae-
985 699 1090 772 virgine
1104 707 1184 772 natae,
1199 706 1227 755 et
1245 700 1368 754 humanae
1384 698 1579 773 probationem.
1594 700 1674 770 Quod
1687 712 1713 758 et
1732 717 1779 761 so·

129 787 177 858 lis,
191 789 237 863 qui
251 795 293 845 est
306 804 417 862 passns3
442 787 517 845 idern
546 789 674 850 omnibus
701 795 851 866 apparebit,
884 795 932 869 qui
985 788 1041 844 lum
1055 788 1209 845 discussum
1224 786 1349 846 sulficere
1361 787 1506 861 potuisset,
1525 789 1549 828 ll
1565 788 1630 846 citra
1653 790 1779 864 singula·

130 882 176 935 est
190 879 378 936 resuscitatus.
392 879 425 933 ut
438 875 610 936 videbanter
623 893 783 953 agnoscant,
805 886 853 956 qut
866 900 931 943 eam
984 894 1045 935 rum
1059 894 1091 934 ox
1105 878 1214 936 diverso
1243 877 1401 950 opinionum
1428 879 1667 951 congressionem
1698 896 1780 952 quam

130 969 317 1041 confixerant
346 965 442 1042 (loch.
469 984 513 1041 ¹13
529 973 609 1037 loun,
626 972 684 1045 rra)
701 990 707 1031 :
723 974 817 1045 utique
844 973 931 1048 ipsam
985 977 1013 1027 et
1030 967 1309 1045 argumentationibus
1334 984 1436 1035 earum,
1453 975 1481 1025 et
1511 970 1654 1044 scripturis
1680 969 1780 1043 quibus

130 1073 252 1125 ornem,
267 1058 295 1114 in
318 1073 400 1130 quam
427 1056 586 1128 saevierunt,
617 1060 675 1117 sine
700 1078 763 1133 qna,
790 1078 843 1120 nec
871 1063 931 1136 ipse
984 1066 1106 1125 utuntur,
1127 1058 1331 1130 provocavimus
1349 1072 1382 1114 ex
1403 1057 1559 1125 abundanti,
1578 1058 1619 1114 uti
1644 1073 1689 1131 eo,
1708 1057 1781 1133 quod

130 1162 194 1205 esse
214 1146 327 1218 poterit,
343 1160 395 1202 nec
409 1146 528 1218 agnosci.
542 1145 578 1202 Ut
592 1153 619 1202 et
634 1147 673 1203 illi
692 1150 865 1217 erubescant,
885 1152 931 1224 qui
984 1147 1167 1222 probavimus,
1183 1147 1283 1220 quidet
1298 1148 1370 1203 unde
1385 1146 1466 1203 luerit
1484 1146 1585 1204 Christi
1610 1162 1685 1219 caro,
1715 1146 1782 1220 quid

129 1234 272 1293 affirmant
286 1250 396 1292 carnem
408 1233 436 1290 in
451 1233 528 1289 coelis
548 1250 661 1293 uacuam
686 1253 768 1295 sensu
809 1246 840 1296 nt
853 1239 931 1314 vagi·
983 1252 1039 1295 non
1058 1236 1148 1305 tuerit,
1159 1237 1287 1296 adversus
1301 1252 1397 1294 omnes
1411 1237 1676 1310 praeiudicaverimus
1694 1237 1729 1294 ⁷⁸.
1746 1237 1782 1295 Ut

130 1338 197 1382 nam
220 1331 347 1397 exempto
375 1322 612 1382 Christosedera:
642 1335 689 1384 aut
719 1328 764 1399 qui
779 1343 888 1386 carnem
904 1337 932 1386 et
984 1334 1076 1385 autem
1090 1326 1240 1384 clausulam
1255 1326 1280 1365 ⁷⁹
1294 1326 1328 1381 de
1343 1325 1503 1397 praefatione
1534 1325 1673 1384 communi
1701 1324 1783 1383 iaciat

131 1414 251 1471 mimam
264 1413 443 1479 tantumdem,
457 1423 504 1468 aut
522 1415 713 1474 tantummodo
726 1415 854 1487 animam,
873 1432 932 1475 oar-
984 1415 1144 1473 resurrectio
1159 1417 1247 1472 carnis
1260 1422 1359 1473 nostrae
1373 1415 1408 1482 ⁸⁰,
1425 1417 1479 1472 olio
1492 1414 1582 1473 libello
1600 1414 1781 1487 defendenda,

132 1516 199 1561 uem
217 1517 282 1563 ruo
308 1517 365 1560 non
395 1502 462 1573 jam.
984 1507 1029 1563 hie
1056 1505 1166 1562 habebit
1194 1503 1450 1577 praestructionem
1464 1505 1607 1564 manifesto
1632 1505 1689 1577 iam
1709 1504 1780 1578 (tt),

500 1623 537 1640 -
987 1597 1067 1669 quale
1082 1592 1164 1651 luerit
1177 1594 1249 1668 quod
1264 1594 1291 1649 in
1302 1593 1409 1652 Christo
1423 1596 1571 1654 resurrexit
1584 1595 1620 1652 ⁸¹.

828 1740 924 1805 Variae
943 1744 1099 1806 lectiones.

170 1844 196 1887 ’Π
211 1845 264 1904 Sed
284 1847 370 1906 iasar.
385 1847 472 1907 libert.
499 1850 584 1908 Semi.
601 1850 626 1888 ³⁰
645 1848 883 1905 Praedicaaerimus
904 1851 970 1906 Pur.
1015 1848 1204 1906 raecaverimus
1228 1845 1288 1918 ltip.
1307 1847 1390 1918 Leop.
1419 1847 1482 1906 ten.
1505 1846 1530 1886 ⁷⁹
1548 1846 1672 1904 Clausala
1690 1849 1780 1908 amn.

134 1916 225 1976 Semi.
238 1918 263 1958 ³⁰
274 1919 376 1977 Nostrae
389 1920 467 1979 obest
482 1938 500 1978 o
514 1921 604 1978 Rhea.
621 1921 706 1979 Semi.
720 1921 745 1959 ⁰¹
760 1921 953 1979 Resurrexerit
969 1865 1056 1978 afra.
1074 1919 1159 1979 sent.

832 2037 1081 2102 Commentarius.

168 2137 371 2222 (amittentem
381 2141 539 2224 eluruutom
555 2142 588 2199 de
601 2143 774 2269 probatione
784 2144 931 2200 commoni
949 2164 971 2242 Β
986 2142 1147 2224 inquietare,
1170 2140 1266 2199 merito
1281 2138 1381 2199 Christi
1397 2156 1506 2216 quoquo
1523 2157 1633 2200 carnum
1651 2141 1782 2215 quaestio-

128 2210 222 2282 [aaut
232 2216 402 2271 resurrectae
416 2216 511 2270 cornis
526 2217 641 2271 nostrae.
682 2229 721 2270 aec
739 2214 859 2270 clausula
879 2231 933 2271 rea·
986 2215 1067 2270 nibus
1082 2214 1242 2272 distrahunt.
1265 2212 1358 2269 »thu

128 2281 235 2353 pendet
248 2283 401 2341 verbisitlis
424 2300 484 2358 qum
499 2285 526 2339 in
547 2287 663 2355 troiusce
691 2286 851 2357 praefatione
866 2300 934 2359 ope·
1026 2287 1085 2356 tut)
1104 2287 1250 2357 Manifesta
1270 2287 1344 2358 jam,
1377 2284 1550 2354 subauditur,
1584 2285 1726 2359 existente,
1752 2293 1783 2344 ut

128 2352 171 2409 ris
196 2352 345 2427 leguntur:
377 2355 448 2425 Quid
476 2355 560 2412 tidem
587 2356 795 2422 resurrectionis
823 2357 933 2415 student
984 2355 1085 2414 Graece
1098 2352 1177 2425 ittae
1192 2358 1269 2418 ὄντος.
1285 2358 1378 2414 Rana.

1314 2539 1772 2561 Ἣ

280 2720 360 2888 Q.
420 2720 655 2867 SEPT.
724 2722 976 2868 FLOR.
1036 2719 1635 2865 TERTULLIANI

912 2995 1006 3050 LIBER

453 3164 547 3280 DE
588 3159 1175 3282 RESURRECTIONE
1204 3158 1463 3283 CARNIS

409 3560 663 3620 hllGUblENlbll.
945 3571 967 3653 c
1019 3534 1089 3630 Gap.
1107 3555 1246 3630 lX.‚Quod
1258 3554 1381 3614 cluristus
1395 3571 1515 3628 carnem,
1530 3561 1558 3614 et
1570 3556 1594 3613 si
1608 3553 1744 3613 inlirmam
1758 3558 1786 3615 et

168 3651 239 3725 cap.
255 3649 279 3708 1.
292 3679 328 3692 -
341 3649 382 3708 lle
395 3651 596 3710 resurrectione
610 3647 699 3706 carnis
708 3647 862 3720 scripturus
875 3645 932 3703 hu·
988 3647 1176 3721 peccatricem,
1188 3654 1190 3659 ·
1200 3645 1332 3705 dilexerit.

129 3746 201 3812 atur,
216 3739 350 3811 imprimis
362 3739 443 3796 tradit
459 3756 519 3796 eam
533 3741 614 3796 etiam
634 3738 746 3807 saeculo,
765 3744 794 3794 et
820 3752 935 3809 praeser·
1025 3745 1110 3805 793
1124 3747 1194 3818 Cap,
1212 3747 1250 3806 x,
1265 3745 1345 3818 Quod
1358 3744 1479 3819 deniquo
1501 3727 1648 3820 spripmsig
1675 3759 1738 3803 ως)
1751 3743 1788 3802 11.

131 3829 183 3890 tim
195 3828 342 3887 Platonicis
365 3845 397 3887 ao
419 3828 606 3904 Pythagoricis
625 3845 680 3885 non
699 3827 820 3903 ignotam
839 3826 932 3884 luisse.
987 3838 1125 3897 lustretur,

130 3918 199 3993 cap.
213 3918 249 3976 ll.
268 3917 415 3976 llaereticos
430 3934 503 3988 uero,
531 3918 583 3974 etsi
606 3933 667 3974 eum
694 3916 851 3973 Sadducaeis
879 3931 934 3972 non
1021 3937 1088 4009 Cap,
1103 3936 1153 3993 xp,
1169 3936 1262 4010 Neque
1276 3950 1340 3994 pem
1368 3934 1416 3992 [201
1425 3935 1580 4007 {potentiam
1599 3934 1730 3992 excedere
1743 3948 1789 3992 m·

131 4016 295 4082 agnoscant,
311 4005 415 4063 reuinci
440 4013 606 4064 lamentum
630 4005 710 4075 libro,
732 4003 874 4079 praemisso
902 4004 936 4061 dc
991 4026 1185 4085 surrectionem
1200 4026 1303 4082 camis,

133 4096 228 4161 Gom
247 4096 363 4165 Christi,
378 4097 476 4153 tnmde
489 4096 648 4155 Deocorois
667 4097 793 4164 auctore,
810 4095 837 4149 et
853 4090 934 4150 utra·-
1028 4113 1290 4188 fflp·X11·Di,mae
1315 4114 1388 4170 enim
1403 4113 1533 4186 potentia,
1550 4112 1704 4186 exemplum
1729 4125 1790 4169 ω

132 4190 180 4245 ⁸⁸⁰
193 4187 288 4244 Μὰ
302 4185 581 4261 'tdtmltitt'tafiblis
605 4184 740 4242 “dveriui
764 4181 933 4239 mmmmm
990 4205 1092 4262 dietae
1111 4203 1209 4272 noctis,
1226 4201 1324 4260 hiemis
1347 4210 1373 4260 et
1394 4204 1508 4274 aestatis,
1527 4203 1600 4260 veria
1617 4215 1650 4257 aa
1667 4197 1792 4257 anmmni

132 4272 256 4347 sumptim
282 4275 356 4349 qnod
371 4276 467 4331 animae
494 4272 721 4331 resurrectionem
746 4285 802 4328 non
825 4275 935 4342 negent,
988 4292 1199 4352 vicissimdines·

129 4363 348 4465 praeter-'solum'
361 4365 615 4434 Lutfflumtfflfllffl
641 4377 723 4462 tuen}
753 4358 852 4417 “nimae
879 4359 934 4415 ω’
1022 4390 1174 4465 capitul.
1189 4389 1344 4447 Phoenicem
1361 4387 1454 4458 otiam,
1473 4385 1593 4445 Orientis
1611 4385 1714 4460 alitem,
1740 4386 1788 4461 qui

128 4455 320 4513 mortalitatem
333 4455 401 4510 hbro
416 4454 450 4512 do
460 4455 565 4510 Atalmo
581 4459 684 4508 tutatus
699 4458 743 4507 stt.
997 4481 1170 4554 „metipsum
1195 4478 1326 4537 funerans
1351 4484 1475 4534 renouat,

173 4543 242 4617 Cap.
256 4544 304 4600 lll.
323 4543 437 4601 Proinde
450 4542 593 4599 haereticos
608 4556 663 4598 non
683 4541 785 4598 debere
806 4536 882 4610 uulgi
909 4537 936 4592 in
1028 4591 1095 4664 cap·
1111 4589 1190 4648 XIV·
1213 4585 1295 4658 Atqui
1314 4592 1343 4642 et
1363 4596 1473 4642 mmm
1499 4580 1675 4639 restitutionis
1701 4580 1792 4639 emis

130 4633 344 4783 “gameffia
357 4630 642 4778 ἱεηοῐῳίωἷπᾳώ·
698 4719 704 4731 .
912 4664 935 4758 ’.
994 4677 1120 4736 idoneam
1135 4677 1246 4734 subesse
1259 4674 1309 4732 Dei
1326 4672 1355 4729 in
1370 4673 1442 4730 bono
1460 4670 1658 4728 remunerando
1676 4677 1705 4728 et
1720 4670 1792 4727 malo

209 4739 240 4797 p.
291 4748 321 4780 ,ι
337 4737 490 4796 equeemm
507 4738 524 4780 o
543 4730 615 4778 stare
632 4735 721 4780 earnm
751 4732 831 4792 quam
857 4731 915 4789 prae
993 4766 1132 4841 puniendo
1150 4765 1292 4838 iudicium·

129 4813 249 4875 “ndum
263 4810 468 4887 ³⁸⁰⁰bi¹i¹³tffi
1029 4866 1095 4938 Gap.
1106 4864 1170 4922 XV.
1185 4864 1253 4921 Cum
1268 4861 1340 4919 eninr
1355 4875 1502 4935 operarum
1514 4857 1587 4915 inter
1600 4871 1631 4915 se
1647 4854 1738 4914 anima
1765 4862 1794 4914 et

166 4900 282 4975 Capi.
299 4901 428 4966 Primum,
444 4900 517 4974 qnod
532 4915 549 4955 a
564 4899 621 4956 Deo
635 4897 705 4956 lacta
719 4898 762 4956 sit.
1125 4954 1130 4966 ,
1562 4947 1568 4957 ,

166 4992 236 5064 029,
251 4990 295 5047 pp,
310 4991 387 5057 pem,
405 4992 478 5065 quod
492 4989 541 5046 Dei
552 5004 635 5046 manu
645 4995 790 5044 exstructa.
993 4971 1056 5013 earo
1075 4960 1230 5055 societatem
1249 4952 1375 5053 habeant,
1390 4956 1516 5021 oportere
1533 4951 1678 5021 etiam,aut
1691 4958 1790 5021 poenae,

954 5033 977 5112 Ι)
995 5053 1041 5103 aut
1051 5052 1147 5119 gratie
1161 5055 1360 5101 communicare
1375 5038 1539 5095 mercedem.

165 5082 242 5155 cap.
264 5079 323 5138 vit.
339 5079 419 5150 Quod
430 5083 488 5152 jam
503 5081 584 5137 limus
599 5079 626 5133 in
641 5092 748 5135 carnem
774 5071 937 5133 reformatus

129 5169 329 5229 etimmutatus
342 5170 388 5228 sit.
1032 5153 1099 5226 Cap.
1109 5151 1183 5210 xvt.
1196 5148 1256 5207 Etsi
1271 5146 1344 5206 enim
1362 5162 1411 5204 oua
1425 5147 1531 5203 atrimae
1548 5159 1611 5202 caro
1629 5142 1792 5217 appelletur,

168 5260 237 5335 unp.
259 5260 328 5318 illl.
344 5259 424 5330 Quod
439 5258 514 5333 apud
529 5257 695 5314 Christianos
720 5268 785 5312 caro
800 5253 936 5325 abluatur,
996 5257 1051 5299 1¹⁰ss
1070 5250 1160 5298 tumen
1183 5247 1326 5323 propterea
1347 5251 1402 5295 non
1420 5243 1448 5292 et
1464 5234 1565 5292 meritis
1590 5233 1688 5291 animae
1713 5247 1792 5290 oum-

131 5348 428 5425 deputandorum,
443 5365 541 5407 manus
563 5345 734 5421 impositione
749 5343 937 5410 adumbretur,
996 5332 1144 5391 manicare.

132 5453 255 5512 corpore
277 5446 306 5498 et
324 5439 458 5513 sanguine
476 5438 576 5497 Christi
591 5443 730 5503 vescatur,
746 5433 864 5507 deniquo
880 5439 944 5507 post
1032 5429 1099 5504 Cap.
1119 5428 1205 5488 xvh.
1235 5426 1324 5502 Atque
1336 5424 1414 5494 adeo,
1436 5439 1498 5480 cum
1522 5419 1618 5477 anime
1641 5416 1713 5474 tacte
1744 5429 1794 5488 per

131 5530 352 5591 conflictationes
364 5530 472 5603 animae,
490 5529 604 5604 jejunia,
626 5526 821 5603 virginitatem,
850 5519 942 5580 ridui·
996 5534 1104 5578 carnem
1118 5516 1351 5585 administrentur,
1366 5530 1421 5572 aon
1435 5509 1562 5570 sufficere
1575 5506 1693 5563 animam
1706 5500 1793 5563 loteri

133 5624 234 5693 tatem
243 5634 294 5694 pro
305 5620 427 5678 nominis
440 5618 538 5678 Christi
553 5619 606 5676 fide
622 5617 763 5676 moriatur.
1000 5616 1049 5668 aut
1062 5607 1186 5681 eruciari,
1197 5607 1256 5665 sine
1270 5619 1361 5673 earne,
1376 5616 1426 5676 pro
1440 5598 1570 5674 operibus
1582 5593 1681 5655 carnis.
