3840 6134
63 111 123 187 tm

565 111 663 182 utili
678 111 723 173 llll
740 110 1000 182 EXHORTATIONE
1018 116 1218 181 dasttttdtn

1666 117 1722 178 978

66 241 121 298 bus
142 244 307 311 conceptum
329 237 385 295 ⁶²?
404 239 472 296 Poto
499 239 578 296 nobis
599 253 656 296 non
676 238 764 313 magis
782 239 903 339 licereg
920 246 1001 315 petua
1010 244 1045 300 66.
1064 245 1193 303 Novimus
1206 245 1330 319 virgines
1357 245 1448 303 Vestae
1466 252 1493 301 et
1511 243 1624 301 lunonis
1650 243 1722 315 apud

66 335 225 387 umentem
244 341 355 393 nccare,
382 340 462 400 quam
487 334 589 383 natum.
615 326 668 384 Sed
690 325 804 383 lortessc
818 327 864 384 illo
920 334 1028 390 Achaia
1042 335 1182 406 oppidum,
1199 334 1332 406 Apollinis
1344 333 1558 406 apudEphesos,
1572 342 1599 389 et
1617 332 1722 389 lliner-

65 425 192 488 tempore
214 414 381 489 praegnantis
399 416 502 482 uxoris,
519 414 665 472 remedium
687 424 768 473 tantae
782 415 860 472 solli-

65 503 179 563 citudini
198 504 224 542 66
246 519 263 558 a
283 503 339 558 Deo
353 508 447 574 petere
470 503 583 560 audebis
606 502 674 575 (Pl),
690 502 764 575 quod
788 504 815 559 iu
837 510 863 559 tc

64 595 187 665 positum
209 591 350 648 recusasti.
374 591 480 665 Aliqua,
501 594 608 664 opinor,
629 593 730 649 sterilis
752 593 863 665 prospi-

64 683 163 750 cietur,
186 681 242 753 jam
265 680 308 740 vel
332 680 481 752 frigidioris
504 681 599 737 etatis.
635 682 704 738 Satis
726 684 861 755 consulte,

64 784 94 830 et
110 774 136 828 in
151 770 246 843 primis
261 768 386 826 fideliter.
400 771 507 827 Nullam
526 773 599 827 enim
612 771 789 840 credidimus,
804 773 862 832 Deo

63 861 183 926 volente,
210 858 328 916 sterilem
360 868 405 915 aut
437 875 517 915 annm
540 859 666 926 enixam3
690 860 763 933 quod
796 861 864 916 adeo

63 948 154 1023 magis
177 947 283 1005 evenire
304 954 401 1018 potest,
420 947 443 1003 ni
467 950 528 1019 quis
552 949 760 1020 praesumptione
784 950 864 1019 hujus

64 1036 243 1112 providentiae
256 1051 312 1092 suae
327 1036 376 1092 Dei
397 1036 595 1093 emulationem
618 1037 783 1111 provocarit.
800 1037 862 1095 Sci-

64 1142 128 1184 mus
141 1125 260 1199 deniqne
284 1125 425 1198 quemdem
447 1139 481 1180 ex
505 1123 641 1193 iratribus,
662 1142 733 1193 cum,
754 1134 864 1199 propter

63 1214 149 1272 tiliam
169 1231 259 1284 suam,
279 1214 399 1272 secundo
422 1215 593 1271 matrimonio
616 1214 732 1272 sterilem
755 1225 864 1287 captas-

63 1312 107 1361 set
133 1318 258 1370 uxorem,
282 1309 336 1359 tem
358 1303 453 1360 iterum
477 1313 580 1375 patrem
602 1301 712 1370 laetum,
737 1320 817 1376 quam
836 1312 864 1360 et

63 1394 164 1451 iterum
177 1392 315 1450 maritum.

358 1479 470 1539 CAPUT
493 1479 567 1536 Xlll.

917 439 960 480 vae
975 425 1136 495 quibusdam
1152 425 1227 479 locis.
1243 424 1374 478 Novimus
1384 430 1411 479 et
1424 421 1593 479 continentes
1603 420 1719 489 vtrosvt,

917 519 944 568 et
967 512 1076 583 quidem
1091 512 1161 569 teuri
1182 510 1254 566 illius
1287 509 1396 580 aegyptii
1425 508 1567 564 antistites.
1597 509 1721 563 Feminae

918 614 982 657 vero
1003 599 1094 657 Cereri
1122 599 1260 656 Africana
1275 617 1283 665 ;
1300 598 1342 653 cui
1368 598 1447 652 etiam
1475 606 1571 667 sponte
1598 597 1720 653 abdicato

917 684 1007 744 929
1025 687 1196 743 matrimonio
1220 687 1408 750 adsenescunt,
1435 694 1588 742 aversantes
1621 685 1721 743 exinde

918 783 1069 834 contactum
1097 777 1276 833 masculorum
1300 774 1335 844 ⁶²,
1365 789 1452 846 usque
1480 773 1513 828 ad
1538 772 1628 829 oscula
1652 774 1720 830 lilio-

918 881 988 923 rum.
1008 864 1112 921 loveoit
1152 864 1255 920 scilicet
1282 862 1418 925 diabolus,
1461 870 1525 934 post
1573 863 1718 930 luxuriam,

918 953 998 1010 etiam
1012 952 1163 1010 castitatem
1189 950 1361 1023 perditricem
1390 950 1425 1018 ⁶³,
1454 966 1509 1022 quo
1541 951 1628 1024 magis
1658 968 1720 1007 rena

917 1046 952 1100 sit
966 1041 1142 1111 Christianus,
1158 1040 1205 1115 qui
1232 1040 1386 1097 castitatem
1413 1039 1578 1096 recusaverit
1604 1055 1719 1097 conser-

916 1132 1055 1190 vatricem.
1085 1132 1171 1187 Erunt
1199 1129 1318 1185 nobisio
1347 1128 1526 1185 testimonium
1555 1136 1581 1184 et
1614 1130 1719 1186 leminae

916 1219 1039 1292 quaedam
1068 1218 1220 1285 saeculares,
1244 1218 1278 1273 ob
1307 1217 1456 1274 univiratus
1498 1217 1720 1286 obstinationem,

917 1304 1015 1362 lamam
1049 1316 1201 1364 consecutae
1219 1323 1225 1360 :
1242 1313 1273 1363 ιιι
1306 1306 1375 1362 Dido
1399 1305 1434 1373 66,
1463 1322 1523 1378 quae
1550 1305 1664 1380 profuga
1691 1307 1718 1361 in
1770 1337 1775 1349 ·

918 1393 1005 1451 alieno
1020 1397 1089 1461 solo,
1105 1394 1151 1450 ubi
1165 1394 1274 1463 nuptias
1289 1394 1361 1467 regis
1385 1394 1456 1450 ultro
1485 1401 1591 1464 optasse
1617 1395 1719 1451 debue-

918 1491 968 1549 rat,
999 1498 1033 1538 ne
1043 1490 1134 1537 tamen
1150 1482 1468 1553 secundasexperiretur,
1484 1483 1579 1538 maluit
1604 1499 1620 1538 c
1649 1499 1718 1540 cou-

101 1569 145 1627 Ad
157 1569 227 1627 hanc
248 1584 336 1626 rocam
360 1568 572 1627 cohortationem
590 1568 626 1636 ⁵⁶,
644 1567 726 1624 irater
740 1566 861 1625 dilectis·
879 1542 995 1625 Btrarto
1009 1569 1141 1642 uriquam
1161 1571 1263 1625 nubere
1278 1570 1351 1642 (nt),
1365 1570 1409 1627 vel
1437 1570 1482 1625 illa
1508 1571 1630 1627 Lucretia
1657 1589 1718 1643 quaa

65 1659 148 1727 sime,
168 1658 298 1716 accedunt
312 1657 392 1714 etiem
409 1655 550 1714 saecularia
565 1657 687 1728 exempla
712 1654 780 1728 (22),
800 1669 861 1728 quae

10 1770 14 1781 ¹
64 1763 144 1822 saepe
163 1747 243 1805 nobis
262 1747 343 1805 etiam
365 1747 392 1802 io
417 1745 571 1803 testimonio
594 1745 681 1816 posita
704 1752 777 1811 sunt,
799 1759 862 1801 com

61 1838 130 1913 quid
144 1839 257 1905 bonum,
281 1845 309 1895 et
323 1838 381 1894 Deo
400 1836 527 1909 placitum
541 1837 576 1892 ab
596 1835 731 1893 extraneis
751 1850 862 1909 quoque

61 1926 230 2001 agnoscitur,
254 1935 281 1984 et
299 1926 455 1983 testimonio
479 1933 616 1982 oneratur.
642 1922 774 1996 Denique,
799 1940 860 1982 mo·

61 2014 189 2091 nogamia
212 2017 282 2086 apud
296 2015 424 2074 ethnicos
447 2017 483 2072 ita
507 2015 535 2069 in
555 2028 661 2070 summo
689 2013 793 2069 honore
807 2021 858 2079 est,

60 2113 92 2163 ut
114 2104 304 2177 etrirginihns
327 2105 446 2180 legitime
469 2103 636 2160 nubentibus
659 2101 768 2158 univira
790 2117 859 2173 pro-

60 2191 136 2249 nuba
154 2190 211 2264 (23)
235 2191 409 2263 adhibeatnr;
430 2190 494 2248 etsi
514 2190 630 2262 auspicii
652 2205 742 2255 reuss,
765 2190 859 2263 utique

59 2281 127 2339 bont
149 2279 267 2353 auspicii
284 2288 335 2338 est.
359 2282 438 2346 ltem,
452 2290 482 2335 ut
504 2281 531 2334 io
550 2278 714 2351 quibusdam
728 2278 859 2335 solemni-

61 2369 113 2426 bus
127 2377 154 2426 et
166 2366 274 2439 ciliciis,
298 2368 372 2440 prior
390 2369 425 2423 sit
439 2367 551 2424 univirae
563 2367 651 2425 locus.
667 2366 747 2424 Certe
766 2365 858 2422 hami·

59 2458 124 2514 nica
145 2456 253 2514 nonnisi
278 2456 385 2512 univira
402 2463 452 2522 est,
472 2470 533 2528 quae
554 2464 581 2511 et
598 2455 714 2511 tlaminis
737 2454 781 2511 lex
805 2463 856 2511 cst.

60 2546 134 2603 Nom
147 2546 221 2616 prior
243 2559 305 2601 cnm
325 2546 375 2618 ipsi
402 2543 524 2616 pontifici
540 2543 658 2599 maximo
678 2543 777 2600 iterare
795 2558 857 2598 ma·

58 2634 221 2692 trimonium
234 2649 289 2691 non
308 2633 380 2699 licet,
396 2628 488 2705 utiqtie
502 2633 683 2706 monogamiae
698 2630 855 2706 gloriaest:

916 1659 966 1717 etsi
984 1661 1010 1700 66
1024 1661 1109 1716 semel
1120 1674 1170 1733 per
1185 1658 1248 1727 vim,
1262 1667 1289 1715 ct
1303 1659 1396 1725 invita,
1422 1659 1506 1715 alium
1528 1661 1616 1716 virum
1640 1679 1718 1733 passa

916 1759 966 1815 est,
981 1749 1112 1822 sangnine
1125 1764 1178 1806 suo
1196 1749 1357 1804 maculatam
1372 1748 1398 1786 66
1408 1763 1515 1803 carnem
1539 1748 1597 1820 (26)
1621 1750 1715 1821 abluit,

915 1856 949 1895 ne
968 1841 1068 1896 viveret
1078 1840 1134 1908 jam
1153 1837 1275 1894 nonsibi
1296 1837 1411 1894 univira.
1423 1837 1504 1894 Plura
1526 1837 1650 1909 exempla
1664 1854 1716 1894 cu-

915 1927 1015 1984 riosius
1028 1924 1123 2005 abac
1136 1928 1169 1982 de
1184 1926 1282 1982 nostris
1298 1927 1427 1982 invenias
1445 1926 1469 1964 66
1485 1926 1554 1996 (66),
1570 1926 1717 1998 etquidem

915 2023 991 2072 tanto
1006 2017 1121 2089 potiora,
1132 2024 1232 2087 quanto
1247 2014 1353 2071 lucilius
1380 2015 1405 2053 66
1435 2025 1477 2071 est
1502 2015 1594 2073 vivere
1622 2016 1649 2071 in
1673 2032 1717 2073 cn-

913 2104 1013 2175 stitate,
1032 2121 1113 2177 quam
1128 2121 1177 2176 pro
1193 2120 1224 2159 ea
1235 2103 1302 2160 mori
1326 2104 1402 2170 ;hoc
1423 2112 1474 2173 est,
1503 2103 1599 2159 animae
1618 2103 1643 2158 id
1662 2106 1715 2160 bo·

912 2209 977 2249 num
993 2193 1109 2258 misceri,
1120 2208 1201 2265 quarn
1221 2208 1275 2248 non
1290 2192 1404 2248 vivendo
1416 2193 1534 2264 separari
1549 2194 1584 2248 66.
1612 2192 1715 2259 Quanti

912 2280 995 2353 igitur
1018 2293 1045 2337 et
1063 2291 1169 2356 quantae
1187 2280 1411 2338 inecclesiasticis
1434 2280 1574 2338 ordinibus
1588 2281 1621 2337 de
1649 2299 1716 2339 con.-

911 2370 1023 2428 tinentis
1045 2381 1197 2437 censentur,
1212 2369 1259 2443 qui
1274 2369 1300 2409 66
1312 2371 1370 2425 Deo
1385 2368 1485 2425 nubere
1492 2370 1652 2438 maluerunt,
1668 2372 1714 2442 qui

911 2459 1000 2516 carnis
1025 2474 1082 2514 suae
1095 2460 1223 2514 honorem
1244 2456 1536 2529 restituerunt,quique
1551 2457 1574 2495 66
1605 2475 1634 2514 so
1656 2460 1712 2528 jum

911 2547 983 2603 iltius
997 2547 1046 2604 aevi
1059 2545 1131 2602 filios
1154 2545 1321 2610 dicaverunt,
1348 2546 1500 2600 occidentes
1514 2545 1542 2599 in
1557 2561 1586 2600 sc
1607 2560 1712 2602 concu-

911 2633 1072 2705 piscentiam
1100 2631 1234 2697 libidinis,
1264 2641 1291 2687 et
1333 2640 1419 2687 totum
1439 2629 1505 2685 illud
1542 2631 1615 2703 quod
1641 2632 1713 2690 intra

56 2738 125 2781 com
145 2731 237 2780 antem
259 2723 308 2779 Dei
326 2732 492 2780 sacramenta
513 2720 625 2777 Satanas
650 2719 766 2790 allectat,
790 2733 858 2792 pro·
879 2712 1067 2793 ctlmdisnm
1096 2737 1148 2778 non
1180 2719 1268 2792 potuit
1299 2717 1422 2776 admittit
1440 2718 1516 2777 Unde
1543 2735 1711 2789 presumen-

57 2810 169 2872 vocatio
181 2817 225 2868 est
242 2818 351 2880 nostra;
372 2810 427 2866 imo
443 2809 571 2879 suffusio,
591 2808 700 2882 sipigri
715 2823 810 2864 sumus
824 2805 858 2862 ad
912 2809 977 2867 dum
993 2820 1034 2869 est
1053 2812 1110 2880 hos,
1130 2811 1177 2883 qui
1210 2810 1278 2865 intra
1310 2808 1468 2880 paradisum
1496 2807 1581 2881 recipi
1611 2809 1710 2879 volent,

57 2900 253 2959 continentiam
273 2901 330 2957 Deo
353 2900 543 2973 exhibendam,
570 2915 651 2973 quam
672 2897 782 2955 diabolo
795 2896 857 2969 qui·
912 2898 1019 2956 undem
1039 2899 1136 2956 debere
1149 2912 1259 2955 cessare
1273 2896 1307 2953 ab
1321 2912 1353 2952 ea
1380 2912 1422 2961 re,
1443 2912 1459 2952 a
1487 2913 1542 2970 qua
1565 2899 1710 2969 paradisus

59 2989 126 3046 dam
139 2997 277 3061 praestent,
292 3003 364 3046 nunc
377 2989 542 3063 virginitate,
564 3003 635 3044 nunc
650 2986 777 3044 viduitate
790 3000 856 3056 per·
911 2986 1024 3045 intactus
1034 2996 1086 3043 est.

745 3097 842 3164 Variae
862 3103 1020 3165 lectiones.

95 3200 121 3241 66
150 3199 336 3258 Disscluturus
373 3216 405 3258 es
431 3201 610 3259 medicamine
646 3202 731 3258 Fran.
761 3201 830 3254 Por.
869 3197 895 3236 66
921 3196 1007 3255 Tanta
1042 3198 1187 3256 solitudine
1215 3199 1303 3256 libes.
1332 3196 1356 3237 66
1388 3199 1595 3257 contentionem
1619 3205 1706 3261 Pron.
1779 3234 1784 3241 ·

57 3274 129 3331 Por.
169 3274 250 3329 Pam.
289 3273 314 3312 66
342 3271 397 3341 Qui
434 3275 562 3330 antistant
597 3287 668 3328 nunc
703 3268 871 3341 virginitate.
905 3285 976 3327 nunc
1014 3269 1070 3327 vid.
1109 3271 1214 3325 evirant
1255 3273 1341 3326 Fron.
1371 3270 1394 3308 66
1433 3269 1499 3326 Cum
1536 3281 1627 3329 autem
1656 3275 1708 3333 Dei

56 3342 94 3400 sit
123 3342 220 3399 simius
246 3353 349 3399 tautum
378 3344 490 3401 Satanas
517 3344 550 3399 ad
578 3341 772 3414 perficiendum
803 3340 958 3408 provocatio
999 3349 1039 3396 est
1071 3341 1156 3396 nostri
1183 3370 1217 3382 -
1250 3342 1312 3411 quia
1346 3339 1455 3395 diaholo
1483 3373 1519 3384 -
1547 3345 1706 3403 noverimus

55 3413 195 3487 (noverim
222 3415 302 3485 Por.)
334 3417 454 3486 virgines
480 3417 569 3472 Vestae
597 3414 667 3487 apnd
698 3413 820 3476 Romam,
849 3417 877 3492 et
902 3412 1017 3469 lunonis
1050 3413 1122 3485 apud
1149 3410 1287 3478 Achaiam,
1316 3417 1342 3466 et
1370 3411 1506 3486 Apollinis
1542 3416 1613 3540 οἶοι
1641 3417 1692 3473 Det

169 3492 196 3541 et
216 3485 341 3542 hlioervae
364 3502 391 3544 et
413 3486 505 3542 Dienae
527 3486 653 3544 omnibus
672 3485 750 3540 locis.
777 3481 940 3538 Noveramus
960 3484 1099 3551 (noveram
1122 3486 1201 3553 Pari
1231 3484 1398 3541 continentes
1422 3485 1495 3540 viros
1517 3503 1548 3541 co
1571 3527 1577 3543 .
1603 3489 1703 3544 ll'oorn.

55 3487 218 3613 B>hol⁵l⁸xinde
244 3557 371 3628 adempto
398 3564 524 3614 contactu
548 3561 633 3615 Fron.
657 3559 725 3612 Per.
752 3553 777 3592 ⁶³
803 3553 866 3609 Lux
891 3553 1023 3610 castitatis
1052 3558 1137 3612 Fran.
1168 3558 1235 3613 Por.
1265 3553 1411 3636 ⁶⁶·Aliqno
1435 3554 1503 3609 Dido
1527 3558 1587 3626 ltip.
1616 3558 1641 3596 66
1673 3563 1707 3618 tlt

60 3630 147 3685 Pron.
173 3630 240 3685 Por.
269 3633 298 3686 et
321 3629 409 3686 libert.
434 3630 467 3668 ⁶⁶*
487 3629 618 3685 Maculota
641 3627 729 3685 lihcn.
751 3631 826 3681 certo
849 3624 929 3680 libro
955 3626 1037 3684 Seml.
1064 3629 1145 3682 Pom.
1167 3626 1192 3666 66
1215 3628 1354 3684 inveniam
1383 3624 1473 3681 libere.
1502 3626 1587 3682 Scml.
1622 3633 1703 3690 Pom.

56 3699 85 3737 66
108 3697 214 3768 Quanto
233 3697 322 3781 majus
342 3711 383 3757 est
405 3701 491 3757 libert.
517 3703 597 3756 Pam.
629 3701 687 3771 Rip.
710 3696 736 3735 ⁶⁵
761 3694 848 3764 Quam
879 3695 994 3753 vivendo
1022 3698 1141 3765 separari
1163 3699 1281 3754 animam
1304 3713 1320 3751 a
1340 3697 1411 3752 malo
1445 3697 1510 3753 laen.
1542 3697 1569 3753 id
1606 3700 1704 3759 bonnm

55 3767 154 3834 inseri,
167 3785 247 3842 quam
261 3770 360 3827 viventi
380 3771 509 3841 separari.
527 3773 582 3827 Lot
594 3786 674 3842 quam
689 3784 742 3824 noo
757 3766 872 3826 vivendo
888 3782 917 3823 se
938 3770 1020 3825 arari.
1037 3767 1152 3838 Quontae
1168 3781 1195 3826 et
1208 3785 1268 3842 quae
1285 3768 1343 3829 cod.
1367 3770 1565 3840 vocemquam
1588 3771 1705 3830 vivendo

51 3841 179 3914 separari
193 3841 308 3898 enimam
323 3845 410 3899 Fron.
426 3846 494 3899 Por.
508 3842 533 3882 66
547 3841 615 3911 Quae
629 3844 714 3897 Pron.
730 3840 754 3878 66
770 3837 888 3910 Quaeque
928 3854 994 3895 ron.

757 3961 1006 4026 Commentarius.

88 4071 149 4154 (ιι)
168 4067 849 4156 Pootoesotttcttndtntocooperareadmonete.
870 4073 947 4156 urat
962 4080 969 4121 :
986 4065 1055 4123 sicut
1067 4068 1271 4148 auspemcujus
1294 4067 1375 4148 etiam
1405 4069 1449 4124 hic
1475 4070 1601 4153 meminit.
1626 4070 1703 4155 Auc-

52 4140 121 4216 Legi
154 4143 228 4199 hunc
256 4144 356 4211 locum,
385 4145 434 4200 sed
461 4155 608 4201 immutatis
638 4149 769 4211 tantisper
792 4153 851 4192 ver·
908 4144 959 4207 tor,
979 4151 1013 4190 ex
1043 4147 1117 4207 parte
1140 4153 1201 4202 van,
1231 4154 1270 4193 stc
1297 4138 1385 4194 dictus
1406 4140 1480 4211 qnod
1503 4157 1620 4211 susptcta
1651 4155 1705 4202 sint

51 4213 117 4272 bis:
136 4237 146 4263 ι
163 4213 252 4271 'lanta
271 4214 451 4272 sollicitudine
492 4224 564 4273 etere
587 4212 709 4283 audebis,
727 4210 800 4282 quod
823 4210 851 4264 in

53 4293 82 4343 tc
102 4285 220 4355 positum
246 4287 438 4342 recusabis‘l»
462 4233 530 4341 dim
555 4296 645 4341 antem
667 4293 708 4340 est
727 4284 800 4355 qnod
816 4281 852 4337 ait

53 4355 190 4413 Aristides
215 4358 250 4413 dc
264 4357 391 4412 concord.
407 4358 441 4412 ad
469 4358 557 4414 Rhod.
576 4357 686 4414 ”Arcam
714 4362 765 4415 τοῖς
792 4355 850 4408 θεοῖο

53 4429 161 4496 διοχλεῖν
194 4430 274 4489 abrade
293 4423 320 4481 δι
342 4428 376 4500 μὴ
398 4430 525 4495 βούλεοθοίι
547 4430 665 4499 πράττειη
703 4426 762 4499 ἄγ’
794 4425 851 4497 ἡμῖν

52 4494 114 4554 εἶναι
143 4495 213 4553 δοκεῖ
241 4501 293 4560 τοῖς
316 4503 375 4561 θεοῖς
401 4504 490 4562 αὐτοῖς.
512 4500 675 4558 Ridiculum
698 4514 755 4556 csse
784 4498 850 4556 Deos

52 4572 190 4644 [almare.
199 4573 276 4629 nolle
291 4576 427 4630 tamense
436 4576 531 4643 secere
545 4588 607 4644 pote
621 4573 756 4630 innostro
768 4575 850 4644 pote-

52 4646 132 4700 state
146 4643 203 4700 sito
212 4657 280 4710 carc,
295 4643 343 4700 Dii
357 4644 412 4716 ipsi
420 4647 539 4701 norunt.
551 4644 596 4698 Sic
605 4645 730 4714 objurgat
741 4642 853 4698 Graecos

51 4713 261 4778 Demosthenes,
285 4713 402 4786 Philipp.
418 4715 467 4782 lli,
491 4714 561 4786 quod
582 4714 700 4770 lacerent
719 4712 852 4785 quemad·

52 4786 169 4841 modum
183 4784 202 4840 ii
225 4784 273 4857 qui
291 4785 451 4858 grandinem
473 4785 586 4855 jamjam
612 4786 749 4841 cadeniem
772 4801 853 4857 spec-

54 4862 123 4922 tant,
140 4856 175 4911 ab
198 4873 228 4913 ea
243 4857 395 4913 incolumes
409 4873 439 4911 se
460 4865 565 4928 optant,
580 4871 641 4912 cum
658 4865 747 4911 umen
764 4857 854 4912 nullus

51 4927 128 4985 dece
136 4927 282 4984 avertenda
291 4928 405 4984 laboret.
416 4929 455 4984 Pe
467 4930 514 4984 Pa.

90 4997 854 5072 (aa)Aecedoatetiamsoecctamoeeemptanabttam

54 5068 130 5138 apud
156 5084 204 5126 eos
231 5071 279 5142 qni
306 5073 422 5142 pecudes
448 5080 477 5126 et
509 5072 591 5126 boves
619 5068 803 5131 immolabant,
828 5069 855 5122 io

54 5154 166 5197 sumnia
199 5143 436 5199 commendatione
465 5141 616 5198 castitatem
640 5141 722 5195 luisse
747 5140 856 5195 tradidit

52 5209 236 5282 Porphyrius
258 5211 333 5285 ἁγνήν
356 5232 382 5267 τε
396 5217 484 5270 ταύτην
505 5213 632 5286 κομίζοντα
651 5212 694 5268 τὴν
708 5212 768 5282 lrpbv
789 5211 856 5264 lclev

51 5282 97 5335 ml
107 5284 168 5344 terea
181 5287 365 5368 κεχαρισμένον.
376 5286 439 5341 nic.

91 5353 152 5424 (2³)
173 5356 290 5414 miore
301 5357 440 5430 pronubo.
456 5355 590 5420 Pronuba,
612 5360 678 5409 testo
693 5355 808 5424 Donato,
824 5368 857 5410 ex

53 5430 136 5498 perte
148 5425 247 5484 uxoris
260 5427 364 5500 nuptiis
379 5427 533 5500 praeeundis
551 5436 578 5486 ct
596 5424 756 5486 cominndia
769 5440 856 5498 praes-

907 4205 1207 4279 dictaquasiavispicia
1225 4223 1276 4278 pro
1305 4209 1406 4280 nuptiis
1428 4226 1462 4266 ex
1497 4212 1585 4267 volatu
1615 4215 1705 4272 avium

906 4287 1015 4349 captare
1032 4281 1138 4335 soleret.
1156 4280 1227 4334 PAtt.

940 4352 1000 4423 (at)
1023 4351 1145 4408 heloite
1167 4351 1312 4408 contrario
1335 4352 1383 4407 ori
1407 4368 1491 4425 paam
1514 4354 1703 4433 nuberelgne

905 4421 1041 4478 contrario
1051 4422 1153 4478 scilicet
1171 4422 1274 4478 amoris
1288 4422 1379 4495 iguem
1391 4423 1525 4478 exstinxit.
1540 4425 1602 4481 liro.

940 4494 998 4565 (25)
1013 4494 1183 4551 llocnlotam
1202 4510 1326 4551 comem.
1341 4496 1454 4549 Animus
1468 4492 1541 4548 enim
1568 4496 1704 4555 immacu·
1768 4542 1770 4547 .

905 4564 976 4621 latus
1000 4566 1135 4623 restiterat
1162 4566 1302 4622 adulterio.
1330 4566 1423 4636 ltaque
1446 4566 1586 4634 splendide
1609 4583 1640 4623 ac
1653 4585 1704 4624 ve·

906 4637 1012 4692 riseime
1026 4639 1126 4692 dictum
1144 4637 1210 4692 illud
1226 4652 1242 4691 a
1256 4637 1438 4692 declamatore
1462 4639 1578 4707 quodam
1597 4641 1701 4695 veteri:

910 4726 923 4761 e
951 4708 1011 4763 Duo
1039 4707 1160 4775 luerunt,
1181 4717 1209 4762 ot
1239 4723 1309 4763 nnus
1332 4706 1493 4763 adulterium
1521 4709 1700 4767 commisit.»

907 4779 1038 4835 Praeclare
1066 4788 1155 4835 autem
1185 4778 1353 4848 Augustinus
1377 4779 1460 4850 hujus
1492 4781 1618 4838 iocinoris
1645 4784 1705 4865 glo-

910 4851 976 4906 riam
990 4849 1111 4916 elevans,
1138 4858 1166 4904 ut
1187 4865 1293 4918 vanarn,
1311 4860 1339 4907 nt
1363 4853 1518 4921 humanam,
1544 4866 1574 4910 ut
1597 4853 1704 4911 minime

908 4921 1089 4988 christianam,
1111 4937 1165 4977 non
1181 4937 1241 4976 esse
1257 4923 1293 4976 ait
1316 4922 1343 4977 in
1371 4939 1401 4976 ea
1415 4925 1505 4991 specie
1528 4927 1599 4999 quod
1616 4937 1704 4983 tanto-

909 5009 970 5063 pere
991 4993 1123 5048 laudctnr.
1143 4991 1289 5048 »Lucretia
1304 4993 1409 5057 violata,
1438 4993 1536 5066 inquit,
1555 5000 1705 5055 Lucretiam

909 5071 1010 5119 costam
1021 5064 1169 5120 interemit.
1186 5064 1239 5118 Cur
1267 5064 1473 5120 interloctricem
1501 5069 1650 5125 innocentis
1678 5077 1705 5126 et

909 5144 990 5191 castae
1009 5145 1080 5192 tanta
1094 5136 1284 5207 praedicatione
1298 5135 1431 5192 laudatis?
1442 5158 1454 5189 n
1466 5139 1528 5198 llic.

945 5204 1004 5277 (26)
1017 5209 1104 5264 Plura
1114 5207 1244 5278 exemplo
1254 5207 1394 5264 carbone
1408 5209 1441 5265 dc
1454 5214 1561 5267 nostris
1576 5213 1705 5268 inventos

909 5277 1003 5334 Totam
1044 5280 1183 5351 periodum
1220 5277 1263 5332 bic
1305 5286 1527 5349 representamus
1551 5282 1590 5337 uti
1614 5294 1654 5338 est
1676 5283 1705 5338 in

910 5351 1057 5423 exemplari
1067 5349 1250 5423 Agobardino.
1266 5349 1329 5405 ltro.
