3840 6134
215 327 272 401 239,
563 318 787 384 tttttthttttttt
805 319 940 391 optulit
958 317 1042 382 etus
1054 315 1094 382 il.
1113 344 1150 358 -
1167 312 1281 383 stultit
1299 311 1320 382 Ι,
1339 311 1513 376 lotihttt.
1808 318 1866 381 tttt

211 467 272 510 mos
290 457 317 509 et
333 447 499 508 mentionem
521 446 608 522 ipsius
626 448 663 506 rei
684 446 849 520 specialiter,
866 460 1011 519 quamto-
1026 458 1051 540 Α
1064 443 1139 502 Deus
1153 441 1200 515 qui
1215 439 1287 509 lecit,
1302 449 1329 499 et
1340 456 1373 499 sa
1393 457 1454 515 qum
1474 440 1538 500 iecit
1559 441 1715 515 muniens,
1730 445 1805 504 uude
1819 445 1867 505 le·

211 542 304 599 lomus
328 536 490 613 principium
519 536 631 594 alterius
657 537 773 594 reihe
798 544 897 594 eaetero
921 535 944 592 si
971 535 1012 593 sic
1065 533 1132 591 ecrit
1145 546 1200 588 non
1220 531 1334 604 proinde
1348 538 1472 591 testatur.
1488 529 1556 593 Nam
1570 547 1635 589 oum
1663 533 1782 592 inomni
1797 550 1865 609 ops·

212 643 358 701 ponemus,
385 625 460 685 verbi
485 624 581 698 gratia.
604 624 634 681 1u
662 623 798 696 principio
826 623 888 682 lecit
912 622 1011 696 figulus
1065 622 1168 679 ratione
1181 620 1234 677 tria
1247 620 1301 677 siut
1311 619 1486 695 principalia:
1502 621 1550 693 qui
1565 621 1638 691 iacit,
1654 631 1682 679 et
1696 626 1770 697 quod
1784 623 1825 692 iit,
1836 632 1866 683 et

211 716 312 789 pelvim
325 715 369 774 sel
382 729 499 783 urnam;
510 715 567 786 jam
582 726 637 769 uon
661 711 802 770 materiam
824 710 1012 786 significabit⁹
1066 728 1099 768 ex
1121 724 1175 783 quo
1197 708 1246 779 fitr
1272 709 1322 767 tria
1344 709 1453 767 uomina
1476 718 1539 766 sunt
1560 710 1665 768 edendo
1690 712 1718 769 in
1744 713 1866 787 legitima

213 802 394 877 principium:
420 816 474 859 nou
499 801 572 869 enim
595 798 721 874 argillam
743 798 881 856 nominavi
909 799 1013 871 princi·
1065 800 1155 873 nperis
1173 799 1361 858 enarratione:
1389 813 1506 871 persona
1524 798 1642 866 lactoris,
1668 800 1864 873 speciositati,

215 892 300 965 pium,
316 891 364 949 sed
378 890 501 949 ordinem
516 888 627 962 operis3
649 887 714 961 quis
727 885 828 960 figulus
840 894 902 943 ante
915 896 1014 946 caetera
1066 889 1153 947 forms
1165 888 1294 945 msteriae.
1311 886 1340 945 Si
1355 889 1464 944 materia
1485 902 1542 945 nou
1562 886 1669 955 edetur,
1694 889 1742 946 uhi
1755 898 1783 948 et
1797 906 1866 966 ope-

215 983 335 1056 primum
355 981 453 1053 pelvim
472 988 500 1038 et
517 995 613 1036 urnam
636 978 710 1050 iecit,
737 977 833 1037 exindo
856 976 1015 1035 lecturuset
1066 994 1096 1035 ra
1114 985 1142 1035 et
1155 985 1282 1047 operator
1294 975 1418 1043 edentur,
1434 984 1549 1049 apparet
1561 991 1595 1034 ex
1617 975 1702 1034 nihilo
1717 994 1781 1037 eum
1796 994 1866 1052 ops·

216 1080 333 1144 caetera3
349 1071 382 1126 sd
396 1069 597 1128 ordinationem
612 1082 727 1140 operum
747 1066 876 1138 principii
890 1067 1012 1124 vocabu-
1067 1077 1163 1124 ratum.
1178 1065 1293 1124 Proinde
1319 1065 1393 1122 enim
1417 1066 1514 1122 edetur
1535 1079 1568 1123 ex
1591 1082 1657 1139 qno,
1683 1065 1707 1125 si
1728 1082 1763 1125 ex
1775 1066 1867 1141 aliquo

215 1160 272 1219 lum
281 1159 434 1235 pertinebit,
443 1174 496 1217 non
507 1158 542 1215 ad
551 1157 684 1231 originem
693 1155 916 1213 substantiarum.
926 1153 1013 1215 utu
1067 1155 1164 1213 inisset
1175 1162 1314 1228 operatus.
1327 1153 1454 1226 Denique
1460 1154 1640 1227 Euangeliam
1652 1164 1682 1212 nt
1690 1156 1868 1229 supplemen-

216 1250 328 1306 Pessum
343 1257 369 1305 st
382 1248 459 1305 aliter
481 1248 506 1286 ¹⁰
528 1244 688 1320 principium
712 1244 892 1318 interpretari,
910 1260 965 1302 non
978 1245 1013 1300 ah
1069 1250 1126 1302 tum
1141 1243 1313 1302 instrumenti
1327 1238 1415 1300 m
1429 1241 1527 1300 veteris
1545 1242 1700 1300 adhibendo
1721 1244 1755 1314 ¹⁴,
1771 1243 1798 1300 iu
1811 1258 1868 1318 quo

215 1353 245 1396 re
257 1346 346 1395 tomen
367 1355 374 1393 z
389 1344 495 1394 namet
515 1335 544 1391 iu
562 1335 660 1392 Graeco
674 1335 813 1409 principii
834 1332 1011 1403 uocabulum,
1066 1333 1108 1393 vel
1122 1349 1155 1391 eo
1168 1331 1256 1406 magis
1269 1331 1397 1391 debuerat
1409 1330 1516 1389 ostendi
1531 1332 1604 1388 heus
1622 1332 1760 1404 exaliqua
1778 1341 1868 1392 ntats·

215 1426 288 1500 quod
303 1433 345 1483 est
359 1440 436 1482 sexu
452 1423 520 1498 lii),
545 1437 599 1480 nou
624 1424 728 1480 tantum
751 1422 945 1492 ordinativum,
964 1421 1012 1479 scd
1066 1422 1106 1480 ria
1119 1421 1245 1480 universa
1259 1420 1367 1490 iecisse,
1388 1421 1463 1495 quod
1484 1420 1537 1477 illic
1552 1420 1632 1478 etiam
1648 1437 1793 1495 perquem
1808 1438 1869 1481 ont·

213 1523 242 1573 et
263 1515 455 1587 potestativum
478 1512 551 1586 capit
573 1511 762 1585 principatum.
787 1511 864 1567 Unde
880 1521 908 1568 et
920 1511 1013 1584 ἄρχον·
1066 1509 1214 1568 niaicoerit
1227 1507 1379 1566 revelatur:
1398 1509 1429 1564 ln
1442 1510 1587 1582 principio
1607 1515 1670 1567 eret
1682 1512 1780 1571 Sermo
1794 1512 1866 1585 (tt),

214 1622 259 1666 τας
272 1603 366 1661 dicunt
378 1602 516 1676 principes
538 1608 566 1657 et
588 1598 761 1672 magistratus
783 1599 853 1670 (tet.
879 1599 952 1674 Ergo
965 1615 1012 1657 se-
1066 1601 1161 1672 inquo
1170 1598 1432 1672 principioseilicet
1442 1598 1700 1670 deusseeitcoelum
1710 1603 1866 1665 etterrostt.

215 1692 333 1751 cundum
356 1692 556 1764 huncquoque
581 1685 825 1760 significationem,
849 1689 1012 1761 principium
1068 1689 1103 1744 St
1116 1687 1371 1759 Sermoerotopnd
1381 1689 1673 1750 conmemorant
1688 1688 1868 1751 Sernoo.0nt·

217 1797 266 1853 pro
280 1779 434 1854 principatu
448 1787 474 1834 et
501 1781 633 1849 potestate
658 1782 790 1836 sumetur.
812 1776 842 1832 lu
862 1775 1013 1852 principatu
1028 1740 1051 1821 B
1065 1780 1115 1836 nio
1121 1780 1274 1851 peripsum
1280 1780 1359 1851 secto
1366 1781 1481 1844 suntet
1490 1779 1553 1835 sine
1560 1779 1611 1834 illo
1619 1780 1733 1850 factum
1741 1780 1865 1840 estnihil

215 1869 288 1927 enim
315 1872 345 1927 ct
369 1867 397 1923 in
427 1872 562 1940 potestate
589 1865 664 1923 Deus
689 1863 752 1923 lecit
778 1863 878 1925 coelum
903 1875 931 1924 et
954 1877 1013 1925 ter·
1066 1868 1159 1937 (loon.
1192 1881 1214 1941 t,
1243 1868 1312 1937 t·³).
1337 1864 1404 1923 Cum
1427 1864 1509 1939 igitur
1522 1874 1550 1923 et
1568 1867 1613 1924 hic
1635 1868 1821 1928 manhesntnr
1841 1878 1868 1931 st

214 1973 285 2017 mm,
1066 1951 1164 2022 lactor,
1178 1954 1205 2012 id
1220 1963 1262 2012 est
1284 1954 1374 2010 Deus:
1390 1962 1417 2011 et
1440 1952 1520 2025 iacta,
1545 1954 1572 2011 id
1591 1965 1633 2014 est
1654 1958 1763 2014 emnia:
1779 1966 1808 2016 et
1820 1974 1868 2032 per

511 2042 627 2103 chent
648 2045 713 2103 XX.
1065 2058 1158 2118 quem,
1181 2041 1209 2098 id
1232 2050 1274 2099 est
1293 2057 1405 2114 sermo;
1429 2057 1520 2100 nonne
1541 2050 1570 2101 et
1593 2044 1666 2103 uude
1686 2047 1777 2105 omnia
1798 2045 1868 2105 iada

248 2136 302 2194 Sed
320 2141 353 2193 ut
374 2133 442 2191 uihil
467 2132 542 2191 eliud
563 2132 697 2208 significet
719 2132 817 2192 Groeca
842 2149 905 2203 rox,
930 2150 1012 2209 quam
1066 2130 1257 2189 essentalieo
1280 2145 1330 2202 per
1351 2146 1515 2199 sermonem,
1540 2133 1677 2208 exegisset
1694 2134 1766 2193 ordo
1786 2133 1867 2210 proh·

212 2223 387 2300 principium,
403 2228 431 2281 et
453 2222 615 2296 principium
637 2221 704 2280 nihil
720 2222 795 2281 aliod
814 2222 911 2296 capiat,
931 2239 1012 2296 quam
1066 2219 1127 2289 teri,
1141 2219 1211 2278 siet
1234 2217 1324 2290 miquo
1347 2217 1417 2278 iacta
1437 2221 1552 2278 essenti
1575 2221 1616 2280 lta
1636 2224 1710 2297 quod
1736 2238 1794 2282 nou
1808 2222 1866 2298 luit,

211 2313 330 2385 initium,
345 2313 478 2371 habemus
495 2311 575 2368 etiam
590 2309 667 2369 illam
678 2324 839 2383 agnoscere,
853 2326 915 2384 quae
929 2310 1010 2371 dicit:
1064 2324 1118 2368 nou
1142 2308 1230 2383 potuit
1251 2307 1391 2380 Scriptura
1417 2307 1550 2379 profiteri.
1571 2310 1605 2369 lit
1632 2326 1687 2369 uon
1714 2311 1869 2386 profitendo

211 2405 346 2464 henaim
362 2401 488 2461 condidit
509 2415 556 2457 me
570 2399 593 2440 ¹¹
616 2399 738 2457 initium
759 2400 875 2458 omrem
892 2417 1011 2459 snorum
1064 2399 1130 2459 satis
1143 2398 1265 2473 probavit
1287 2412 1342 2457 nou
1362 2397 1459 2468 fuisse,
1483 2400 1548 2474 quia
1569 2400 1742 2474 profiteretur
1759 2402 1783 2460 si
1803 2400 1869 2461 inis·

212 2494 246 2551 in
260 2506 346 2566 opero
361 2507 424 2550 sato.
441 2489 475 2547 Si
489 2487 563 2546 enim
577 2502 626 2560 per
640 2486 770 2560 Sophiam
784 2487 834 2546 Dei
851 2487 945 2545 omnia
959 2488 1013 2547 lae·
1066 2497 1124 2547 set.

213 2589 241 2639 ta
264 2589 328 2638 suut
341 2597 349 2649 ;
364 2586 392 2636 et
404 2577 503 2638 coelum
526 2583 635 2651 ergoet
655 2586 756 2635 terram
773 2577 848 2634 Deus
866 2576 968 2636 tadeus
982 2577 1011 2634 iu
1352 2576 1472 2635 CAPUT
1496 2576 1578 2635 xxt.

213 2667 360 2744 principio,
374 2666 403 2724 id
425 2676 465 2726 est
484 2665 573 2736 initio,
597 2665 625 2722 in
648 2663 750 2740 Sophia
772 2679 823 2722 sua
840 2663 912 2724 iecit.
928 2665 1010 2724 Doni·
1099 2666 1183 2741 Ergo,
1202 2664 1302 2739 inquis,
1318 2664 1341 2722 si
1359 2673 1386 2723 tu
1402 2664 1464 2723 ideo
1477 2665 1686 2739 praejudicans:
1699 2666 1786 2726 uihiio
1810 2666 1868 2726 iso·

213 2773 267 2833 quc
290 2756 315 2832 si
340 2755 504 2830 principium
528 2752 670 2812 materiam
692 2752 869 2827 signiticaret,
891 2767 944 2810 nou
974 2754 1011 2812 its
1064 2753 1206 2827 taomnia,
1221 2754 1287 2828 quia
1309 2769 1365 2812 uon
1385 2753 1410 2812 si
1428 2754 1573 2814 manifesta
1596 2756 1710 2815 relatum
1728 2755 1868 2815 demste-

212 2845 351 2919 Scriptura
364 2844 546 2917 inscripsisset
560 2842 1007 2918 ¹²lnprincipiolleussecit,scd
1062 2845 1102 2903 ria
1125 2843 1289 2917 praecedeuti
1315 2842 1415 2900 luctum
1437 2843 1512 2917 quid,
1536 2844 1596 2904 ride
1618 2845 1677 2917 (il)
1702 2861 1738 2903 uc
1759 2845 1868 2905 divorso

211 2951 249 2994 ee
259 2933 412 3007 principio.
428 2933 488 2991 Non
507 2929 621 2988 enimin
635 2931 748 2988 materia
762 2972 770 3000 ‚
785 2932 834 2989 sed
848 2947 882 2991 ex
896 2931 1007 2990 materia
1061 2949 1123 3007 pars
1146 2933 1209 2990 ideo
1231 2933 1377 2990 contendat
1398 2947 1432 2990 ex
1456 2934 1566 2992 msmria
1580 2932 1662 3002 inem,
1679 2934 1743 3008 qnia
1769 2935 1867 3010 proin·

210 3021 329 3081 iecisset.
340 3006 380 3079 lle
391 3021 492 3094 Sophia
501 3029 593 3079 autem
603 3021 691 3094 potuit
700 3020 764 3091 dici,
773 3023 806 3078 in
814 3024 968 3098 principio.
978 3023 1008 3080 ht
1023 3018 1047 3099 ὓ
1061 3021 1096 3080 de
1110 3037 1165 3080 nou
1190 3029 1282 3096 aperte
1304 3019 1481 3096 significatum
1504 3023 1550 3095 sit,
1574 3039 1607 3081 ex
1621 3024 1706 3082 nihilo
1723 3023 1790 3098 quid
1804 3023 1868 3084 itto-

210 3108 312 3183 Sophia
323 3109 395 3166 enim
409 3109 499 3181 primo
512 3109 587 3180 lecit,
602 3109 628 3164 in
644 3125 698 3182 qua
713 3109 859 3183 cogitando
878 3118 905 3171 et
919 3110 1012 3183 dispo·
1066 3119 1134 3169 tum.
1161 3111 1242 3169 Plane
1264 3111 1414 3186 retorqueri
1434 3113 1559 3185 quedam
1578 3113 1658 3171 iscile
1672 3116 1797 3187 possunt,
1810 3129 1867 3172 uos

211 3198 300 3256 nendo
310 3199 367 3270 jam
382 3198 498 3269 iecerat3
519 3197 649 3272 quoniam
672 3197 723 3255 etsi
744 3213 777 3255 ex
792 3198 905 3256 materia
928 3198 1012 3257 iactu·
1065 3198 1156 3257 statim
1176 3207 1204 3257 et
1225 3215 1257 3257 et
1282 3213 1361 3273 ecquo
1383 3199 1498 3271 admitti,
1524 3200 1570 3258 uhi
1593 3200 1738 3261 diversitas
1761 3215 1862 3260 osum

210 3302 258 3344 rus
266 3286 375 3356 fuisset,
391 3294 454 3344 aute
469 3286 497 3342 in
514 3284 618 3359 Sophia
641 3285 788 3359 cogitando
803 3294 830 3342 et
842 3286 1013 3359 disponendo
1066 3297 1118 3347 est.
1134 3288 1201 3346 Dico
1216 3289 1298 3358 enim,
1322 3288 1375 3344 etsi
1388 3302 1443 3346 nun
1465 3298 1558 3363 aperte
1578 3290 1720 3363 Scriptura
1741 3305 1860 3365 pronun·

207 3375 265 3446 jam
285 3376 397 3433 lecerat.
420 3373 554 3445 Quoniam
573 3372 626 3430 etsi
645 3381 704 3429 erat
727 3373 834 3431 initium
858 3375 962 3435 viarum
976 3378 1011 3444 ¹³,
1066 3377 1140 3435 tiatit
1160 3393 1194 3435 ex
1213 3377 1298 3435 niltilo
1322 3377 1391 3435 laets
1409 3379 1511 3450 omnis,
1531 3378 1604 3438 sicut
1625 3395 1675 3437 neo
1692 3395 1728 3437 cx
1741 3378 1863 3446 materis,

211 3463 277 3537 quin
290 3463 420 3536 cogitatio
434 3470 462 3519 et
485 3461 628 3534 dispositio
647 3462 737 3534 prima
749 3462 858 3535 Sophite
873 3462 904 3520 fit
916 3479 1013 3536 opera·
1066 3481 1121 3525 non
1142 3474 1240 3527 uuum
1264 3464 1348 3525 inisse
1368 3467 1557 3525 necessitatem
1581 3476 1673 3542 aperte
1695 3466 1868 3544 stgntltosuti

212 3551 250 3608 tio
265 3551 300 3609 de
318 3551 438 3623 cogitatu
462 3549 534 3607 tiam
554 3550 685 3622 operibus
704 3549 864 3623 instituens,
894 3554 964 3612 hano
984 3562 1013 3613 st
1066 3555 1100 3614 de
1118 3555 1202 3616 nihilo
1222 3554 1290 3614 lacta
1311 3554 1415 3623 omnia,
1440 3567 1542 3629 quauta
1561 3566 1651 3627 essct,
1673 3558 1697 3616 si
1722 3573 1757 3616 ex
1773 3567 1868 3616 mate·

210 3635 273 3697 iude
295 3640 480 3697 sonoritatem
504 3637 649 3712 Scripturas
672 3637 740 3697 mihi
763 3640 883 3711 sindico,
899 3643 973 3716 quod
987 3652 1015 3703 et
1067 3643 1189 3704 malaca
1212 3643 1335 3702 luissent.
1360 3642 1494 3714 Quoniam
1518 3646 1592 3721 quod
1615 3645 1644 3704 ht
1666 3663 1699 3704 ex
1720 3645 1818 3716 nihilo,
1832 3660 1867 3705 ee

892 3766 990 3831 Variae
1011 3768 1173 3841 lectiones.

243 3893 257 3932 ⁹
273 3891 441 3966 significabit
464 3894 526 3951 edd.
541 3910 638 3953 omnes
664 3899 693 3952 et
709 3897 776 3954 iun.
804 3897 828 3937 ¹⁰
842 3899 957 3956 Possunt
970 3908 997 3958 et
1018 3900 1095 3961 aliter
1110 3902 1196 3962 Semi.
1215 3901 1325 3961 Odertlt.
1351 3903 1372 3940 ¹¹
1395 3901 1504 3959 initium
1524 3905 1627 3962 viarum
1645 3922 1754 3963 suarum
1785 3904 1867 3964 atne

209 3983 228 4022 o
243 3966 327 4023 Semi.
344 3964 455 4022 otest.
469 3965 530 4023 lise.
552 3965 739 4036 mnhohent,
761 3969 858 4043 inqeit
882 3972 1001 4042 innius,
1017 3976 1047 4030 et
1060 3976 1155 4034 obesse
1176 3978 1279 4047 polest,
1295 3980 1346 4030 etc.
1378 3973 1402 4011 ¹²
1424 3973 1610 4048 instruxisset,
1638 3977 1728 4036 Semi.
1750 3977 1866 4037 otest.

210 4037 235 4078 ¹³
250 4035 424 4110 Disponendo
437 4035 493 4105 jam
520 4034 640 4105 lecerat;
658 4049 686 4094 et
708 4037 748 4096 sio
765 4051 823 4096 erat
837 4042 943 4100 initium
957 4044 1073 4117 riarum,
1093 4045 1157 4118 quia
1170 4045 1298 4118 cogitatio
1311 4051 1339 4100 ct
1352 4044 1496 4117 dispositio
1510 4048 1595 4132 prima
1618 4048 1726 4121 Sophise
1739 4048 1776 4104 sit
1796 4062 1867 4117 opc·

209 4107 289 4176 ratio,
304 4109 339 4164 de
364 4106 481 4179 cogitatu
496 4107 569 4164 uiam
584 4108 714 4178 operibus
727 4109 880 4170 instituens.
905 4114 980 4173 Hanc
1005 4116 1103 4173 exinde
1124 4116 1320 4186 auctoritatem,
1336 4123 1390 4179 etc.
1404 4118 1448 4175 lle
1464 4118 1532 4192 leqtt
1553 4120 1655 4179 innius
1670 4125 1698 4177 et
1713 4120 1867 4178 tectionem

207 4195 292 4239 suom
306 4177 437 4253 pluritas
447 4177 538 4236 verbis
552 4179 691 4251 defendit.
706 4181 729 4221 ¹⁴
743 4179 888 4242 hdltiheho
902 4187 987 4245 Semi.
1005 4186 1115 4246 Olerth.

903 4309 1155 4381 Commentarius.

246 4407 419 4483 (itidemst
429 4413 461 4469 in
474 4413 569 4495 droco
586 4415 685 4497 princi
705 4416 728 4470 ii
743 4415 922 4484 ooeoletnm,
932 4419 1006 4490 qood
1020 4438 1044 4518 n
1060 4419 1207 4490 successio,
1224 4437 1325 4496 rosque
1339 4423 1446 4495 publica
1458 4421 1605 4479 commissa
1628 4421 1680 4480 init
1700 4418 1870 4495 praetoribus

208 4486 251 4539 est
274 4481 348 4554 ἀρχὴ.
363 4483 542 4542 Consentiunt
566 4492 647 4541 ettam
693 4484 835 4544 ertulliauo
854 4487 881 4542 in
905 4488 1007 4566 signifi·
1060 4491 1177 4563 primum
1190 4493 1340 4566 perpetuis,
1359 4511 1407 4552 aett
1421 4510 1466 4551 ma
1488 4494 1625 4550 'stratibus
1650 4493 1696 4567 qui
1716 4494 1875 4563 archontes,

208 4552 314 4612 cutione
327 4553 393 4628 ἀρχή
404 4571 456 4627 pro
483 4555 570 4628 princi
592 4564 648 4625 stu,
677 4557 846 4628 Xenophon.
869 4558 918 4614 lih.
941 4568 952 4615 t
972 4561 1005 4619 de
1058 4563 1185 4634 appellati
1200 4572 1262 4620 sunt
1276 4580 1387 4622 numero
1405 4569 1448 4622 ts.
1496 4565 1562 4622 reati
1584 4572 1676 4636 postea
1700 4563 1869 4622 decennalss

208 4627 339 4700 Imperio,
350 4626 522 4693 Aristoteles,
532 4574 645 4687 Pofttm
661 4644 681 4698 t,
694 4636 721 4684 et
734 4628 820 4701 Plato,
834 4629 868 4688 de
878 4633 1006 4706 Republi-
1060 4644 1176 4706 septem,
1197 4650 1228 4690 ac
1250 4636 1360 4692 demum
1383 4637 1467 4693 annui
1491 4636 1631 4718 constituti
1655 4646 1728 4718 suut.
1753 4635 1867 4719 Primus

208 4713 251 4753 oo.
269 4697 340 4754 Ptts.
1059 4706 1160 4762 archon
1172 4705 1225 4760 luit
1238 4705 1344 4775 Medon,
1361 4716 1390 4764 ut
1403 4719 1495 4765 narrat
1516 4709 1663 4764 Pausanias
1678 4722 1704 4763 tn
1718 4705 1865 4775 Αιιιιιιοίι,

243 4766 302 4838 (lt)
319 4767 393 4826 Unde
407 4772 436 4827 et
450 4770 572 4839 ἄρχοντας
584 4769 838 4845 dieentprincipes
859 4778 890 4829 et
902 4776 1005 4847 mopin-
1059 4775 1180 4846 quicum
1198 4775 1267 4847 pede
1290 4776 1376 4835 altero
1398 4787 1472 4836 esset
1494 4777 1601 4845 debilis,
1625 4777 1709 4834 irater
1731 4779 1794 4849 ejus
1805 4778 1866 4835 Ne-

208 4840 312 4893 trottae.
327 4839 385 4894 lloo
405 4840 532 4894 adnotatu
554 4840 676 4914 dignum,
701 4843 773 4914 quod
792 4843 838 4898 uhi
862 4860 950 4916 gruem
964 4855 1006 4902 est
1058 4845 1118 4900 leus
1132 4846 1280 4918 principem
1299 4848 1377 4906 iilum
1393 4850 1482 4908 creari
1496 4850 1610 4907 Athenis
1623 4863 1677 4906 nou
1699 4862 1783 4920 posse
1797 4862 1867 4905 sus-

207 4905 335 4989 dpgosrsc,
358 4923 419 4964 eam
443 4925 536 4967 nocem
560 4910 589 4965 in
614 4911 787 4970 translatione
807 4915 1005 4987 scripturarum
1058 4915 1149 4971 tinuit.
1165 4916 1244 4987 Quod
1267 4934 1327 4975 cum
1351 4922 1386 4977 ad
1408 4920 1564 4995 Apollinem
1577 4920 1695 4977 delatum
1711 4928 1795 4989 esset,
1815 4934 1865 4977 se·

207 4986 324 5033 retinere
352 4978 438 5035 soleat
461 4989 572 5038 sudor:
597 4981 677 5039 sicuti
700 4999 783 5055 supra
802 4985 864 5041 cdo.
882 4987 1004 5053 ludaeos,
1057 4988 1176 5043 cundum
1189 4988 1341 5048 llcdontem
1357 4992 1550 5065 pronuntiavit.
1566 4992 1606 5048 Ltt
1621 4994 1669 5049 Px.

206 5061 269 5119 cap.
300 5051 326 5116 9,
354 5059 382 5130 et
409 5049 486 5115 inlra,
517 5052 563 5106 tin.
589 5068 621 5109 ιιι
647 5055 710 5111 odo.
741 5056 824 5111 More.
856 5057 959 5112 «Nam
978 5066 1006 5114 et
1092 5057 1195 5129 (attin
1224 5062 1605 5135 rinoipioerctSermo,etc.
1621 5062 1868 5120 Nonsoluutaue·

207 5119 337 5191 αρχοντας,
355 5120 464 5191 (inquit,
481 5122 577 5178 isaiam
595 5125 691 5193 eituns,
712 5139 771 5208 cap.
786 5128 808 5196 s)
823 5125 1004 5183 Sodomorum
1058 5128 1110 5183 tori
1140 5077 1222 5186 istutf
1231 5141 1257 5188 et
1273 5133 1303 5190 B.
1325 5136 1459 5264 capriano
1481 5135 1611 5216 usitatum
1633 5134 1693 5204 tuit,
1715 5142 1747 5191 ut
1768 5149 1865 5217 ses-sno

1364 5208 1459 5265 crhum
1479 5207 1528 5263 Der
1552 5205 1737 5277 appellaretur
1760 5204 1863 5264 Ptltus.

205 5188 324 5271 appellat
336 5190 479 5272 archontas
495 5206 609 5250 nestros.
621 5213 639 5276 ι»
655 5194 721 5252 item
736 5194 785 5254 lth.
805 5196 839 5253 de
853 5198 1005 5281 ilesurrec·
1058 5200 1108 5280 Dei
1122 5202 1212 5273 potius
1235 5220 1317 5284 quem

207 5265 284 5317 twne
307 5276 414 5327 cornis,
437 5277 498 5334 cap.
523 5266 568 5329 50,
593 5263 676 5319 altum
699 5267 785 5322 locum
808 5267 886 5322 lsatae
909 5285 951 5335 ιιι,
965 5286 1005 5327 stc
1058 5271 1126 5328 lituo
1148 5273 1213 5329 illud
1237 5274 1284 5331 lth.
1311 5292 1332 5333 tt
1358 5279 1508 5338 testimon.
1531 5278 1669 5336 Moestus
1687 5275 1763 5345 lud„
1780 5293 1807 5333 e.
1823 5278 1863 5334 S:

205 5331 287 5388 uertit
301 5346 354 5412 ιι
383 5331 532 5389 Venturum
565 5333 593 5389 iu
619 5333 752 5406 judicium
784 5337 950 5409 preshyteris
978 5350 1006 5398 et
1061 5342 1166 5413 «Quod
1181 5345 1304 5404 Christus
1317 5348 1388 5405 idem
1412 5350 1447 5406 sit
1462 5349 1557 5407 Sermo
1581 5350 1643 5414 Dei,
1658 5367 1672 5401 s
1687 5347 1736 5404 uhi
1751 5347 1781 5404 id
1795 5361 1865 5421 pro·

203 5402 377 5460 archonttbus
391 5405 497 5474 populi.
511 5425 524 5456 s
538 5406 807 5465 Pom-Arctoosne
818 5407 918 5468 dicent
925 5415 1005 5485 prin·
1056 5398 1105 5469 het
1118 5430 1149 5471 ex
1163 5417 1244 5474 variis
1259 5417 1414 5492 Scripturis.
1427 5423 1500 5478 Pu.

203 5474 278 5547 cipes
293 5477 323 5557 et
334 5476 467 5548 magistr.
484 5476 544 5533 Nou
559 5478 648 5547 potuit
663 5478 704 5535 sir
718 5479 887 5564 antiquitatis
901 5485 1005 5565 peritus
1093 5487 1151 5557 (il)
1167 5489 1207 5545 lle
1229 5490 1340 5548 diesem
1359 5508 1437 5566 poro.
1462 5491 1562 5566 Supra,
1580 5513 1592 5543 ι
1616 5489 1693 5548 llnde
1705 5498 1735 5548 et
1749 5488 1876 5567 divona,

201 5559 258 5601 non
269 5552 396 5604 emittere
403 5547 455 5604 hoc
467 5547 579 5604 verbum
589 5548 624 5605 de
632 5550 839 5608 Atheniensium
850 5555 1001 5628 regamine3
1057 5573 1120 5631 pars
1133 5559 1301 5633 suspiciones
1315 5576 1380 5619 suas
1394 5561 1491 5623 tideite
1505 5570 1629 5622 conatur.
1646 5583 1658 5614 t
1676 5561 1742 5620 hro.

201 5615 272 5687 apud
288 5617 338 5676 hoa
351 5617 422 5675 enim
446 5619 577 5678 moriente
599 5619 689 5680 Codro
703 5623 834 5682 exstincta
852 5633 893 5682 est
906 5642 1002 5702 regum
1075 5660 1077 5664 >
