<?xml version="1.0" encoding="UTF-8"?>
<!DOCTYPE html PUBLIC "-//W3C//DTD XHTML 1.0 Transitional//EN"
    "http://www.w3.org/TR/xhtml1/DTD/xhtml1-transitional.dtd">
<html xmlns="http://www.w3.org/1999/xhtml" xml:lang="en" lang="en">
 <head>
  <title>
</title>
<meta http-equiv="Content-Type" content="text/html;charset=utf-8" />
  <meta name='ocr-system' content='tesseract 3.04.00' />
  <meta name='ocr-capabilities' content='ocr_page ocr_carea ocr_par ocr_line ocrx_word'/>
</head>
<body>
  <div class='ocr_page' id='page_1' title='image "./patrologiaecurs51unkngoog_0619.png"; bbox 0 0 3840 6134; ppageno 0'>
   <div class='ocr_carea' id='block_1_1' title="bbox 147 259 218 320">
    <p class='ocr_par' dir='ltr' id='par_1_1' title="bbox 147 259 218 320">
     <span class='ocr_line' id='line_1_1' title="bbox 147 259 218 320; baseline -0.014 -2"><span class='ocrx_word' id='word_1_1' title='bbox 147 259 218 320; x_wconf 75' lang='lat'><strong>1227</strong></span> 
     </span>
    </p>
   </div>
   <div class='ocr_carea' id='block_1_2' title="bbox 144 468 948 1163">
    <p class='ocr_par' dir='ltr' id='par_1_2' title="bbox 144 468 948 1163">
     <span class='ocr_line' id='line_1_2' title="bbox 146 468 942 544; baseline -0.001 -17"><span class='ocrx_word' id='word_1_2' title='bbox 146 472 269 541; x_wconf 76' lang='lat' dir='ltr'><strong>lipsien,</strong></span> <span class='ocrx_word' id='word_1_3' title='bbox 293 488 317 529; x_wconf 90' lang='lat' dir='ltr'><strong>c.</strong></span> <span class='ocrx_word' id='word_1_4' title='bbox 332 475 359 539; x_wconf 80' lang='lat' dir='ltr'><strong>l,</strong></span> <span class='ocrx_word' id='word_1_5' title='bbox 380 487 434 528; x_wconf 92' lang='lat' dir='ltr'><strong>nou</strong></span> <span class='ocrx_word' id='word_1_6' title='bbox 449 473 540 528; x_wconf 87' lang='lat' dir='ltr'><strong>miuus</strong></span> <span class='ocrx_word' id='word_1_7' title='bbox 554 471 691 544; x_wconf 82' lang='lat' dir='ltr'><strong>eleganter</strong></span> <span class='ocrx_word' id='word_1_8' title='bbox 710 468 796 542; x_wconf 90' lang='lat' dir='ltr'><strong>inquit</strong></span> <span class='ocrx_word' id='word_1_9' title='bbox 815 483 823 523; x_wconf 73' lang='grc' dir='ltr'><em>τ</em></span> <span class='ocrx_word' id='word_1_10' title='bbox 852 492 863 522; x_wconf 75' lang='lat' dir='ltr'><strong>a</strong></span> <span class='ocrx_word' id='word_1_11' title='bbox 886 472 942 527; x_wconf 90' lang='lat' dir='ltr'><strong>lllis</strong></span> 
     </span>
     <span class='ocr_line' id='line_1_3' title="bbox 145 558 941 632; baseline -0.001 -18"><span class='ocrx_word' id='word_1_12' title='bbox 145 559 257 632; x_wconf 79' lang='lat' dir='ltr'><strong>angelus</strong></span> <span class='ocrx_word' id='word_1_13' title='bbox 284 560 322 628; x_wconf 86' lang='lat' dir='ltr'><strong>(in</strong></span> <span class='ocrx_word' id='word_1_14' title='bbox 340 560 471 630; x_wconf 80' lang='lat' dir='ltr'>piscinam</span> <span class='ocrx_word' id='word_1_15' title='bbox 492 559 575 630; x_wconf 87' lang='lat' dir='ltr'><strong>illam)</strong></span> <span class='ocrx_word' id='word_1_16' title='bbox 594 558 775 613; x_wconf 78' lang='lat' dir='ltr'><strong>descendebat</strong></span> <span class='ocrx_word' id='word_1_17' title='bbox 791 577 797 612; x_wconf 91' lang='lat'>:</span> <span class='ocrx_word' id='word_1_18' title='bbox 814 559 860 615; x_wconf 91' lang='lat' dir='ltr'><strong>tibi</strong></span> <span class='ocrx_word' id='word_1_19' title='bbox 875 559 941 631; x_wconf 91' lang='lat' dir='ltr'><strong>Spi-</strong></span> 
     </span>
     <span class='ocr_line' id='line_1_4' title="bbox 144 647 943 714; baseline -0.004 -10"><span class='ocrx_word' id='word_1_20' title='bbox 144 647 214 704; x_wconf 89' lang='lat' dir='ltr'><strong>ritus</strong></span> <span class='ocrx_word' id='word_1_21' title='bbox 227 657 346 704; x_wconf 89' lang='lat' dir='ltr'><strong>sanctus.</strong></span> <span class='ocrx_word' id='word_1_22' title='bbox 378 649 433 704; x_wconf 91' lang='lat' dir='ltr'><strong>lllis</strong></span> <span class='ocrx_word' id='word_1_23' title='bbox 462 656 586 704; x_wconf 87' lang='lat' dir='ltr'><strong>creatura</strong></span> <span class='ocrx_word' id='word_1_24' title='bbox 606 649 774 714; x_wconf 84' lang='lat' dir='ltr'><strong>rrrovebatur,</strong></span> <span class='ocrx_word' id='word_1_25' title='bbox 798 647 847 702; x_wconf 90' lang='lat' dir='ltr'><strong>tibi</strong></span> <span class='ocrx_word' id='word_1_26' title='bbox 866 649 943 703; x_wconf 89' lang='lat' dir='ltr'><strong>Chri-</strong></span> 
     </span>
     <span class='ocr_line' id='line_1_5' title="bbox 145 736 943 808; baseline 0.004 -19"><span class='ocrx_word' id='word_1_27' title='bbox 145 743 203 791; x_wconf 83' lang='lat' dir='ltr'><strong>stus</strong></span> <span class='ocrx_word' id='word_1_28' title='bbox 216 746 342 808; x_wconf 81' lang='lat' dir='ltr'><strong>operatur</strong></span> <span class='ocrx_word' id='word_1_29' title='bbox 355 738 425 808; x_wconf 90' lang='lat' dir='ltr'><strong>ipse,</strong></span> <span class='ocrx_word' id='word_1_30' title='bbox 447 737 581 793; x_wconf 86' lang='lat' dir='ltr'><strong>Dominus</strong></span> <span class='ocrx_word' id='word_1_31' title='bbox 598 744 741 792; x_wconf 82' lang='lat' dir='ltr'><strong>creaturae.</strong></span> <span class='ocrx_word' id='word_1_32' title='bbox 763 736 838 791; x_wconf 86' lang='lat' dir='ltr'><strong>Tunc</strong></span> <span class='ocrx_word' id='word_1_33' title='bbox 862 752 943 792; x_wconf 90' lang='lat' dir='ltr'><strong>cura·</strong></span> 
     </span>
     <span class='ocr_line' id='line_1_6' title="bbox 145 825 943 898; baseline 0 -18"><span class='ocrx_word' id='word_1_34' title='bbox 145 826 225 881; x_wconf 87' lang='lat' dir='ltr'><strong>batur</strong></span> <span class='ocrx_word' id='word_1_35' title='bbox 239 844 314 883; x_wconf 81' lang='lat' dir='ltr'><strong>arnus</strong></span> <span class='ocrx_word' id='word_1_36' title='bbox 330 848 339 883; x_wconf 90' lang='lat'><strong>.·</strong></span> <span class='ocrx_word' id='word_1_37' title='bbox 353 844 424 883; x_wconf 89' lang='lat' dir='ltr'><strong>nnnc</strong></span> <span class='ocrx_word' id='word_1_38' title='bbox 438 842 535 883; x_wconf 85' lang='lat' dir='ltr'><strong>omncs</strong></span> <span class='ocrx_word' id='word_1_39' title='bbox 550 833 687 881; x_wconf 89' lang='lat' dir='ltr'><strong>sanantur.</strong></span> <span class='ocrx_word' id='word_1_40' title='bbox 703 825 775 898; x_wconf 90' lang='lat' dir='ltr'><strong>Ergo</strong></span> <span class='ocrx_word' id='word_1_41' title='bbox 791 834 817 882; x_wconf 86' lang='lat' dir='ltr'><strong>at</strong></span> <span class='ocrx_word' id='word_1_42' title='bbox 836 825 881 880; x_wconf 90' lang='lat' dir='ltr'><strong>illa</strong></span> <span class='ocrx_word' id='word_1_43' title='bbox 893 828 943 898; x_wconf 88' lang='lat' dir='ltr'><strong>pi·</strong></span> 
     </span>
     <span class='ocr_line' id='line_1_7' title="bbox 145 914 943 989; baseline -0.001 -19"><span class='ocrx_word' id='word_1_44' title='bbox 145 918 227 972; x_wconf 87' lang='lat' dir='ltr'><strong>scinu</strong></span> <span class='ocrx_word' id='word_1_45' title='bbox 242 916 270 970; x_wconf 89' lang='lat' dir='ltr'><strong>in</strong></span> <span class='ocrx_word' id='word_1_46' title='bbox 284 915 379 988; x_wconf 82' lang='lat' dir='ltr'><strong>figura,</strong></span> <span class='ocrx_word' id='word_1_47' title='bbox 396 923 425 971; x_wconf 91' lang='lat' dir='ltr'><strong>nt</strong></span> <span class='ocrx_word' id='word_1_48' title='bbox 437 917 543 982; x_wconf 89' lang='lat' dir='ltr'><strong>credas,</strong></span> <span class='ocrx_word' id='word_1_49' title='bbox 562 915 746 989; x_wconf 88' lang='lat' dir='ltr'><strong>quiainhunc</strong></span> <span class='ocrx_word' id='word_1_50' title='bbox 770 914 881 971; x_wconf 84' lang='lat' dir='ltr'><strong>Fontem</strong></span> <span class='ocrx_word' id='word_1_51' title='bbox 902 915 943 972; x_wconf 87' lang='lat' dir='ltr'><strong>vis</strong></span> 
     </span>
     <span class='ocr_line' id='line_1_8' title="bbox 147 1001 941 1076; baseline 0.001 -18"><span class='ocrx_word' id='word_1_52' title='bbox 147 1003 243 1058; x_wconf 86' lang='lat' dir='ltr'><strong>Divina</strong></span> <span class='ocrx_word' id='word_1_53' title='bbox 254 1003 402 1060; x_wconf 89' lang='lat' dir='ltr'><strong>descendit.</strong></span> <span class='ocrx_word' id='word_1_54' title='bbox 415 1004 539 1075; x_wconf 88' lang='lat' dir='ltr'><strong>Denique</strong></span> <span class='ocrx_word' id='word_1_55' title='bbox 555 1001 717 1076; x_wconf 85' lang='lat' dir='ltr'><strong>paralyticus</strong></span> <span class='ocrx_word' id='word_1_56' title='bbox 736 1002 782 1058; x_wconf 94' lang='lat' dir='ltr'><strong>ille</strong></span> <span class='ocrx_word' id='word_1_57' title='bbox 796 1011 941 1075; x_wconf 88' lang='lat' dir='ltr'><strong>exspecta-</strong></span> 
     </span>
     <span class='ocr_line' id='line_1_9' title="bbox 146 1090 948 1163; baseline 0.001 -17"><span class='ocrx_word' id='word_1_58' title='bbox 146 1091 195 1147; x_wconf 91' lang='lat' dir='ltr'><strong>bat</strong></span> <span class='ocrx_word' id='word_1_59' title='bbox 215 1092 361 1148; x_wconf 88' lang='lat' dir='ltr'><strong>hominem.</strong></span> <span class='ocrx_word' id='word_1_60' title='bbox 388 1092 501 1163; x_wconf 78' lang='lat' dir='ltr'><strong>Quem?</strong></span> <span class='ocrx_word' id='word_1_61' title='bbox 520 1090 572 1148; x_wconf 89' lang='lat' dir='ltr'><strong>nisi</strong></span> <span class='ocrx_word' id='word_1_62' title='bbox 594 1092 670 1148; x_wconf 88' lang='lat' dir='ltr'><strong>illurn</strong></span> <span class='ocrx_word' id='word_1_63' title='bbox 689 1090 834 1148; x_wconf 88' lang='lat' dir='ltr'><strong>Dominum</strong></span> <span class='ocrx_word' id='word_1_64' title='bbox 854 1092 948 1147; x_wconf 88' lang='lat' dir='ltr'><strong>lesum</strong></span> 
     </span>
    </p>
   </div>
   <div class='ocr_carea' id='block_1_3' title="bbox 655 232 1264 320">
    <p class='ocr_par' dir='ltr' id='par_1_3' title="bbox 655 232 1264 320">
     <span class='ocr_line' id='line_1_10' title="bbox 655 232 1264 320; baseline -0.007 -1"><span class='ocrx_word' id='word_1_65' title='bbox 655 232 659 238; x_wconf 74' lang='grc'><em>’</em></span> <span class='ocrx_word' id='word_1_66' title='bbox 692 255 737 319; x_wconf 83' lang='lat' dir='ltr'><strong>aa</strong></span> <span class='ocrx_word' id='word_1_67' title='bbox 755 255 902 320; x_wconf 83' lang='lat' dir='ltr'><strong>cucuma</strong></span> <span class='ocrx_word' id='word_1_68' title='bbox 919 255 1138 320; x_wconf 79' lang='lat' dir='ltr'><strong>scammum</strong></span> <span class='ocrx_word' id='word_1_69' title='bbox 1156 254 1264 316; x_wconf 81' lang='lat' dir='ltr'><strong>oram</strong></span> 
     </span>
    </p>
   </div>
   <div class='ocr_carea' id='block_1_4' title="bbox 145 380 981 469">
    <p class='ocr_par' dir='ltr' id='par_1_4' title="bbox 145 380 981 469">
     <span class='ocr_line' id='line_1_11' title="bbox 145 380 981 469; baseline 0.001 -32"><span class='ocrx_word' id='word_1_70' title='bbox 145 382 277 457; x_wconf 89' lang='lat' dir='ltr'><strong>gnoribus</strong></span> <span class='ocrx_word' id='word_1_71' title='bbox 298 382 455 440; x_wconf 89' lang='lat' dir='ltr'><strong>delerenda.</strong></span> <span class='ocrx_word' id='word_1_72' title='bbox 480 404 491 434; x_wconf 81' lang='grc' dir='ltr'>ι</span> <span class='ocrx_word' id='word_1_73' title='bbox 516 380 553 437; x_wconf 87' lang='lat' dir='ltr'><strong>Et</strong></span> <span class='ocrx_word' id='word_1_74' title='bbox 579 381 606 435; x_wconf 91' lang='lat' dir='ltr'><strong>in</strong></span> <span class='ocrx_word' id='word_1_75' title='bbox 630 380 679 435; x_wconf 83' lang='lat' dir='ltr'><strong>lib.</strong></span> <span class='ocrx_word' id='word_1_76' title='bbox 696 382 730 437; x_wconf 89' lang='lat' dir='ltr'><strong>de</strong></span> <span class='ocrx_word' id='word_1_77' title='bbox 755 382 797 437; x_wconf 80' lang='lat' dir='ltr'><strong>lais</strong></span> <span class='ocrx_word' id='word_1_78' title='bbox 813 385 861 454; x_wconf 85' lang='lat' dir='ltr'><strong>qui</strong></span> <span class='ocrx_word' id='word_1_79' title='bbox 874 383 981 469; x_wconf 53' lang='lat' dir='ltr'><strong>init..</strong></span> 
     </span>
    </p>
   </div>
   <div class='ocr_carea' id='block_1_5' title="bbox 1726 245 1795 306">
    <p class='ocr_par' dir='ltr' id='par_1_5' title="bbox 1726 245 1795 306">
     <span class='ocr_line' id='line_1_12' title="bbox 1726 245 1795 306; baseline 0 0"><span class='ocrx_word' id='word_1_80' title='bbox 1726 245 1795 306; x_wconf 79' lang='lat' dir='ltr'><strong>tata</strong></span> 
     </span>
    </p>
   </div>
   <div class='ocr_carea' id='block_1_6' title="bbox 996 371 1797 1162">
    <p class='ocr_par' dir='ltr' id='par_1_6' title="bbox 996 371 1797 1162">
     <span class='ocr_line' id='line_1_13' title="bbox 998 371 1796 453; baseline -0.014 -17"><span class='ocrx_word' id='word_1_81' title='bbox 998 384 1149 453; x_wconf 74' lang='lat' dir='ltr'><strong>t&#39;mttqt&#39;ttem</strong></span> <span class='ocrx_word' id='word_1_82' title='bbox 1173 386 1200 434; x_wconf 82' lang='lat' dir='ltr'><strong>et</strong></span> <span class='ocrx_word' id='word_1_83' title='bbox 1232 386 1321 439; x_wconf 65' lang='lat' dir='ltr'><strong>t&#39;thtnt</strong></span> <span class='ocrx_word' id='word_1_84' title='bbox 1337 391 1385 448; x_wconf 76' lang='lat' dir='ltr'><strong>pet·</strong></span> <span class='ocrx_word' id='word_1_85' title='bbox 1418 373 1539 446; x_wconf 75' lang='grc' dir='ltr'><strong>ὃμοὶῳσιν,</strong></span> <span class='ocrx_word' id='word_1_86' title='bbox 1562 371 1796 438; x_wconf 71' lang='lat' dir='ltr'><strong>similitudinem,</strong></span> 
     </span>
     <span class='ocr_line' id='line_1_14' title="bbox 998 456 1795 531; baseline -0.014 -9"><span class='ocrx_word' id='word_1_87' title='bbox 998 471 1122 522; x_wconf 76' lang='lat' dir='ltr'><strong>rendunt.</strong></span> <span class='ocrx_word' id='word_1_88' title='bbox 1137 466 1208 522; x_wconf 92' lang='lat' dir='ltr'><strong>luter</strong></span> <span class='ocrx_word' id='word_1_89' title='bbox 1222 466 1281 520; x_wconf 87' lang='lat' dir='ltr'><strong>haec</strong></span> <span class='ocrx_word' id='word_1_90' title='bbox 1300 466 1355 521; x_wconf 89' lang='lat' dir='ltr'><strong>duo</strong></span> <span class='ocrx_word' id='word_1_91' title='bbox 1367 471 1468 530; x_wconf 89' lang='lat' dir='ltr'><strong>autem,</strong></span> <span class='ocrx_word' id='word_1_92' title='bbox 1484 461 1507 516; x_wconf 93' lang='lat' dir='ltr'><strong>si</strong></span> <span class='ocrx_word' id='word_1_93' title='bbox 1531 459 1623 517; x_wconf 85' lang='lat' dir='ltr'><strong>stricte</strong></span> <span class='ocrx_word' id='word_1_94' title='bbox 1639 458 1715 531; x_wconf 91' lang='lat' dir='ltr'><strong>loqui</strong></span> <span class='ocrx_word' id='word_1_95' title='bbox 1725 456 1795 515; x_wconf 84' lang='lat' dir='ltr'><strong>reli-</strong></span> 
     </span>
     <span class='ocr_line' id='line_1_15' title="bbox 997 549 1797 626; baseline -0.011 -13"><span class='ocrx_word' id='word_1_96' title='bbox 997 573 1069 626; x_wconf 92' lang='lat' dir='ltr'><strong>mns,</strong></span> <span class='ocrx_word' id='word_1_97' title='bbox 1084 555 1227 613; x_wconf 81' lang='lat' dir='ltr'><strong>discrimen</strong></span> <span class='ocrx_word' id='word_1_98' title='bbox 1238 555 1413 619; x_wconf 89' lang='lat' dir='ltr'><strong>intercedere,</strong></span> <span class='ocrx_word' id='word_1_99' title='bbox 1431 553 1459 609; x_wconf 90' lang='lat' dir='ltr'><strong>S.</strong></span> <span class='ocrx_word' id='word_1_100' title='bbox 1477 556 1593 622; x_wconf 77' lang='lat' dir='ltr'><strong>August.</strong></span> <span class='ocrx_word' id='word_1_101' title='bbox 1608 549 1638 605; x_wconf 93' lang='lat' dir='ltr'><strong>in</strong></span> <span class='ocrx_word' id='word_1_102' title='bbox 1651 549 1671 607; x_wconf 88' lang='lat' dir='ltr'><strong>l.</strong></span> <span class='ocrx_word' id='word_1_103' title='bbox 1686 564 1797 606; x_wconf 80' lang='lat' dir='ltr'><strong>axxxm</strong></span> 
     </span>
     <span class='ocr_line' id='line_1_16' title="bbox 997 637 1795 717; baseline -0.01 -17"><span class='ocrx_word' id='word_1_104' title='bbox 997 646 1054 717; x_wconf 76' lang='lat' dir='ltr'><strong>QQ.</strong></span> <span class='ocrx_word' id='word_1_105' title='bbox 1075 662 1103 716; x_wconf 91' lang='lat' dir='ltr'><strong>q.</strong></span> <span class='ocrx_word' id='word_1_106' title='bbox 1120 647 1165 716; x_wconf 80' lang='lat' dir='ltr'><strong>bl,</strong></span> <span class='ocrx_word' id='word_1_107' title='bbox 1181 643 1286 714; x_wconf 84' lang='lat' dir='ltr'><strong>pridem</strong></span> <span class='ocrx_word' id='word_1_108' title='bbox 1310 641 1422 707; x_wconf 85' lang='lat' dir='ltr'><strong>notavit,</strong></span> <span class='ocrx_word' id='word_1_109' title='bbox 1448 640 1595 712; x_wconf 91' lang='lat' dir='ltr'><strong>inquiens:</strong></span> <span class='ocrx_word' id='word_1_110' title='bbox 1625 637 1727 693; x_wconf 79' lang='lat' dir='ltr'><strong>«Sunt</strong></span> <span class='ocrx_word' id='word_1_111' title='bbox 1752 637 1795 709; x_wconf 92' lang='lat' dir='ltr'><strong>qui</strong></span> 
     </span>
     <span class='ocr_line' id='line_1_17' title="bbox 997 727 1795 804; baseline -0.005 -17"><span class='ocrx_word' id='word_1_112' title='bbox 997 748 1051 789; x_wconf 91' lang='lat' dir='ltr'><strong>non</strong></span> <span class='ocrx_word' id='word_1_113' title='bbox 1065 734 1163 787; x_wconf 84' lang='lat' dir='ltr'><strong>frustra</strong></span> <span class='ocrx_word' id='word_1_114' title='bbox 1181 731 1340 804; x_wconf 88' lang='lat' dir='ltr'><strong>intelligant,</strong></span> <span class='ocrx_word' id='word_1_115' title='bbox 1357 732 1411 786; x_wconf 91' lang='lat' dir='ltr'><strong>duo</strong></span> <span class='ocrx_word' id='word_1_116' title='bbox 1425 728 1497 785; x_wconf 89' lang='lat' dir='ltr'><strong>dicta</strong></span> <span class='ocrx_word' id='word_1_117' title='bbox 1511 743 1580 795; x_wconf 90' lang='lat' dir='ltr'><strong>esse,</strong></span> <span class='ocrx_word' id='word_1_118' title='bbox 1594 728 1633 782; x_wconf 80' lang='lat' dir='ltr'><strong>aei</strong></span> <span class='ocrx_word' id='word_1_119' title='bbox 1642 727 1795 799; x_wconf 78' lang='lat' dir='ltr'><strong>imaginent</strong></span> 
     </span>
     <span class='ocr_line' id='line_1_18' title="bbox 997 820 1794 887; baseline -0.009 -9"><span class='ocrx_word' id='word_1_120' title='bbox 997 827 1026 880; x_wconf 89' lang='lat' dir='ltr'><strong>ct</strong></span> <span class='ocrx_word' id='word_1_121' title='bbox 1039 821 1260 878; x_wconf 86' lang='lat' dir='ltr'><strong>similitudinem</strong></span> <span class='ocrx_word' id='word_1_122' title='bbox 1276 841 1284 877; x_wconf 94' lang='grc'><strong>.·</strong></span> <span class='ocrx_word' id='word_1_123' title='bbox 1305 837 1375 887; x_wconf 91' lang='lat' dir='ltr'><strong>cum,</strong></span> <span class='ocrx_word' id='word_1_124' title='bbox 1387 820 1474 875; x_wconf 92' lang='lat' dir='ltr'><strong>sinna</strong></span> <span class='ocrx_word' id='word_1_125' title='bbox 1490 825 1630 883; x_wconf 76' lang='lat' dir='ltr'><strong>recesset,</strong></span> <span class='ocrx_word' id='word_1_126' title='bbox 1648 832 1734 871; x_wconf 92' lang='lat' dir='ltr'><strong>unum</strong></span> <span class='ocrx_word' id='word_1_127' title='bbox 1748 832 1794 871; x_wconf 93' lang='lat' dir='ltr'><strong>uo·</strong></span> 
     </span>
     <span class='ocr_line' id='line_1_19' title="bbox 996 904 1794 982; baseline -0.01 -14"><span class='ocrx_word' id='word_1_128' title='bbox 996 928 1058 968; x_wconf 88' lang='lat' dir='ltr'><strong>men</strong></span> <span class='ocrx_word' id='word_1_129' title='bbox 1068 910 1195 967; x_wconf 85' lang='lat' dir='ltr'><strong>sulficere</strong></span> <span class='ocrx_word' id='word_1_130' title='bbox 1209 909 1364 982; x_wconf 78' lang='lat' dir='ltr'><strong>potuisset.»</strong></span> <span class='ocrx_word' id='word_1_131' title='bbox 1388 907 1523 980; x_wconf 81' lang='lat' dir='ltr'><strong>Imprimis</strong></span> <span class='ocrx_word' id='word_1_132' title='bbox 1547 904 1730 972; x_wconf 88' lang='lat' dir='ltr'><strong>autem,utS.</strong></span> <span class='ocrx_word' id='word_1_133' title='bbox 1745 906 1794 961; x_wconf 84' lang='grc' dir='ltr'>ΤΙι.</span> 
     </span>
     <span class='ocr_line' id='line_1_20' title="bbox 997 994 1795 1073; baseline -0.011 -15"><span class='ocrx_word' id='word_1_134' title='bbox 997 1017 1007 1058; x_wconf 92' lang='lat'>1</span> <span class='ocrx_word' id='word_1_135' title='bbox 1021 1018 1049 1072; x_wconf 90' lang='lat' dir='ltr'><strong>p.</strong></span> <span class='ocrx_word' id='word_1_136' title='bbox 1064 1017 1092 1073; x_wconf 91' lang='lat' dir='ltr'><strong>q.</strong></span> <span class='ocrx_word' id='word_1_137' title='bbox 1106 1002 1151 1066; x_wconf 87' lang='grc'><strong>93,</strong></span> <span class='ocrx_word' id='word_1_138' title='bbox 1167 1007 1216 1055; x_wconf 86' lang='lat' dir='ltr'><strong>art.</strong></span> <span class='ocrx_word' id='word_1_139' title='bbox 1235 1003 1261 1066; x_wconf 84' lang='lat'><strong>9,</strong></span> <span class='ocrx_word' id='word_1_140' title='bbox 1283 997 1309 1055; x_wconf 93' lang='lat' dir='ltr'><strong>in</strong></span> <span class='ocrx_word' id='word_1_141' title='bbox 1324 997 1336 1072; x_wconf 83' lang='lat'>§</span> <span class='ocrx_word' id='word_1_142' title='bbox 1351 998 1478 1069; x_wconf 87' lang='lat' dir='ltr'><strong>explicat,</strong></span> <span class='ocrx_word' id='word_1_143' title='bbox 1502 1020 1515 1046; x_wconf 80' lang='grc' dir='ltr'>ι</span> <span class='ocrx_word' id='word_1_144' title='bbox 1533 995 1692 1053; x_wconf 90' lang='lat' dir='ltr'><strong>Similitudo</strong></span> <span class='ocrx_word' id='word_1_145' title='bbox 1706 994 1795 1051; x_wconf 88' lang='lat' dir='ltr'><strong>causi-</strong></span> 
     </span>
     <span class='ocr_line' id='line_1_21' title="bbox 998 1083 1795 1162; baseline -0.009 -16"><span class='ocrx_word' id='word_1_146' title='bbox 998 1091 1106 1146; x_wconf 89' lang='lat' dir='ltr'><strong>deratur</strong></span> <span class='ocrx_word' id='word_1_147' title='bbox 1120 1098 1149 1147; x_wconf 91' lang='lat' dir='ltr'><strong>ut</strong></span> <span class='ocrx_word' id='word_1_148' title='bbox 1173 1090 1368 1162; x_wconf 82' lang='lat' dir='ltr'><strong>praeambulum</strong></span> <span class='ocrx_word' id='word_1_149' title='bbox 1385 1088 1420 1143; x_wconf 94' lang='lat' dir='ltr'><strong>ad</strong></span> <span class='ocrx_word' id='word_1_150' title='bbox 1438 1086 1598 1160; x_wconf 79' lang='lat' dir='ltr'><strong>imaginem,</strong></span> <span class='ocrx_word' id='word_1_151' title='bbox 1627 1083 1795 1157; x_wconf 85' lang='lat' dir='ltr'><strong>inquantum</strong></span> 
     </span>
    </p>
   </div>
   <div class='ocr_carea' id='block_1_7' title="bbox 43 4988 608 5062">
    <p class='ocr_par' dir='ltr' id='par_1_7' title="bbox 43 4988 608 5062">
     <span class='ocr_line' id='line_1_22' title="bbox 43 4988 608 5062; baseline 0.027 -23"><span class='ocrx_word' id='word_1_152' title='bbox 43 5017 45 5020; x_wconf 93' lang='lat'><em>-</em></span> <span class='ocrx_word' id='word_1_153' title='bbox 137 4988 226 5044; x_wconf 91' lang='lat' dir='ltr'><strong>omnis</strong></span> <span class='ocrx_word' id='word_1_154' title='bbox 244 4995 341 5046; x_wconf 83' lang='lat' dir='ltr'><strong>reatus</strong></span> <span class='ocrx_word' id='word_1_155' title='bbox 358 5008 450 5062; x_wconf 86' lang='lat' dir='ltr'><strong>poenoe</strong></span> <span class='ocrx_word' id='word_1_156' title='bbox 463 4994 608 5055; x_wconf 79' lang='lat' dir='ltr'><strong>auferatur.</strong></span> 
     </span>
    </p>
   </div>
   <div class='ocr_carea' id='block_1_8' title="bbox 146 1171 1796 2402">
    <p class='ocr_par' dir='ltr' id='par_1_8' title="bbox 998 1171 1795 1342">
     <span class='ocr_line' id='line_1_23' title="bbox 998 1171 1792 1252; baseline -0.011 -16"><span class='ocrx_word' id='word_1_157' title='bbox 998 1187 1039 1236; x_wconf 89' lang='lat' dir='ltr'><strong>est</strong></span> <span class='ocrx_word' id='word_1_158' title='bbox 1057 1179 1237 1246; x_wconf 89' lang='lat' dir='ltr'><strong>communius,</strong></span> <span class='ocrx_word' id='word_1_159' title='bbox 1257 1193 1338 1252; x_wconf 92' lang='lat' dir='ltr'><strong>quam</strong></span> <span class='ocrx_word' id='word_1_160' title='bbox 1353 1178 1452 1249; x_wconf 83' lang='lat' dir='ltr'><strong>imago.</strong></span> <span class='ocrx_word' id='word_1_161' title='bbox 1470 1194 1484 1228; x_wconf 76' lang='lat' dir='ltr'><strong>s</strong></span> <span class='ocrx_word' id='word_1_162' title='bbox 1500 1175 1567 1232; x_wconf 88' lang='lat' dir='ltr'><strong>Nam</strong></span> <span class='ocrx_word' id='word_1_163' title='bbox 1583 1172 1624 1230; x_wconf 91' lang='lat' dir='ltr'><strong>ait</strong></span> <span class='ocrx_word' id='word_1_164' title='bbox 1647 1171 1675 1229; x_wconf 91' lang='lat' dir='ltr'><strong>in</strong></span> <span class='ocrx_word' id='word_1_165' title='bbox 1701 1171 1747 1230; x_wconf 91' lang='lat' dir='ltr'><strong>cit.</strong></span> <span class='ocrx_word' id='word_1_166' title='bbox 1768 1189 1792 1244; x_wconf 88' lang='lat' dir='ltr'><strong>q.</strong></span> 
     </span>
     <span class='ocr_line' id='line_1_24' title="bbox 998 1262 1795 1342; baseline -0.01 -17"><span class='ocrx_word' id='word_1_167' title='bbox 998 1286 1023 1325; x_wconf 89' lang='lat' dir='ltr'><strong>a.</strong></span> <span class='ocrx_word' id='word_1_168' title='bbox 1040 1269 1059 1327; x_wconf 93' lang='lat' dir='ltr'><strong>i.</strong></span> <span class='ocrx_word' id='word_1_169' title='bbox 1071 1270 1098 1324; x_wconf 90' lang='lat' dir='ltr'><strong>in</strong></span> <span class='ocrx_word' id='word_1_170' title='bbox 1112 1268 1128 1342; x_wconf 69' lang='grc' dir='ltr'>ἓ</span> <span class='ocrx_word' id='word_1_171' title='bbox 1144 1267 1319 1325; x_wconf 82' lang='lat' dir='ltr'><strong>«Dicendum</strong></span> <span class='ocrx_word' id='word_1_172' title='bbox 1330 1267 1398 1323; x_wconf 88' lang='lat' dir='ltr'><strong>sicut</strong></span> <span class='ocrx_word' id='word_1_173' title='bbox 1413 1266 1441 1323; x_wconf 87' lang='lat' dir='ltr'><strong>S.</strong></span> <span class='ocrx_word' id='word_1_174' title='bbox 1453 1267 1523 1338; x_wconf 81' lang='lat' dir='ltr'><strong>hug.</strong></span> <span class='ocrx_word' id='word_1_175' title='bbox 1534 1263 1600 1320; x_wconf 92' lang='lat' dir='ltr'><strong>dicit</strong></span> <span class='ocrx_word' id='word_1_176' title='bbox 1616 1262 1645 1318; x_wconf 92' lang='lat' dir='ltr'><strong>in</strong></span> <span class='ocrx_word' id='word_1_177' title='bbox 1660 1263 1678 1317; x_wconf 90' lang='grc' dir='ltr'><strong>Ι.</strong></span> <span class='ocrx_word' id='word_1_178' title='bbox 1688 1277 1795 1318; x_wconf 83' lang='lat' dir='ltr'><strong>nxxxm</strong></span> 
     </span>
    </p>

    <p class='ocr_par' dir='ltr' id='par_1_9' title="bbox 148 1352 1795 1515">
     <span class='ocr_line' id='line_1_25' title="bbox 187 1352 1794 1430; baseline -0.003 -21"><span class='ocrx_word' id='word_1_179' title='bbox 187 1355 353 1412; x_wconf 85' lang='lat' dir='ltr'><strong>Gratialtci.</strong></span> <span class='ocrx_word' id='word_1_180' title='bbox 368 1354 479 1412; x_wconf 84' lang='lat' dir='ltr'><strong>Scilicet</strong></span> <span class='ocrx_word' id='word_1_181' title='bbox 495 1363 557 1428; x_wconf 91' lang='lat' dir='ltr'><strong>post</strong></span> <span class='ocrx_word' id='word_1_182' title='bbox 571 1355 680 1422; x_wconf 86' lang='lat' dir='ltr'><strong>Christi,</strong></span> <span class='ocrx_word' id='word_1_183' title='bbox 700 1354 826 1413; x_wconf 76' lang='lat' dir='ltr'><strong>ductoris</strong></span> <span class='ocrx_word' id='word_1_184' title='bbox 841 1353 943 1428; x_wconf 82' lang='lat' dir='ltr'><strong>gratiae,</strong></span> <span class='ocrx_word' id='word_1_185' title='bbox 998 1357 1069 1427; x_wconf 82' lang='lat' dir='ltr'><strong>QQ,</strong></span> <span class='ocrx_word' id='word_1_186' title='bbox 1080 1377 1107 1430; x_wconf 88' lang='lat' dir='ltr'><strong>q.</strong></span> <span class='ocrx_word' id='word_1_187' title='bbox 1118 1359 1170 1415; x_wconf 79' lang='lat' dir='ltr'><strong>tt:</strong></span> <span class='ocrx_word' id='word_1_188' title='bbox 1190 1358 1237 1417; x_wconf 86' lang='lat' dir='ltr'><strong>liii</strong></span> <span class='ocrx_word' id='word_1_189' title='bbox 1246 1359 1396 1430; x_wconf 83' lang='lat' dir='ltr'><strong>estimapo,</strong></span> <span class='ocrx_word' id='word_1_190' title='bbox 1410 1355 1546 1413; x_wconf 85' lang='lat' dir='ltr'><strong>continuo</strong></span> <span class='ocrx_word' id='word_1_191' title='bbox 1560 1357 1604 1410; x_wconf 86' lang='lat' dir='ltr'><strong>est</strong></span> <span class='ocrx_word' id='word_1_192' title='bbox 1623 1352 1794 1410; x_wconf 83' lang='lat' dir='ltr'><strong>similitudo:</strong></span> 
     </span>
     <span class='ocr_line' id='line_1_26' title="bbox 148 1440 1795 1515; baseline 0.002 -22"><span class='ocrx_word' id='word_1_193' title='bbox 148 1444 302 1500; x_wconf 77' lang='lat' dir='ltr'><strong>adventum.</strong></span> <span class='ocrx_word' id='word_1_194' title='bbox 998 1447 1046 1503; x_wconf 83' lang='lat' dir='ltr'><strong>sed</strong></span> <span class='ocrx_word' id='word_1_195' title='bbox 1055 1445 1103 1503; x_wconf 86' lang='lat' dir='ltr'><strong>nii</strong></span> <span class='ocrx_word' id='word_1_196' title='bbox 1116 1450 1157 1503; x_wconf 90' lang='lat' dir='ltr'><strong>cst</strong></span> <span class='ocrx_word' id='word_1_197' title='bbox 1170 1445 1338 1510; x_wconf 82' lang='lat' dir='ltr'><strong>similitudo,</strong></span> <span class='ocrx_word' id='word_1_198' title='bbox 1354 1460 1411 1502; x_wconf 86' lang='lat' dir='ltr'><strong>non</strong></span> <span class='ocrx_word' id='word_1_199' title='bbox 1426 1444 1562 1501; x_wconf 86' lang='lat' dir='ltr'><strong>continuo</strong></span> <span class='ocrx_word' id='word_1_200' title='bbox 1577 1445 1621 1498; x_wconf 87' lang='lat' dir='ltr'><strong>est</strong></span> <span class='ocrx_word' id='word_1_201' title='bbox 1640 1442 1745 1515; x_wconf 72' lang='lat' dir='ltr'><strong>imago.</strong></span> <span class='ocrx_word' id='word_1_202' title='bbox 1759 1440 1795 1496; x_wconf 84' lang='lat' dir='ltr'><strong>lix</strong></span> 
     </span>
    </p>

    <p class='ocr_par' dir='ltr' id='par_1_10' title="bbox 147 1529 1796 2047">
     <span class='ocr_line' id='line_1_27' title="bbox 185 1529 1795 1608; baseline -0.004 -18"><span class='ocrx_word' id='word_1_203' title='bbox 185 1533 395 1593; x_wconf 82' lang='lat' dir='ltr'><strong>Remediainnt.</strong></span> <span class='ocrx_word' id='word_1_204' title='bbox 412 1534 510 1590; x_wconf 87' lang='lat' dir='ltr'><strong>Eodem</strong></span> <span class='ocrx_word' id='word_1_205' title='bbox 535 1549 643 1606; x_wconf 90' lang='lat' dir='ltr'><strong>queque</strong></span> <span class='ocrx_word' id='word_1_206' title='bbox 671 1534 754 1591; x_wconf 86' lang='lat' dir='ltr'><strong>verbo</strong></span> <span class='ocrx_word' id='word_1_207' title='bbox 781 1534 878 1590; x_wconf 89' lang='lat' dir='ltr'><strong>Noster</strong></span> <span class='ocrx_word' id='word_1_208' title='bbox 910 1534 946 1590; x_wconf 85' lang='lat' dir='ltr'><strong>ad</strong></span> <span class='ocrx_word' id='word_1_209' title='bbox 998 1549 1052 1606; x_wconf 91' lang='lat' dir='ltr'><strong>qno</strong></span> <span class='ocrx_word' id='word_1_210' title='bbox 1066 1542 1149 1606; x_wconf 90' lang='lat' dir='ltr'><strong>patet,</strong></span> <span class='ocrx_word' id='word_1_211' title='bbox 1164 1536 1253 1608; x_wconf 88' lang='lat' dir='ltr'><strong>pergit</strong></span> <span class='ocrx_word' id='word_1_212' title='bbox 1276 1533 1305 1590; x_wconf 87' lang='lat' dir='ltr'><strong>S.</strong></span> <span class='ocrx_word' id='word_1_213' title='bbox 1317 1533 1444 1600; x_wconf 83' lang='lat' dir='ltr'><strong>Thomas,</strong></span> <span class='ocrx_word' id='word_1_214' title='bbox 1453 1533 1526 1605; x_wconf 89' lang='lat' dir='ltr'><strong>qnod</strong></span> <span class='ocrx_word' id='word_1_215' title='bbox 1536 1529 1701 1590; x_wconf 85' lang='lat' dir='ltr'><strong>similitudo</strong></span> <span class='ocrx_word' id='word_1_216' title='bbox 1715 1537 1756 1586; x_wconf 85' lang='lat' dir='ltr'><strong>est</strong></span> <span class='ocrx_word' id='word_1_217' title='bbox 1765 1529 1795 1585; x_wconf 88' lang='lat' dir='ltr'><strong>de</strong></span> 
     </span>
     <span class='ocr_line' id='line_1_28' title="bbox 149 1614 1792 1695; baseline -0.003 -17"><span class='ocrx_word' id='word_1_218' title='bbox 149 1621 307 1693; x_wconf 74' lang='lat' dir='ltr'><strong>Scapula.</strong></span> <span class='ocrx_word' id='word_1_219' title='bbox 327 1621 471 1689; x_wconf 64' lang='lat' dir='ltr'><strong>entitur:</strong></span> <span class='ocrx_word' id='word_1_220' title='bbox 499 1614 628 1690; x_wconf 76' lang='lat' dir='ltr'><strong>«Quanti</strong></span> <span class='ocrx_word' id='word_1_221' title='bbox 656 1621 763 1676; x_wconf 89' lang='lat' dir='ltr'><strong>honesti</strong></span> <span class='ocrx_word' id='word_1_222' title='bbox 790 1619 840 1677; x_wconf 86' lang='lat' dir='ltr'><strong>viri</strong></span> <span class='ocrx_word' id='word_1_223' title='bbox 871 1628 946 1676; x_wconf 84' lang='lat' dir='ltr'><strong>nuta</strong></span> <span class='ocrx_word' id='word_1_224' title='bbox 999 1625 1101 1680; x_wconf 87' lang='lat' dir='ltr'><strong>ratione</strong></span> <span class='ocrx_word' id='word_1_225' title='bbox 1120 1624 1265 1695; x_wconf 77' lang='lat' dir='ltr'><strong>imaginis,</strong></span> <span class='ocrx_word' id='word_1_226' title='bbox 1283 1629 1310 1678; x_wconf 93' lang='lat' dir='ltr'><strong>et</strong></span> <span class='ocrx_word' id='word_1_227' title='bbox 1328 1621 1535 1694; x_wconf 86' lang='lat' dir='ltr'><strong>imapoaliquid</strong></span> <span class='ocrx_word' id='word_1_228' title='bbox 1554 1618 1630 1675; x_wconf 88' lang='lat' dir='ltr'><strong>addit</strong></span> <span class='ocrx_word' id='word_1_229' title='bbox 1652 1633 1738 1691; x_wconf 88' lang='lat' dir='ltr'><strong>supra</strong></span> <span class='ocrx_word' id='word_1_230' title='bbox 1750 1633 1792 1673; x_wconf 87' lang='lat' dir='ltr'><strong>ra·</strong></span> 
     </span>
     <span class='ocr_line' id='line_1_29' title="bbox 147 1707 1796 1794; baseline -0.001 -30"><span class='ocrx_word' id='word_1_231' title='bbox 147 1709 299 1775; x_wconf 89' lang='lat' dir='ltr'><strong>daemoniis,</strong></span> <span class='ocrx_word' id='word_1_232' title='bbox 321 1719 366 1766; x_wconf 92' lang='lat' dir='ltr'><strong>ant</strong></span> <span class='ocrx_word' id='word_1_233' title='bbox 388 1709 586 1767; x_wconf 86' lang='lat' dir='ltr'><strong>valetudinibus</strong></span> <span class='ocrx_word' id='word_1_234' title='bbox 602 1708 742 1765; x_wconf 89' lang='lat' dir='ltr'><strong>remediati</strong></span> <span class='ocrx_word' id='word_1_235' title='bbox 762 1716 832 1764; x_wconf 90' lang='lat' dir='ltr'><strong>suut.</strong></span> <span class='ocrx_word' id='word_1_236' title='bbox 848 1728 862 1762; x_wconf 84' lang='lat' dir='ltr'><strong>n</strong></span> <span class='ocrx_word' id='word_1_237' title='bbox 880 1707 945 1766; x_wconf 86' lang='lat' dir='ltr'><strong>Vide</strong></span> <span class='ocrx_word' id='word_1_238' title='bbox 962 1716 985 1794; x_wconf 63' lang='grc' dir='ltr'><strong>Β</strong></span> <span class='ocrx_word' id='word_1_239' title='bbox 999 1712 1099 1768; x_wconf 89' lang='lat' dir='ltr'><strong>tionem</strong></span> <span class='ocrx_word' id='word_1_240' title='bbox 1114 1712 1325 1783; x_wconf 80' lang='lat' dir='ltr'><strong>similitudinis,</strong></span> <span class='ocrx_word' id='word_1_241' title='bbox 1340 1710 1441 1767; x_wconf 90' lang='lat' dir='ltr'><strong>scilicet</strong></span> <span class='ocrx_word' id='word_1_242' title='bbox 1463 1707 1536 1781; x_wconf 90' lang='lat' dir='ltr'><strong>quod</strong></span> <span class='ocrx_word' id='word_1_243' title='bbox 1553 1707 1591 1764; x_wconf 89' lang='lat' dir='ltr'><strong>sit</strong></span> <span class='ocrx_word' id='word_1_244' title='bbox 1614 1724 1651 1766; x_wconf 82' lang='lat' dir='ltr'><strong>ea</strong></span> <span class='ocrx_word' id='word_1_245' title='bbox 1680 1707 1740 1764; x_wconf 80' lang='lat' dir='ltr'><strong>otto</strong></span> <span class='ocrx_word' id='word_1_246' title='bbox 1753 1721 1796 1763; x_wconf 80' lang='lat' dir='ltr'><strong>ex·</strong></span> 
     </span>
     <span class='ocr_line' id='line_1_30' title="bbox 148 1793 1795 1873; baseline -0.004 -19"><span class='ocrx_word' id='word_1_247' title='bbox 148 1798 227 1855; x_wconf 90' lang='lat' dir='ltr'><strong>etiam</strong></span> <span class='ocrx_word' id='word_1_248' title='bbox 242 1800 269 1852; x_wconf 91' lang='lat' dir='ltr'><strong>in</strong></span> <span class='ocrx_word' id='word_1_249' title='bbox 288 1799 335 1856; x_wconf 88' lang='lat' dir='ltr'><strong>tib.</strong></span> <span class='ocrx_word' id='word_1_250' title='bbox 353 1800 386 1856; x_wconf 88' lang='lat' dir='ltr'><strong>de</strong></span> <span class='ocrx_word' id='word_1_251' title='bbox 402 1802 534 1864; x_wconf 76' lang='lat' dir='ltr'><strong>Prason,</strong></span> <span class='ocrx_word' id='word_1_252' title='bbox 551 1814 575 1854; x_wconf 90' lang='lat' dir='ltr'><strong>c.</strong></span> <span class='ocrx_word' id='word_1_253' title='bbox 605 1801 648 1855; x_wconf 85' lang='grc'><strong>98.</strong></span> <span class='ocrx_word' id='word_1_254' title='bbox 676 1799 833 1869; x_wconf 87' lang='lat' dir='ltr'><strong>Quanquam</strong></span> <span class='ocrx_word' id='word_1_255' title='bbox 855 1807 945 1856; x_wconf 86' lang='lat' dir='ltr'><strong>autem</strong></span> <span class='ocrx_word' id='word_1_256' title='bbox 999 1814 1101 1872; x_wconf 88' lang='lat' dir='ltr'><strong>pressa.</strong></span> <span class='ocrx_word' id='word_1_257' title='bbox 1117 1800 1208 1873; x_wconf 88' lang='lat' dir='ltr'><strong>imago</strong></span> <span class='ocrx_word' id='word_1_258' title='bbox 1223 1800 1293 1855; x_wconf 91' lang='lat' dir='ltr'><strong>enim</strong></span> <span class='ocrx_word' id='word_1_259' title='bbox 1317 1797 1413 1856; x_wconf 89' lang='lat' dir='ltr'><strong>dicitur</strong></span> <span class='ocrx_word' id='word_1_260' title='bbox 1428 1813 1462 1855; x_wconf 89' lang='lat' dir='ltr'><strong>ex</strong></span> <span class='ocrx_word' id='word_1_261' title='bbox 1485 1811 1528 1868; x_wconf 90' lang='lat' dir='ltr'><strong>eo,</strong></span> <span class='ocrx_word' id='word_1_262' title='bbox 1552 1794 1629 1869; x_wconf 89' lang='lat' dir='ltr'><strong>quod</strong></span> <span class='ocrx_word' id='word_1_263' title='bbox 1647 1793 1740 1868; x_wconf 87' lang='lat' dir='ltr'><strong>agitur</strong></span> <span class='ocrx_word' id='word_1_264' title='bbox 1767 1793 1795 1849; x_wconf 90' lang='lat' dir='ltr'><strong>ad</strong></span> 
     </span>
     <span class='ocr_line' id='line_1_31' title="bbox 148 1885 1795 1958; baseline -0.002 -15"><span class='ocrx_word' id='word_1_265' title='bbox 148 1887 259 1943; x_wconf 84' lang='lat' dir='ltr'><strong>verbum</strong></span> <span class='ocrx_word' id='word_1_266' title='bbox 285 1887 337 1943; x_wconf 92' lang='lat' dir='ltr'><strong>hoc</strong></span> <span class='ocrx_word' id='word_1_267' title='bbox 367 1886 575 1943; x_wconf 84' lang='lat' dir='ltr'><strong>Ciceronianam</strong></span> <span class='ocrx_word' id='word_1_268' title='bbox 619 1902 673 1944; x_wconf 93' lang='lat' dir='ltr'><strong>non</strong></span> <span class='ocrx_word' id='word_1_269' title='bbox 714 1885 760 1956; x_wconf 88' lang='lat' dir='ltr'><strong>sit,</strong></span> <span class='ocrx_word' id='word_1_270' title='bbox 792 1885 946 1943; x_wconf 87' lang='lat' dir='ltr'><strong>adhibuisse</strong></span> <span class='ocrx_word' id='word_1_271' title='bbox 1000 1888 1176 1946; x_wconf 90' lang='lat' dir='ltr'><strong>imitationem</strong></span> <span class='ocrx_word' id='word_1_272' title='bbox 1195 1888 1316 1945; x_wconf 83' lang='lat' dir='ltr'><strong>alterius.</strong></span> <span class='ocrx_word' id='word_1_273' title='bbox 1332 1888 1411 1946; x_wconf 91' lang='lat' dir='ltr'><strong>Unde</strong></span> <span class='ocrx_word' id='word_1_274' title='bbox 1433 1902 1527 1952; x_wconf 89' lang='lat' dir='ltr'><strong>ovum,</strong></span> <span class='ocrx_word' id='word_1_275' title='bbox 1550 1894 1795 1958; x_wconf 85' lang='lat' dir='ltr'><strong>quantumcumque</strong></span> 
     </span>
     <span class='ocr_line' id='line_1_32' title="bbox 148 1974 1795 2047; baseline -0.001 -17"><span class='ocrx_word' id='word_1_276' title='bbox 148 1975 281 2031; x_wconf 90' lang='lat' dir='ltr'><strong>tamenid</strong></span> <span class='ocrx_word' id='word_1_277' title='bbox 301 1976 421 2033; x_wconf 89' lang='lat' dir='ltr'><strong>noscitur</strong></span> <span class='ocrx_word' id='word_1_278' title='bbox 436 1977 464 2034; x_wconf 87' lang='lat' dir='ltr'><strong>S.</strong></span> <span class='ocrx_word' id='word_1_279' title='bbox 485 1977 594 2034; x_wconf 89' lang='lat' dir='ltr'><strong>llieron.</strong></span> <span class='ocrx_word' id='word_1_280' title='bbox 611 1978 638 2032; x_wconf 92' lang='lat' dir='ltr'><strong>iu</strong></span> <span class='ocrx_word' id='word_1_281' title='bbox 663 1978 724 2034; x_wconf 85' lang='lat' dir='ltr'><strong>Vita</strong></span> <span class='ocrx_word' id='word_1_282' title='bbox 748 1977 860 2033; x_wconf 87' lang='lat' dir='ltr'><strong>llitarii.</strong></span> <span class='ocrx_word' id='word_1_283' title='bbox 998 1979 1032 2035; x_wconf 92' lang='lat' dir='ltr'><strong>sit</strong></span> <span class='ocrx_word' id='word_1_284' title='bbox 1046 1977 1122 2033; x_wconf 91' lang='lat' dir='ltr'><strong>alteri</strong></span> <span class='ocrx_word' id='word_1_285' title='bbox 1136 1991 1187 2035; x_wconf 88' lang='lat' dir='ltr'><strong>ovo</strong></span> <span class='ocrx_word' id='word_1_286' title='bbox 1214 1976 1310 2042; x_wconf 89' lang='lat' dir='ltr'><strong>simile,</strong></span> <span class='ocrx_word' id='word_1_287' title='bbox 1339 1985 1365 2032; x_wconf 91' lang='lat' dir='ltr'><strong>et</strong></span> <span class='ocrx_word' id='word_1_288' title='bbox 1394 1975 1504 2047; x_wconf 84' lang='lat' dir='ltr'><strong>aequale,</strong></span> <span class='ocrx_word' id='word_1_289' title='bbox 1546 1974 1613 2046; x_wconf 88' lang='lat' dir='ltr'><strong>qnia</strong></span> <span class='ocrx_word' id='word_1_290' title='bbox 1632 1980 1727 2029; x_wconf 89' lang='lat' dir='ltr'><strong>tamen</strong></span> <span class='ocrx_word' id='word_1_291' title='bbox 1748 1988 1795 2028; x_wconf 92' lang='lat' dir='ltr'><strong>non</strong></span> 
     </span>
    </p>

    <p class='ocr_par' dir='ltr' id='par_1_11' title="bbox 146 2063 1794 2402">
     <span class='ocr_line' id='line_1_33' title="bbox 184 2063 1790 2139; baseline -0.003 -18"><span class='ocrx_word' id='word_1_292' title='bbox 184 2067 334 2138; x_wconf 88' lang='lat' dir='ltr'><strong>Spiritum.</strong></span> <span class='ocrx_word' id='word_1_293' title='bbox 355 2065 471 2135; x_wconf 87' lang='lat' dir='ltr'><strong>Quidam</strong></span> <span class='ocrx_word' id='word_1_294' title='bbox 501 2067 616 2138; x_wconf 89' lang='lat' dir='ltr'><strong>legunt:</strong></span> <span class='ocrx_word' id='word_1_295' title='bbox 643 2066 768 2139; x_wconf 86' lang='lat' dir='ltr'><strong>Spiritui</strong></span> <span class='ocrx_word' id='word_1_296' title='bbox 785 2065 946 2122; x_wconf 87' lang='lat' dir='ltr'><strong>medentur.</strong></span> <span class='ocrx_word' id='word_1_297' title='bbox 1000 2074 1042 2122; x_wconf 86' lang='lat' dir='ltr'><strong>est</strong></span> <span class='ocrx_word' id='word_1_298' title='bbox 1065 2081 1221 2138; x_wconf 85' lang='lat' dir='ltr'><strong>expressum</strong></span> <span class='ocrx_word' id='word_1_299' title='bbox 1249 2081 1282 2122; x_wconf 85' lang='lat' dir='ltr'><strong>ex</strong></span> <span class='ocrx_word' id='word_1_300' title='bbox 1309 2064 1547 2134; x_wconf 90' lang='lat' dir='ltr'><strong>illo,uoudicitur</strong></span> <span class='ocrx_word' id='word_1_301' title='bbox 1570 2063 1666 2135; x_wconf 87' lang='lat' dir='ltr'><strong>imago</strong></span> <span class='ocrx_word' id='word_1_302' title='bbox 1696 2063 1790 2133; x_wconf 72' lang='lat' dir='ltr'><strong>ejus.»</strong></span> 
     </span>
     <span class='ocr_line' id='line_1_34' title="bbox 147 2139 1792 2228; baseline -0.002 -19"><span class='ocrx_word' id='word_1_303' title='bbox 147 2154 200 2209; x_wconf 89' lang='lat' dir='ltr'><strong>Sed</strong></span> <span class='ocrx_word' id='word_1_304' title='bbox 215 2154 281 2226; x_wconf 93' lang='lat' dir='ltr'><strong>quid</strong></span> <span class='ocrx_word' id='word_1_305' title='bbox 300 2162 374 2212; x_wconf 84' lang='lat' dir='ltr'><strong>vetat</strong></span> <span class='ocrx_word' id='word_1_306' title='bbox 387 2157 522 2228; x_wconf 86' lang='lat' dir='ltr'><strong>spiritum</strong></span> <span class='ocrx_word' id='word_1_307' title='bbox 538 2155 672 2214; x_wconf 78' lang='lat' dir='ltr'><strong>retinere?</strong></span> <span class='ocrx_word' id='word_1_308' title='bbox 686 2162 784 2210; x_wconf 91' lang='lat' dir='ltr'><strong>namet</strong></span> <span class='ocrx_word' id='word_1_309' title='bbox 798 2155 905 2211; x_wconf 88' lang='lat' dir='ltr'><strong>Terent.</strong></span> <span class='ocrx_word' id='word_1_310' title='bbox 918 2153 945 2209; x_wconf 92' lang='lat' dir='ltr'><strong>in</strong></span> <span class='ocrx_word' id='word_1_311' title='bbox 997 2158 1032 2212; x_wconf 82' lang='lat' dir='ltr'><strong>At</strong></span> <span class='ocrx_word' id='word_1_312' title='bbox 1048 2170 1110 2211; x_wconf 84' lang='lat' dir='ltr'><strong>tero</strong></span> <span class='ocrx_word' id='word_1_313' title='bbox 1120 2153 1200 2210; x_wconf 88' lang='lat' dir='ltr'><strong>aliam</strong></span> <span class='ocrx_word' id='word_1_314' title='bbox 1214 2170 1320 2227; x_wconf 90' lang='lat' dir='ltr'><strong>quoque</strong></span> <span class='ocrx_word' id='word_1_315' title='bbox 1338 2139 1546 2210; x_wconf 72' lang='lat' dir='ltr'><strong>similitudinis</strong></span> <span class='ocrx_word' id='word_1_316' title='bbox 1568 2150 1792 2224; x_wconf 83' lang='lat' dir='ltr'><strong>significationen</strong></span> 
     </span>
     <span class='ocr_line' id='line_1_35' title="bbox 148 2240 1794 2314; baseline -0.002 -17"><span class='ocrx_word' id='word_1_317' title='bbox 148 2243 315 2302; x_wconf 80' lang='lat' dir='ltr'><strong>Phormione</strong></span> <span class='ocrx_word' id='word_1_318' title='bbox 335 2245 437 2302; x_wconf 88' lang='lat' dir='ltr'><strong>habet:</strong></span> <span class='ocrx_word' id='word_1_319' title='bbox 457 2266 468 2294; x_wconf 79' lang='grc' dir='ltr'>ι</span> <span class='ocrx_word' id='word_1_320' title='bbox 485 2243 572 2313; x_wconf 91' lang='lat' dir='ltr'><strong>Quas,</strong></span> <span class='ocrx_word' id='word_1_321' title='bbox 588 2260 650 2300; x_wconf 91' lang='lat' dir='ltr'><strong>cum</strong></span> <span class='ocrx_word' id='word_1_322' title='bbox 679 2260 723 2300; x_wconf 87' lang='lat' dir='ltr'><strong>res</strong></span> <span class='ocrx_word' id='word_1_323' title='bbox 742 2242 861 2300; x_wconf 82' lang='lat' dir='ltr'><strong>adtersae</strong></span> <span class='ocrx_word' id='word_1_324' title='bbox 880 2242 944 2308; x_wconf 91' lang='lat' dir='ltr'><strong>sint,</strong></span> <span class='ocrx_word' id='word_1_325' title='bbox 997 2246 1082 2314; x_wconf 91' lang='lat' dir='ltr'><strong>aperit</strong></span> <span class='ocrx_word' id='word_1_326' title='bbox 1095 2244 1141 2300; x_wconf 89' lang='lat' dir='ltr'><strong>cit.</strong></span> <span class='ocrx_word' id='word_1_327' title='bbox 1158 2259 1186 2313; x_wconf 93' lang='lat' dir='ltr'><strong>q.</strong></span> <span class='ocrx_word' id='word_1_328' title='bbox 1212 2248 1256 2310; x_wconf 85' lang='grc'><strong>93,</strong></span> <span class='ocrx_word' id='word_1_329' title='bbox 1277 2259 1302 2298; x_wconf 92' lang='lat' dir='ltr'><strong>a.</strong></span> <span class='ocrx_word' id='word_1_330' title='bbox 1325 2246 1351 2308; x_wconf 89' lang='grc'><strong>9,</strong></span> <span class='ocrx_word' id='word_1_331' title='bbox 1375 2243 1412 2298; x_wconf 87' lang='lat' dir='ltr'><strong>ita</strong></span> <span class='ocrx_word' id='word_1_332' title='bbox 1435 2243 1549 2313; x_wconf 88' lang='lat' dir='ltr'><strong>loquens</strong></span> <span class='ocrx_word' id='word_1_333' title='bbox 1572 2259 1578 2296; x_wconf 93' lang='lat'>:</span> <span class='ocrx_word' id='word_1_334' title='bbox 1606 2240 1794 2297; x_wconf 77' lang='lat' dir='ltr'><strong>consideratur</strong></span> 
     </span>
     <span class='ocr_line' id='line_1_36' title="bbox 146 2331 494 2402; baseline -0.011 -16"><span class='ocrx_word' id='word_1_335' title='bbox 146 2331 238 2388; x_wconf 88' lang='lat' dir='ltr'><strong>miuus</strong></span> <span class='ocrx_word' id='word_1_336' title='bbox 252 2333 353 2387; x_wconf 90' lang='lat' dir='ltr'><strong>mederi</strong></span> <span class='ocrx_word' id='word_1_337' title='bbox 369 2331 462 2402; x_wconf 89' lang='lat' dir='ltr'><strong>possis.</strong></span> <span class='ocrx_word' id='word_1_338' title='bbox 482 2355 494 2382; x_wconf 71' lang='grc' dir='ltr'>ι</span> 
     </span>
    </p>
   </div>
   <div class='ocr_carea' id='block_1_9' title="bbox 144 1179 943 1339">
    <p class='ocr_par' dir='ltr' id='par_1_12' title="bbox 144 1179 943 1339">
     <span class='ocr_line' id='line_1_37' title="bbox 144 1179 943 1252; baseline 0 -17"><span class='ocrx_word' id='word_1_339' title='bbox 144 1186 237 1235; x_wconf 90' lang='lat' dir='ltr'><strong>natum</strong></span> <span class='ocrx_word' id='word_1_340' title='bbox 253 1195 286 1235; x_wconf 85' lang='lat' dir='ltr'><strong>ex</strong></span> <span class='ocrx_word' id='word_1_341' title='bbox 299 1180 421 1252; x_wconf 82' lang='lat' dir='ltr'><strong>Virgine,</strong></span> <span class='ocrx_word' id='word_1_342' title='bbox 436 1181 515 1251; x_wconf 84' lang='lat' dir='ltr'><strong>cujus</strong></span> <span class='ocrx_word' id='word_1_343' title='bbox 534 1179 649 1237; x_wconf 86' lang='lat' dir='ltr'><strong>adventu</strong></span> <span class='ocrx_word' id='word_1_344' title='bbox 675 1181 732 1250; x_wconf 82' lang='lat' dir='ltr'><strong>jam</strong></span> <span class='ocrx_word' id='word_1_345' title='bbox 758 1194 814 1236; x_wconf 93' lang='lat' dir='ltr'><strong>non</strong></span> <span class='ocrx_word' id='word_1_346' title='bbox 841 1181 943 1237; x_wconf 83' lang='lat' dir='ltr'><strong>umbra</strong></span> 
     </span>
     <span class='ocr_line' id='line_1_38' title="bbox 148 1267 766 1339; baseline -0.006 -17"><span class='ocrx_word' id='word_1_347' title='bbox 148 1267 399 1339; x_wconf 87' lang='lat' dir='ltr'><strong>sanaretsingulos,</strong></span> <span class='ocrx_word' id='word_1_348' title='bbox 414 1268 576 1327; x_wconf 85' lang='lat' dir='ltr'><strong>sedveritus</strong></span> <span class='ocrx_word' id='word_1_349' title='bbox 591 1267 738 1325; x_wconf 85' lang='lat' dir='ltr'><strong>universos</strong></span> <span class='ocrx_word' id='word_1_350' title='bbox 754 1288 766 1318; x_wconf 74' lang='lat' dir='ltr'><strong>s</strong></span> 
     </span>
    </p>
   </div>
   <div class='ocr_carea' id='block_1_10' title="bbox 997 2331 1793 2405">
    <p class='ocr_par' dir='ltr' id='par_1_13' title="bbox 997 2331 1793 2405">
     <span class='ocr_line' id='line_1_39' title="bbox 997 2331 1793 2405; baseline -0.006 -15"><span class='ocrx_word' id='word_1_351' title='bbox 997 2332 1080 2390; x_wconf 90' lang='lat' dir='ltr'><strong>etiam</strong></span> <span class='ocrx_word' id='word_1_352' title='bbox 1094 2341 1123 2389; x_wconf 94' lang='lat' dir='ltr'><strong>ut</strong></span> <span class='ocrx_word' id='word_1_353' title='bbox 1138 2335 1307 2405; x_wconf 88' lang='lat' dir='ltr'><strong>subsequens</strong></span> <span class='ocrx_word' id='word_1_354' title='bbox 1321 2333 1353 2388; x_wconf 94' lang='lat' dir='ltr'><strong>ad</strong></span> <span class='ocrx_word' id='word_1_355' title='bbox 1370 2334 1524 2405; x_wconf 75' lang='lat' dir='ltr'><strong>imaginem</strong></span> <span class='ocrx_word' id='word_1_356' title='bbox 1546 2331 1576 2386; x_wconf 93' lang='lat' dir='ltr'><strong>in</strong></span> <span class='ocrx_word' id='word_1_357' title='bbox 1603 2339 1739 2403; x_wconf 89' lang='lat' dir='ltr'><strong>quantum</strong></span> <span class='ocrx_word' id='word_1_358' title='bbox 1760 2331 1793 2385; x_wconf 87' lang='lat' dir='ltr'><strong>si·</strong></span> 
     </span>
    </p>
   </div>
   <div class='ocr_carea' id='block_1_11' title="bbox 149 2418 1794 2674">
    <p class='ocr_par' dir='ltr' id='par_1_14' title="bbox 149 2418 1794 2674">
     <span class='ocr_line' id='line_1_40' title="bbox 186 2418 1794 2495; baseline -0.001 -20"><span class='ocrx_word' id='word_1_359' title='bbox 186 2421 363 2489; x_wconf 78' lang='lat' dir='ltr'><strong>deformant.</strong></span> <span class='ocrx_word' id='word_1_360' title='bbox 379 2418 544 2489; x_wconf 85' lang='lat' dir='ltr'><strong>Simpliciter</strong></span> <span class='ocrx_word' id='word_1_361' title='bbox 558 2434 607 2490; x_wconf 88' lang='lat' dir='ltr'><strong>pro</strong></span> <span class='ocrx_word' id='word_1_362' title='bbox 631 2422 768 2489; x_wconf 70' lang='lat' dir='ltr'><strong>formant,</strong></span> <span class='ocrx_word' id='word_1_363' title='bbox 797 2427 827 2475; x_wconf 92' lang='lat' dir='ltr'><strong>ut</strong></span> <span class='ocrx_word' id='word_1_364' title='bbox 845 2419 944 2490; x_wconf 86' lang='lat' dir='ltr'><strong>saepius</strong></span> <span class='ocrx_word' id='word_1_365' title='bbox 997 2421 1107 2495; x_wconf 86' lang='lat' dir='ltr'><strong>gnificat</strong></span> <span class='ocrx_word' id='word_1_366' title='bbox 1134 2422 1250 2493; x_wconf 86' lang='lat' dir='ltr'><strong>aliquam</strong></span> <span class='ocrx_word' id='word_1_367' title='bbox 1274 2422 1409 2493; x_wconf 78' lang='lat' dir='ltr'><strong>imaginis</strong></span> <span class='ocrx_word' id='word_1_368' title='bbox 1432 2421 1657 2493; x_wconf 66' lang='lat' dir='ltr'><strong>perfectionem</strong></span> <span class='ocrx_word' id='word_1_369' title='bbox 1686 2419 1794 2476; x_wconf 89' lang='lat' dir='ltr'><strong>dicimus</strong></span> 
     </span>
     <span class='ocr_line' id='line_1_41' title="bbox 149 2509 1794 2584; baseline 0.002 -24"><span class='ocrx_word' id='word_1_370' title='bbox 149 2510 307 2563; x_wconf 86' lang='lat' dir='ltr'><strong>retractare</strong></span> <span class='ocrx_word' id='word_1_371' title='bbox 320 2523 370 2578; x_wconf 90' lang='lat' dir='ltr'><strong>pro</strong></span> <span class='ocrx_word' id='word_1_372' title='bbox 387 2511 521 2578; x_wconf 84' lang='lat' dir='ltr'><strong>tractare,</strong></span> <span class='ocrx_word' id='word_1_373' title='bbox 537 2519 564 2565; x_wconf 92' lang='lat' dir='ltr'><strong>et</strong></span> <span class='ocrx_word' id='word_1_374' title='bbox 575 2509 634 2564; x_wconf 83' lang='lat' dir='ltr'><strong>aliis</strong></span> <span class='ocrx_word' id='word_1_375' title='bbox 642 2509 775 2579; x_wconf 84' lang='lat' dir='ltr'><strong>ejusmodi</strong></span> <span class='ocrx_word' id='word_1_376' title='bbox 786 2511 945 2582; x_wconf 87' lang='lat' dir='ltr'><strong>compositis</strong></span> <span class='ocrx_word' id='word_1_377' title='bbox 996 2510 1067 2567; x_wconf 91' lang='lat' dir='ltr'><strong>enim</strong></span> <span class='ocrx_word' id='word_1_378' title='bbox 1084 2510 1226 2584; x_wconf 79' lang='lat' dir='ltr'><strong>imaginem</strong></span> <span class='ocrx_word' id='word_1_379' title='bbox 1238 2510 1351 2581; x_wconf 89' lang='lat' dir='ltr'><strong>alicujus</strong></span> <span class='ocrx_word' id='word_1_380' title='bbox 1372 2525 1432 2567; x_wconf 91' lang='lat' dir='ltr'><strong>esse</strong></span> <span class='ocrx_word' id='word_1_381' title='bbox 1450 2509 1577 2575; x_wconf 89' lang='lat' dir='ltr'><strong>similem,</strong></span> <span class='ocrx_word' id='word_1_382' title='bbox 1594 2509 1639 2566; x_wconf 82' lang='lat' dir='ltr'><strong>vei</strong></span> <span class='ocrx_word' id='word_1_383' title='bbox 1664 2524 1721 2565; x_wconf 90' lang='lat' dir='ltr'><strong>non</strong></span> <span class='ocrx_word' id='word_1_384' title='bbox 1740 2524 1794 2564; x_wconf 84' lang='lat' dir='ltr'><strong>esse</strong></span> 
     </span>
     <span class='ocr_line' id='line_1_42' title="bbox 996 2573 1792 2674; baseline -0.003 -18"><span class='ocrx_word' id='word_1_385' title='bbox 996 2599 1112 2657; x_wconf 90' lang='lat' dir='ltr'><strong>similem</strong></span> <span class='ocrx_word' id='word_1_386' title='bbox 1122 2599 1159 2667; x_wconf 89' lang='lat' dir='ltr'><strong>ei,</strong></span> <span class='ocrx_word' id='word_1_387' title='bbox 1174 2602 1251 2672; x_wconf 86' lang='lat' dir='ltr'><strong>cnjus</strong></span> <span class='ocrx_word' id='word_1_388' title='bbox 1270 2610 1313 2658; x_wconf 89' lang='lat' dir='ltr'><strong>est</strong></span> <span class='ocrx_word' id='word_1_389' title='bbox 1327 2600 1427 2674; x_wconf 88' lang='lat' dir='ltr'><strong>imago.</strong></span> <span class='ocrx_word' id='word_1_390' title='bbox 1449 2621 1460 2650; x_wconf 81' lang='grc' dir='ltr'>ι</span> <span class='ocrx_word' id='word_1_391' title='bbox 1477 2599 1569 2672; x_wconf 77' lang='lat' dir='ltr'><strong>Atque</strong></span> <span class='ocrx_word' id='word_1_392' title='bbox 1585 2600 1626 2657; x_wconf 88' lang='lat' dir='ltr'><strong>sic</strong></span> <span class='ocrx_word' id='word_1_393' title='bbox 1642 2573 1710 2660; x_wconf 54' lang='lat' dir='ltr'><strong>uss</strong></span> <span class='ocrx_word' id='word_1_394' title='bbox 1723 2601 1792 2657; x_wconf 81' lang='lat' dir='ltr'><strong>Psoi</strong></span> 
     </span>
    </p>
   </div>
   <div class='ocr_carea' id='block_1_12' title="bbox 108 2595 1792 3924">
    <p class='ocr_par' dir='ltr' id='par_1_15' title="bbox 108 2595 1792 3924">
     <span class='ocr_line' id='line_1_43' title="bbox 148 2595 501 2664; baseline 0.017 -16"><span class='ocrx_word' id='word_1_395' title='bbox 148 2606 199 2664; x_wconf 90' lang='lat' dir='ltr'><strong>pra</strong></span> <span class='ocrx_word' id='word_1_396' title='bbox 217 2595 393 2664; x_wconf 80' lang='lat' dir='ltr'><strong>simplicibus</strong></span> <span class='ocrx_word' id='word_1_397' title='bbox 408 2595 501 2654; x_wconf 90' lang='lat' dir='ltr'><strong>utitur.</strong></span> 
     </span>
     <span class='ocr_line' id='line_1_44' title="bbox 183 2684 1792 2764; baseline 0.003 -25"><span class='ocrx_word' id='word_1_398' title='bbox 183 2684 358 2741; x_wconf 84' lang='lat' dir='ltr'><strong>Liberahant.</strong></span> <span class='ocrx_word' id='word_1_399' title='bbox 374 2684 495 2758; x_wconf 88' lang='lat' dir='ltr'><strong>Singulis</strong></span> <span class='ocrx_word' id='word_1_400' title='bbox 517 2686 599 2757; x_wconf 80' lang='lat' dir='ltr'><strong>igitur</strong></span> <span class='ocrx_word' id='word_1_401' title='bbox 621 2686 698 2742; x_wconf 89' lang='lat' dir='ltr'><strong>aunis</strong></span> <span class='ocrx_word' id='word_1_402' title='bbox 720 2686 829 2744; x_wconf 90' lang='lat' dir='ltr'><strong>nonnisi</strong></span> <span class='ocrx_word' id='word_1_403' title='bbox 858 2687 943 2745; x_wconf 82' lang='lat' dir='ltr'><strong>senet</strong></span> <span class='ocrx_word' id='word_1_404' title='bbox 996 2707 1090 2758; x_wconf 81' lang='lat' dir='ltr'><strong>xxxix,</strong></span> <span class='ocrx_word' id='word_1_405' title='bbox 1106 2707 1134 2748; x_wconf 81' lang='lat' dir='ltr'><strong>a.</strong></span> <span class='ocrx_word' id='word_1_406' title='bbox 1160 2692 1186 2758; x_wconf 81' lang='lat'><strong>7,</strong></span> <span class='ocrx_word' id='word_1_407' title='bbox 1217 2706 1266 2761; x_wconf 90' lang='lat' dir='ltr'><strong>pro</strong></span> <span class='ocrx_word' id='word_1_408' title='bbox 1293 2693 1418 2764; x_wconf 86' lang='lat' dir='ltr'><strong>imnpinc</strong></span> <span class='ocrx_word' id='word_1_409' title='bbox 1433 2689 1546 2763; x_wconf 88' lang='lat' dir='ltr'><strong>quadam</strong></span> <span class='ocrx_word' id='word_1_410' title='bbox 1571 2688 1702 2761; x_wconf 79' lang='lat' dir='ltr'><strong>lugitisa,</strong></span> <span class='ocrx_word' id='word_1_411' title='bbox 1717 2688 1792 2745; x_wconf 83' lang='lat' dir='ltr'><strong>idest</strong></span> 
     </span>
     <span class='ocr_line' id='line_1_45' title="bbox 145 2752 1790 2852; baseline 0.003 -24"><span class='ocrx_word' id='word_1_412' title='bbox 145 2773 257 2844; x_wconf 90' lang='lat' dir='ltr'><strong>angelus</strong></span> <span class='ocrx_word' id='word_1_413' title='bbox 270 2771 327 2844; x_wconf 92' lang='lat' dir='ltr'><strong>ille,</strong></span> <span class='ocrx_word' id='word_1_414' title='bbox 347 2783 377 2830; x_wconf 91' lang='lat' dir='ltr'><strong>ut</strong></span> <span class='ocrx_word' id='word_1_415' title='bbox 398 2782 489 2830; x_wconf 91' lang='lat' dir='ltr'><strong>censet</strong></span> <span class='ocrx_word' id='word_1_416' title='bbox 514 2774 706 2843; x_wconf 83' lang='lat' dir='ltr'><strong>Tertullianus,</strong></span> <span class='ocrx_word' id='word_1_417' title='bbox 736 2776 938 2833; x_wconf 85' lang='lat' dir='ltr'><strong>descendebat:</strong></span> <span class='ocrx_word' id='word_1_418' title='bbox 995 2779 1163 2852; x_wconf 80' lang='lat' dir='ltr'><strong>imperfecta,</strong></span> <span class='ocrx_word' id='word_1_419' title='bbox 1176 2782 1515 2839; x_wconf 69' lang='lat' dir='ltr'><strong>sumiturzlerumtamen</strong></span> <span class='ocrx_word' id='word_1_420' title='bbox 1529 2752 1790 2850; x_wconf 58' lang='lat' dir='ltr'><strong>ninnintssaptn</strong></span> 
     </span>
     <span class='ocr_line' id='line_1_46' title="bbox 108 2858 1788 2943; baseline 0.006 -26"><span class='ocrx_word' id='word_1_421' title='bbox 108 2858 112 2867; x_wconf 81' lang='grc'><strong>“</strong></span> <span class='ocrx_word' id='word_1_422' title='bbox 146 2862 236 2935; x_wconf 90' lang='lat' dir='ltr'><strong>itaque</strong></span> <span class='ocrx_word' id='word_1_423' title='bbox 261 2878 342 2920; x_wconf 86' lang='lat' dir='ltr'><strong>voces</strong></span> <span class='ocrx_word' id='word_1_424' title='bbox 357 2863 417 2920; x_wconf 88' lang='lat' dir='ltr'><strong>illas</strong></span> <span class='ocrx_word' id='word_1_425' title='bbox 431 2865 510 2922; x_wconf 79' lang='lat' dir='ltr'><strong>toan.</strong></span> <span class='ocrx_word' id='word_1_426' title='bbox 527 2881 551 2921; x_wconf 88' lang='lat' dir='ltr'><strong>v.</strong></span> <span class='ocrx_word' id='word_1_427' title='bbox 568 2864 668 2932; x_wconf 77' lang='grc' dir='ltr'>9,κατὰ</span> <span class='ocrx_word' id='word_1_428' title='bbox 704 2867 793 2938; x_wconf 74' lang='grc' dir='ltr'><strong>καιρὸν,</strong></span> <span class='ocrx_word' id='word_1_429' title='bbox 831 2883 935 2925; x_wconf 84' lang='lat' dir='ltr'><strong>secun·</strong></span> <span class='ocrx_word' id='word_1_430' title='bbox 995 2872 1154 2943; x_wconf 85' lang='lat' dir='ltr'><strong>pertransit</strong></span> <span class='ocrx_word' id='word_1_431' title='bbox 1170 2871 1259 2929; x_wconf 83' lang='lat' dir='ltr'><strong>homo.</strong></span> <span class='ocrx_word' id='word_1_432' title='bbox 1284 2871 1320 2925; x_wconf 84' lang='lat' dir='ltr'><strong>ht</strong></span> <span class='ocrx_word' id='word_1_433' title='bbox 1344 2877 1505 2930; x_wconf 75' lang='lat' dir='ltr'><strong>verorum</strong></span> <span class='ocrx_word' id='word_1_434' title='bbox 1519 2868 1696 2936; x_wconf 81' lang='lat' dir='ltr'><strong>similitudo,</strong></span> <span class='ocrx_word' id='word_1_435' title='bbox 1722 2865 1788 2938; x_wconf 79' lang='lat' dir='ltr'><strong>apud</strong></span> 
     </span>
     <span class='ocr_line' id='line_1_47' title="bbox 147 2951 1791 3031; baseline 0.004 -25"><span class='ocrx_word' id='word_1_436' title='bbox 147 2951 216 3007; x_wconf 84' lang='lat' dir='ltr'><strong>dum</strong></span> <span class='ocrx_word' id='word_1_437' title='bbox 251 2955 385 3023; x_wconf 88' lang='lat' dir='ltr'><strong>tempas,</strong></span> <span class='ocrx_word' id='word_1_438' title='bbox 414 2968 465 3023; x_wconf 88' lang='lat' dir='ltr'><strong>pro</strong></span> <span class='ocrx_word' id='word_1_439' title='bbox 493 2969 580 3011; x_wconf 90' lang='lat' dir='ltr'><strong>annua</strong></span> <span class='ocrx_word' id='word_1_440' title='bbox 617 2955 748 3030; x_wconf 89' lang='lat' dir='ltr'><strong>temporis</strong></span> <span class='ocrx_word' id='word_1_441' title='bbox 775 2955 943 3013; x_wconf 86' lang='lat' dir='ltr'><strong>revolutione</strong></span> <span class='ocrx_word' id='word_1_442' title='bbox 994 2958 1106 3015; x_wconf 85' lang='lat' dir='ltr'><strong>Graeeos</strong></span> <span class='ocrx_word' id='word_1_443' title='bbox 1119 2959 1191 3015; x_wconf 89' lang='lat' dir='ltr'><strong>sumi</strong></span> <span class='ocrx_word' id='word_1_444' title='bbox 1205 2960 1273 3016; x_wconf 91' lang='lat' dir='ltr'><strong>solet</strong></span> <span class='ocrx_word' id='word_1_445' title='bbox 1286 2973 1335 3031; x_wconf 87' lang='lat' dir='ltr'><strong>pro</strong></span> <span class='ocrx_word' id='word_1_446' title='bbox 1348 2960 1483 3031; x_wconf 86' lang='lat' dir='ltr'><strong>imapine,</strong></span> <span class='ocrx_word' id='word_1_447' title='bbox 1502 2971 1564 3029; x_wconf 83' lang='lat' dir='ltr'><strong>quae</strong></span> <span class='ocrx_word' id='word_1_448' title='bbox 1588 2971 1690 3030; x_wconf 87' lang='lat' dir='ltr'><strong>presse</strong></span> <span class='ocrx_word' id='word_1_449' title='bbox 1704 2971 1738 3012; x_wconf 87' lang='lat' dir='ltr'><strong>ae</strong></span> <span class='ocrx_word' id='word_1_450' title='bbox 1749 2971 1791 3014; x_wconf 81' lang='lat' dir='ltr'><strong>rs·</strong></span> 
     </span>
     <span class='ocr_line' id='line_1_48' title="bbox 145 3037 1792 3126; baseline -0.005 -18"><span class='ocrx_word' id='word_1_451' title='bbox 145 3037 252 3108; x_wconf 55' lang='lat' dir='ltr'><strong>&amp;Gellii-</strong></span> <span class='ocrx_word' id='word_1_452' title='bbox 958 3042 1032 3126; x_wconf 65' lang='lat' dir='ltr'><strong>elnt</strong></span> <span class='ocrx_word' id='word_1_453' title='bbox 1045 3048 1081 3103; x_wconf 93' lang='lat' dir='ltr'><strong>ad</strong></span> <span class='ocrx_word' id='word_1_454' title='bbox 1100 3065 1219 3123; x_wconf 87' lang='lat' dir='ltr'><strong>unguem</strong></span> <span class='ocrx_word' id='word_1_455' title='bbox 1231 3048 1358 3121; x_wconf 86' lang='lat' dir='ltr'><strong>exprimit</strong></span> <span class='ocrx_word' id='word_1_456' title='bbox 1371 3063 1449 3103; x_wconf 90' lang='lat' dir='ltr'><strong>suum</strong></span> <span class='ocrx_word' id='word_1_457' title='bbox 1464 3055 1639 3119; x_wconf 81' lang='lat' dir='ltr'><strong>prototypon.</strong></span> <span class='ocrx_word' id='word_1_458' title='bbox 1668 3045 1747 3103; x_wconf 87' lang='lat' dir='ltr'><strong>Unde</strong></span> <span class='ocrx_word' id='word_1_459' title='bbox 1770 3053 1792 3100; x_wconf 89' lang='lat' dir='ltr'><strong>et</strong></span> 
     </span>
     <span class='ocr_line' id='line_1_49' title="bbox 178 3126 1788 3209; baseline 0.004 -25"><span class='ocrx_word' id='word_1_460' title='bbox 178 3126 279 3185; x_wconf 84' lang='lat' dir='ltr'><strong>Deiota</strong></span> <span class='ocrx_word' id='word_1_461' title='bbox 292 3131 649 3201; x_wconf 87' lang='lat' dir='ltr'><strong>morte,spiritualiscilicet</strong></span> <span class='ocrx_word' id='word_1_462' title='bbox 662 3135 778 3190; x_wconf 78' lang='lat' dir='ltr'><strong>anime.</strong></span> <span class='ocrx_word' id='word_1_463' title='bbox 993 3136 1062 3194; x_wconf 87' lang='lat' dir='ltr'><strong>Gen.</strong></span> <span class='ocrx_word' id='word_1_464' title='bbox 1078 3155 1104 3206; x_wconf 88' lang='lat' dir='ltr'><strong>v,</strong></span> <span class='ocrx_word' id='word_1_465' title='bbox 1126 3152 1154 3197; x_wconf 79' lang='lat' dir='ltr'><strong>a.</strong></span> <span class='ocrx_word' id='word_1_466' title='bbox 1170 3141 1196 3209; x_wconf 79' lang='lat' dir='ltr'><strong>s,</strong></span> <span class='ocrx_word' id='word_1_467' title='bbox 1225 3153 1307 3196; x_wconf 83' lang='lat' dir='ltr'><strong>voces</strong></span> <span class='ocrx_word' id='word_1_468' title='bbox 1326 3137 1378 3193; x_wconf 91' lang='lat' dir='ltr'><strong>itlae</strong></span> <span class='ocrx_word' id='word_1_469' title='bbox 1401 3135 1565 3192; x_wconf 87' lang='lat' dir='ltr'><strong>adhibentur</strong></span> <span class='ocrx_word' id='word_1_470' title='bbox 1589 3134 1625 3190; x_wconf 90' lang='lat' dir='ltr'><strong>ad</strong></span> <span class='ocrx_word' id='word_1_471' title='bbox 1647 3134 1788 3206; x_wconf 72' lang='lat' dir='ltr'><strong>pennam</strong></span> 
     </span>
     <span class='ocr_line' id='line_1_50' title="bbox 178 3215 1785 3300; baseline 0.006 -29"><span class='ocrx_word' id='word_1_472' title='bbox 178 3215 292 3272; x_wconf 83' lang='lat' dir='ltr'><strong>Scilicet</strong></span> <span class='ocrx_word' id='word_1_473' title='bbox 307 3222 404 3276; x_wconf 87' lang='lat' dir='ltr'><strong>reatu.</strong></span> <span class='ocrx_word' id='word_1_474' title='bbox 419 3222 523 3278; x_wconf 86' lang='lat' dir='ltr'><strong>lleatns</strong></span> <span class='ocrx_word' id='word_1_475' title='bbox 537 3221 774 3297; x_wconf 83' lang='lat' dir='ltr'><strong>(Ciceroniignota</strong></span> <span class='ocrx_word' id='word_1_476' title='bbox 788 3237 849 3290; x_wconf 81' lang='lat' dir='ltr'><strong>ror,</strong></span> <span class='ocrx_word' id='word_1_477' title='bbox 880 3222 936 3294; x_wconf 91' lang='lat' dir='ltr'><strong>pri·</strong></span> <span class='ocrx_word' id='word_1_478' title='bbox 992 3224 1205 3296; x_wconf 89' lang='lat' dir='ltr'><strong>similitudinem,</strong></span> <span class='ocrx_word' id='word_1_479' title='bbox 1228 3244 1290 3300; x_wconf 72' lang='lat' dir='ltr'><strong>quae</strong></span> <span class='ocrx_word' id='word_1_480' title='bbox 1317 3229 1359 3284; x_wconf 89' lang='lat' dir='ltr'><strong>est</strong></span> <span class='ocrx_word' id='word_1_481' title='bbox 1391 3225 1461 3283; x_wconf 90' lang='lat' dir='ltr'><strong>inter</strong></span> <span class='ocrx_word' id='word_1_482' title='bbox 1480 3227 1597 3282; x_wconf 83' lang='lat' dir='ltr'><strong>Patrem</strong></span> <span class='ocrx_word' id='word_1_483' title='bbox 1624 3230 1656 3280; x_wconf 89' lang='lat' dir='ltr'><strong>et</strong></span> <span class='ocrx_word' id='word_1_484' title='bbox 1676 3224 1785 3287; x_wconf 75' lang='lat' dir='ltr'><strong>Filiam,</strong></span> 
     </span>
     <span class='ocr_line' id='line_1_51' title="bbox 111 3291 1789 3389; baseline 0.005 -30"><span class='ocrx_word' id='word_1_485' title='bbox 111 3376 113 3379; x_wconf 10' lang='grc' dir='ltr'><strong>Υ</strong></span> <span class='ocrx_word' id='word_1_486' title='bbox 140 3319 268 3378; x_wconf 89' lang='lat' dir='ltr'><strong>mumque</strong></span> <span class='ocrx_word' id='word_1_487' title='bbox 286 3322 303 3361; x_wconf 89' lang='lat' dir='ltr'><strong>a</strong></span> <span class='ocrx_word' id='word_1_488' title='bbox 324 3307 450 3376; x_wconf 78' lang='lat' dir='ltr'><strong>Messala,</strong></span> <span class='ocrx_word' id='word_1_489' title='bbox 466 3317 495 3364; x_wconf 89' lang='lat' dir='ltr'><strong>ut</strong></span> <span class='ocrx_word' id='word_1_490' title='bbox 520 3308 710 3382; x_wconf 82' lang='lat' dir='ltr'><strong>Quintilianus,</strong></span> <span class='ocrx_word' id='word_1_491' title='bbox 736 3310 757 3365; x_wconf 92' lang='lat' dir='ltr'><strong>l.</strong></span> <span class='ocrx_word' id='word_1_492' title='bbox 785 3325 847 3381; x_wconf 87' lang='lat' dir='ltr'><strong>vtrt,</strong></span> <span class='ocrx_word' id='word_1_493' title='bbox 864 3326 889 3367; x_wconf 90' lang='lat' dir='ltr'><strong>c.</strong></span> <span class='ocrx_word' id='word_1_494' title='bbox 908 3314 934 3378; x_wconf 85' lang='lat'><strong>3,</strong></span> <span class='ocrx_word' id='word_1_495' title='bbox 988 3316 1209 3387; x_wconf 89' lang='lat' dir='ltr'><strong>exprimendam:</strong></span> <span class='ocrx_word' id='word_1_496' title='bbox 1225 3317 1313 3374; x_wconf 84' lang='lat' dir='ltr'><strong>Adam</strong></span> <span class='ocrx_word' id='word_1_497' title='bbox 1327 3318 1425 3389; x_wconf 78' lang='lat' dir='ltr'><strong>genuit</strong></span> <span class='ocrx_word' id='word_1_498' title='bbox 1437 3291 1534 3377; x_wconf 67' lang='lat' dir='ltr'><strong>tn‘tx:</strong></span> <span class='ocrx_word' id='word_1_499' title='bbox 1547 3314 1789 3375; x_wconf 70' lang='lat' dir='ltr'><strong>animandum</strong></span> 
     </span>
     <span class='ocr_line' id='line_1_52' title="bbox 139 3395 1788 3476; baseline 0.008 -28"><span class='ocrx_word' id='word_1_500' title='bbox 139 3400 261 3465; x_wconf 87' lang='lat' dir='ltr'><strong>testatur,</strong></span> <span class='ocrx_word' id='word_1_501' title='bbox 281 3395 420 3468; x_wconf 80' lang='lat' dir='ltr'><strong>usurpata)</strong></span> <span class='ocrx_word' id='word_1_502' title='bbox 446 3395 567 3454; x_wconf 91' lang='lat' dir='ltr'><strong>debitum</strong></span> <span class='ocrx_word' id='word_1_503' title='bbox 594 3396 713 3469; x_wconf 89' lang='lat' dir='ltr'><strong>aliquod,</strong></span> <span class='ocrx_word' id='word_1_504' title='bbox 734 3398 815 3468; x_wconf 88' lang='lat' dir='ltr'><strong>cujus</strong></span> <span class='ocrx_word' id='word_1_505' title='bbox 838 3414 936 3470; x_wconf 88' lang='lat' dir='ltr'><strong>nempe</strong></span> <span class='ocrx_word' id='word_1_506' title='bbox 988 3405 1083 3475; x_wconf 81' lang='lat' dir='ltr'><strong>pinam</strong></span> <span class='ocrx_word' id='word_1_507' title='bbox 1098 3412 1125 3462; x_wconf 88' lang='lat' dir='ltr'><strong>et</strong></span> <span class='ocrx_word' id='word_1_508' title='bbox 1149 3407 1370 3466; x_wconf 87' lang='lat' dir='ltr'><strong>similitudinem</strong></span> <span class='ocrx_word' id='word_1_509' title='bbox 1392 3422 1483 3473; x_wconf 87' lang='lat' dir='ltr'><strong>suum,</strong></span> <span class='ocrx_word' id='word_1_510' title='bbox 1508 3406 1679 3476; x_wconf 81' lang='lat' dir='ltr'><strong>vocavitque</strong></span> <span class='ocrx_word' id='word_1_511' title='bbox 1697 3418 1788 3461; x_wconf 74' lang='lat' dir='ltr'><strong>nom</strong></span> 
     </span>
     <span class='ocr_line' id='line_1_53' title="bbox 137 3482 1143 3564; baseline 0.011 -26"><span class='ocrx_word' id='word_1_512' title='bbox 137 3482 201 3553; x_wconf 90' lang='lat' dir='ltr'><strong>quis</strong></span> <span class='ocrx_word' id='word_1_513' title='bbox 218 3498 298 3552; x_wconf 80' lang='lat' dir='ltr'><strong>retes,</strong></span> <span class='ocrx_word' id='word_1_514' title='bbox 313 3499 361 3540; x_wconf 89' lang='lat' dir='ltr'><strong>seu</strong></span> <span class='ocrx_word' id='word_1_515' title='bbox 376 3485 510 3542; x_wconf 88' lang='lat' dir='ltr'><strong>obnoxias</strong></span> <span class='ocrx_word' id='word_1_516' title='bbox 524 3497 576 3559; x_wconf 90' lang='lat' dir='ltr'><strong>ast,</strong></span> <span class='ocrx_word' id='word_1_517' title='bbox 592 3486 746 3561; x_wconf 84' lang='lat' dir='ltr'><strong>designans.</strong></span> <span class='ocrx_word' id='word_1_518' title='bbox 763 3490 787 3544; x_wconf 82' lang='lat' dir='ltr'><strong>h</strong></span> <span class='ocrx_word' id='word_1_519' title='bbox 801 3488 938 3559; x_wconf 89' lang='lat' dir='ltr'><strong>theologis</strong></span> <span class='ocrx_word' id='word_1_520' title='bbox 990 3495 1052 3564; x_wconf 85' lang='lat' dir='ltr'><strong>ejus</strong></span> <span class='ocrx_word' id='word_1_521' title='bbox 1067 3495 1143 3553; x_wconf 84' lang='lat' dir='ltr'><strong>Seth.</strong></span> 
     </span>
     <span class='ocr_line' id='line_1_54' title="bbox 137 3572 1787 3658; baseline 0.01 -32"><span class='ocrx_word' id='word_1_522' title='bbox 137 3578 231 3627; x_wconf 88' lang='lat' dir='ltr'><strong>autem</strong></span> <span class='ocrx_word' id='word_1_523' title='bbox 246 3572 347 3643; x_wconf 86' lang='lat' dir='ltr'><strong>duplex</strong></span> <span class='ocrx_word' id='word_1_524' title='bbox 361 3578 458 3632; x_wconf 86' lang='lat' dir='ltr'><strong>reatus</strong></span> <span class='ocrx_word' id='word_1_525' title='bbox 476 3574 606 3647; x_wconf 84' lang='lat' dir='ltr'><strong>distingui</strong></span> <span class='ocrx_word' id='word_1_526' title='bbox 621 3576 700 3643; x_wconf 92' lang='lat' dir='ltr'><strong>solet,</strong></span> <span class='ocrx_word' id='word_1_527' title='bbox 715 3574 818 3632; x_wconf 88' lang='lat' dir='ltr'><strong>scilicet</strong></span> <span class='ocrx_word' id='word_1_528' title='bbox 832 3578 935 3649; x_wconf 82' lang='lat' dir='ltr'><strong>entpe,</strong></span> <span class='ocrx_word' id='word_1_529' title='bbox 1030 3590 1076 3644; x_wconf 73' lang='lat' dir='ltr'><strong>Est</strong></span> <span class='ocrx_word' id='word_1_530' title='bbox 1087 3584 1169 3658; x_wconf 76' lang='lat' dir='ltr'><strong>igitur</strong></span> <span class='ocrx_word' id='word_1_531' title='bbox 1185 3584 1266 3639; x_wconf 87' lang='lat' dir='ltr'><strong>horno</strong></span> <span class='ocrx_word' id='word_1_532' title='bbox 1282 3583 1368 3639; x_wconf 90' lang='lat' dir='ltr'><strong>laetus</strong></span> <span class='ocrx_word' id='word_1_533' title='bbox 1391 3585 1428 3640; x_wconf 88' lang='lat' dir='ltr'><strong>ad</strong></span> <span class='ocrx_word' id='word_1_534' title='bbox 1438 3582 1606 3656; x_wconf 78' lang='lat' dir='ltr'><strong>imaginem,</strong></span> <span class='ocrx_word' id='word_1_535' title='bbox 1636 3597 1696 3640; x_wconf 86' lang='lat' dir='ltr'><strong>non</strong></span> <span class='ocrx_word' id='word_1_536' title='bbox 1710 3578 1787 3656; x_wconf 67' lang='lat' dir='ltr'><strong>quoad</strong></span> 
     </span>
     <span class='ocr_line' id='line_1_55' title="bbox 138 3659 1783 3750; baseline -0.002 -21"><span class='ocrx_word' id='word_1_537' title='bbox 138 3659 173 3714; x_wconf 59' lang='lat' dir='ltr'><strong>&amp;d</strong></span> <span class='ocrx_word' id='word_1_538' title='bbox 188 3662 439 3732; x_wconf 52' lang='lat' dir='ltr'><strong>satisfaciendum</strong></span> <span class='ocrx_word' id='word_1_539' title='bbox 450 3670 477 3719; x_wconf 72' lang='grc' dir='ltr'><strong>θῑ</strong></span> <span class='ocrx_word' id='word_1_540' title='bbox 501 3681 603 3736; x_wconf 61' lang='lat' dir='ltr'><strong>l’oettoet</strong></span> <span class='ocrx_word' id='word_1_541' title='bbox 622 3664 655 3718; x_wconf 66' lang='lat' dir='ltr'><strong>ad</strong></span> <span class='ocrx_word' id='word_1_542' title='bbox 687 3665 935 3737; x_wconf 63' lang='lat' dir='ltr'><strong>isitiit’aii&#39;ssndum·</strong></span> <span class='ocrx_word' id='word_1_543' title='bbox 990 3691 1092 3750; x_wconf 88' lang='lat' dir='ltr'><strong>corpus</strong></span> <span class='ocrx_word' id='word_1_544' title='bbox 1104 3674 1166 3745; x_wconf 76' lang='lat' dir='ltr'><strong>dioc</strong></span> <span class='ocrx_word' id='word_1_545' title='bbox 1179 3674 1252 3729; x_wconf 91' lang='lat' dir='ltr'><strong>euim</strong></span> <span class='ocrx_word' id='word_1_546' title='bbox 1266 3687 1409 3729; x_wconf 90' lang='lat' dir='ltr'><strong>commune</strong></span> <span class='ocrx_word' id='word_1_547' title='bbox 1422 3672 1502 3728; x_wconf 89' lang='lat' dir='ltr'><strong>babet</strong></span> <span class='ocrx_word' id='word_1_548' title='bbox 1521 3686 1587 3728; x_wconf 93' lang='lat' dir='ltr'><strong>cnm</strong></span> <span class='ocrx_word' id='word_1_549' title='bbox 1605 3670 1672 3728; x_wconf 90' lang='lat' dir='ltr'><strong>aliis</strong></span> <span class='ocrx_word' id='word_1_550' title='bbox 1686 3671 1783 3726; x_wconf 86' lang='lat' dir='ltr'><strong>anina·</strong></span> 
     </span>
     <span class='ocr_line' id='line_1_56' title="bbox 141 3745 1785 3835; baseline 0.007 -33"><span class='ocrx_word' id='word_1_551' title='bbox 141 3745 223 3805; x_wconf 92' lang='lat' dir='ltr'><strong>Unde</strong></span> <span class='ocrx_word' id='word_1_552' title='bbox 237 3748 318 3820; x_wconf 89' lang='lat' dir='ltr'><strong>vulgo</strong></span> <span class='ocrx_word' id='word_1_553' title='bbox 333 3747 431 3805; x_wconf 93' lang='lat' dir='ltr'><strong>dicitur</strong></span> <span class='ocrx_word' id='word_1_554' title='bbox 451 3768 457 3804; x_wconf 94' lang='lat'><strong>:</strong></span> <span class='ocrx_word' id='word_1_555' title='bbox 473 3771 485 3802; x_wconf 85' lang='grc' dir='ltr'>ι</span> <span class='ocrx_word' id='word_1_556' title='bbox 506 3750 558 3820; x_wconf 90' lang='lat' dir='ltr'><strong>Qui</strong></span> <span class='ocrx_word' id='word_1_557' title='bbox 577 3768 631 3808; x_wconf 93' lang='lat' dir='ltr'><strong>non</strong></span> <span class='ocrx_word' id='word_1_558' title='bbox 646 3752 725 3808; x_wconf 88' lang='lat' dir='ltr'><strong>habet</strong></span> <span class='ocrx_word' id='word_1_559' title='bbox 751 3752 780 3808; x_wconf 93' lang='lat' dir='ltr'><strong>in</strong></span> <span class='ocrx_word' id='word_1_560' title='bbox 794 3769 847 3810; x_wconf 84' lang='lat' dir='ltr'><strong>aere</strong></span> <span class='ocrx_word' id='word_1_561' title='bbox 874 3753 939 3827; x_wconf 87' lang='lat' dir='ltr'><strong>(qno</strong></span> <span class='ocrx_word' id='word_1_562' title='bbox 990 3765 1073 3834; x_wconf 78' lang='lat' dir='ltr'><strong>libus,</strong></span> <span class='ocrx_word' id='word_1_563' title='bbox 1088 3778 1150 3835; x_wconf 88' lang='lat' dir='ltr'><strong>quae</strong></span> <span class='ocrx_word' id='word_1_564' title='bbox 1163 3768 1253 3817; x_wconf 88' lang='lat' dir='ltr'><strong>tamen</strong></span> <span class='ocrx_word' id='word_1_565' title='bbox 1268 3777 1322 3818; x_wconf 94' lang='lat' dir='ltr'><strong>non</strong></span> <span class='ocrx_word' id='word_1_566' title='bbox 1335 3760 1371 3817; x_wconf 89' lang='lat' dir='ltr'><strong>ad</strong></span> <span class='ocrx_word' id='word_1_567' title='bbox 1387 3762 1524 3833; x_wconf 80' lang='lat' dir='ltr'><strong>impinent</strong></span> <span class='ocrx_word' id='word_1_568' title='bbox 1537 3759 1590 3816; x_wconf 90' lang='lat' dir='ltr'><strong>Dei</strong></span> <span class='ocrx_word' id='word_1_569' title='bbox 1603 3768 1701 3819; x_wconf 85' lang='lat' dir='ltr'><strong>creata</strong></span> <span class='ocrx_word' id='word_1_570' title='bbox 1709 3759 1785 3826; x_wconf 71' lang='lat' dir='ltr'><strong>sunit</strong></span> 
     </span>
     <span class='ocr_line' id='line_1_57' title="bbox 140 3833 1785 3924; baseline 0.013 -37"><span class='ocrx_word' id='word_1_571' title='bbox 140 3833 268 3890; x_wconf 91' lang='lat' dir='ltr'><strong>nimirum</strong></span> <span class='ocrx_word' id='word_1_572' title='bbox 282 3836 449 3904; x_wconf 80' lang='lat' dir='ltr'><strong>satisfacere</strong></span> <span class='ocrx_word' id='word_1_573' title='bbox 464 3838 570 3909; x_wconf 85' lang='lat' dir='ltr'><strong>possit),</strong></span> <span class='ocrx_word' id='word_1_574' title='bbox 588 3839 644 3894; x_wconf 91' lang='lat' dir='ltr'><strong>luat</strong></span> <span class='ocrx_word' id='word_1_575' title='bbox 658 3839 685 3893; x_wconf 92' lang='lat' dir='ltr'><strong>in</strong></span> <span class='ocrx_word' id='word_1_576' title='bbox 700 3847 773 3906; x_wconf 90' lang='lat' dir='ltr'><strong>cute,</strong></span> <span class='ocrx_word' id='word_1_577' title='bbox 788 3856 841 3912; x_wconf 90' lang='lat' dir='ltr'><strong>qua</strong></span> <span class='ocrx_word' id='word_1_578' title='bbox 855 3841 937 3899; x_wconf 91' lang='lat' dir='ltr'><strong>satis·</strong></span> <span class='ocrx_word' id='word_1_579' title='bbox 991 3852 1039 3909; x_wconf 70' lang='lat' dir='ltr'><strong>sed</strong></span> <span class='ocrx_word' id='word_1_580' title='bbox 1055 3859 1185 3924; x_wconf 78' lang='lat' dir='ltr'><strong>quantum</strong></span> <span class='ocrx_word' id='word_1_581' title='bbox 1199 3851 1232 3906; x_wconf 83' lang='lat' dir='ltr'><strong>ad</strong></span> <span class='ocrx_word' id='word_1_582' title='bbox 1250 3853 1389 3917; x_wconf 81' lang='lat' dir='ltr'><strong>animum,</strong></span> <span class='ocrx_word' id='word_1_583' title='bbox 1405 3865 1466 3922; x_wconf 85' lang='lat' dir='ltr'><strong>quae</strong></span> <span class='ocrx_word' id='word_1_584' title='bbox 1484 3852 1582 3906; x_wconf 84' lang='lat' dir='ltr'><strong>natura</strong></span> <span class='ocrx_word' id='word_1_585' title='bbox 1596 3864 1649 3906; x_wconf 89' lang='lat' dir='ltr'><strong>sna</strong></span> <span class='ocrx_word' id='word_1_586' title='bbox 1675 3857 1717 3906; x_wconf 85' lang='lat' dir='ltr'><strong>ast</strong></span> <span class='ocrx_word' id='word_1_587' title='bbox 1735 3848 1785 3921; x_wconf 73' lang='lat' dir='ltr'><strong>api·</strong></span> 
     </span>
    </p>
   </div>
   <div class='ocr_carea' id='block_1_13' title="bbox 140 3921 1783 4103">
    <p class='ocr_par' dir='ltr' id='par_1_16' title="bbox 140 3921 1783 4103">
     <span class='ocr_line' id='line_1_58' title="bbox 140 3921 1783 4013; baseline 0.001 -18"><span class='ocrx_word' id='word_1_588' title='bbox 140 3921 266 3989; x_wconf 56' lang='lat' dir='ltr'><strong>Piliam?-</strong></span> <span class='ocrx_word' id='word_1_589' title='bbox 284 3941 297 3971; x_wconf 77' lang='lat' dir='ltr'><strong>a</strong></span> <span class='ocrx_word' id='word_1_590' title='bbox 991 3939 1783 4013; x_wconf 79' lang='lat' dir='ltr'><strong>titttoiis,simplec,incmortaiis,intetlectuetuolantate</strong></span> 
     </span>
     <span class='ocr_line' id='line_1_59' title="bbox 179 4006 1782 4103; baseline 0.011 -39"><span class='ocrx_word' id='word_1_591' title='bbox 179 4006 399 4066; x_wconf 71' lang='lat' dir='ltr'><strong>staurano.</strong></span> <span class='ocrx_word' id='word_1_592' title='bbox 415 4011 507 4068; x_wconf 89' lang='lat' dir='ltr'><strong>Potest</strong></span> <span class='ocrx_word' id='word_1_593' title='bbox 524 4021 615 4070; x_wconf 90' lang='lat' dir='ltr'><strong>autern</strong></span> <span class='ocrx_word' id='word_1_594' title='bbox 625 4015 723 4073; x_wconf 89' lang='lat' dir='ltr'><strong>Noster</strong></span> <span class='ocrx_word' id='word_1_595' title='bbox 736 4017 779 4075; x_wconf 92' lang='lat' dir='ltr'><strong>hic</strong></span> <span class='ocrx_word' id='word_1_596' title='bbox 793 4019 938 4093; x_wconf 87' lang='lat' dir='ltr'><strong>dupliciter</strong></span> <span class='ocrx_word' id='word_1_597' title='bbox 992 4032 1108 4103; x_wconf 72' lang='lat' dir='ltr'><strong>ejusque</strong></span> <span class='ocrx_word' id='word_1_598' title='bbox 1129 4031 1258 4087; x_wconf 75' lang='lat' dir='ltr'><strong>libertate</strong></span> <span class='ocrx_word' id='word_1_599' title='bbox 1277 4029 1393 4100; x_wconf 91' lang='lat' dir='ltr'><strong>pollens,</strong></span> <span class='ocrx_word' id='word_1_600' title='bbox 1418 4036 1472 4086; x_wconf 88' lang='lat' dir='ltr'><strong>etc.</strong></span> <span class='ocrx_word' id='word_1_601' title='bbox 1492 4029 1586 4100; x_wconf 88' lang='lat' dir='ltr'><strong>ltaque</strong></span> <span class='ocrx_word' id='word_1_602' title='bbox 1608 4027 1704 4084; x_wconf 86' lang='lat' dir='ltr'><strong>anima</strong></span> <span class='ocrx_word' id='word_1_603' title='bbox 1721 4023 1782 4083; x_wconf 85' lang='lat' dir='ltr'><strong>altri·</strong></span> 
     </span>
    </p>
   </div>
   <div class='ocr_carea' id='block_1_14' title="bbox 135 4098 1784 4995">
    <p class='ocr_par' dir='ltr' id='par_1_17' title="bbox 136 4098 1784 4908">
     <span class='ocr_line' id='line_1_60' title="bbox 139 4098 1784 4190; baseline 0.013 -37"><span class='ocrx_word' id='word_1_604' title='bbox 139 4098 260 4172; x_wconf 89' lang='lat' dir='ltr'><strong>intelligi,</strong></span> <span class='ocrx_word' id='word_1_605' title='bbox 295 4098 397 4156; x_wconf 89' lang='lat' dir='ltr'><strong>scilicet</strong></span> <span class='ocrx_word' id='word_1_606' title='bbox 429 4100 463 4157; x_wconf 90' lang='lat' dir='ltr'><strong>de</strong></span> <span class='ocrx_word' id='word_1_607' title='bbox 489 4108 571 4161; x_wconf 86' lang='lat' dir='ltr'><strong>reatu</strong></span> <span class='ocrx_word' id='word_1_608' title='bbox 601 4121 718 4176; x_wconf 81' lang='lat' dir='ltr'><strong>pente:</strong></span> <span class='ocrx_word' id='word_1_609' title='bbox 752 4124 805 4181; x_wconf 91' lang='lat' dir='ltr'><strong>quo</strong></span> <span class='ocrx_word' id='word_1_610' title='bbox 832 4111 938 4168; x_wconf 89' lang='lat' dir='ltr'><strong>sublato</strong></span> <span class='ocrx_word' id='word_1_611' title='bbox 990 4121 1054 4176; x_wconf 76' lang='lat' dir='ltr'><strong>buta</strong></span> <span class='ocrx_word' id='word_1_612' title='bbox 1078 4117 1127 4176; x_wconf 78' lang='lat' dir='ltr'><strong>Dei</strong></span> <span class='ocrx_word' id='word_1_613' title='bbox 1153 4119 1181 4174; x_wconf 87' lang='lat' dir='ltr'><strong>in</strong></span> <span class='ocrx_word' id='word_1_614' title='bbox 1208 4133 1247 4186; x_wconf 89' lang='lat' dir='ltr'><strong>se,</strong></span> <span class='ocrx_word' id='word_1_615' title='bbox 1273 4118 1468 4190; x_wconf 89' lang='lat' dir='ltr'><strong>velutspeculo</strong></span> <span class='ocrx_word' id='word_1_616' title='bbox 1486 4115 1617 4189; x_wconf 89' lang='lat' dir='ltr'><strong>quodam,</strong></span> <span class='ocrx_word' id='word_1_617' title='bbox 1648 4112 1784 4174; x_wconf 69' lang='lat' dir='ltr'><strong>retemta</strong></span> 
     </span>
     <span class='ocr_line' id='line_1_61' title="bbox 139 4189 1781 4279; baseline 0.007 -35"><span class='ocrx_word' id='word_1_618' title='bbox 139 4189 235 4259; x_wconf 91' lang='lat' dir='ltr'><strong>ntique</strong></span> <span class='ocrx_word' id='word_1_619' title='bbox 254 4189 313 4260; x_wconf 91' lang='lat' dir='ltr'><strong>ipsa</strong></span> <span class='ocrx_word' id='word_1_620' title='bbox 332 4206 415 4262; x_wconf 86' lang='lat' dir='ltr'><strong>poena</strong></span> <span class='ocrx_word' id='word_1_621' title='bbox 443 4190 531 4249; x_wconf 91' lang='lat' dir='ltr'><strong>locum</strong></span> <span class='ocrx_word' id='word_1_622' title='bbox 557 4208 613 4250; x_wconf 92' lang='lat' dir='ltr'><strong>non</strong></span> <span class='ocrx_word' id='word_1_623' title='bbox 636 4198 753 4268; x_wconf 91' lang='lat' dir='ltr'><strong>amplius</strong></span> <span class='ocrx_word' id='word_1_624' title='bbox 781 4199 873 4270; x_wconf 88' lang='lat' dir='ltr'><strong>habet,</strong></span> <span class='ocrx_word' id='word_1_625' title='bbox 895 4201 937 4257; x_wconf 86' lang='lat' dir='ltr'><strong>vel</strong></span> <span class='ocrx_word' id='word_1_626' title='bbox 990 4208 1106 4267; x_wconf 65' lang='lat' dir='ltr'><strong>exhibet.</strong></span> <span class='ocrx_word' id='word_1_627' title='bbox 1123 4208 1201 4266; x_wconf 75' lang='lat' dir='ltr'><strong>Unde</strong></span> <span class='ocrx_word' id='word_1_628' title='bbox 1216 4208 1245 4264; x_wconf 89' lang='lat' dir='ltr'><strong>s.</strong></span> <span class='ocrx_word' id='word_1_629' title='bbox 1261 4209 1346 4279; x_wconf 66' lang='lat' dir='ltr'><strong>Aug„</strong></span> <span class='ocrx_word' id='word_1_630' title='bbox 1358 4207 1380 4261; x_wconf 83' lang='lat'><strong>1.</strong></span> <span class='ocrx_word' id='word_1_631' title='bbox 1391 4222 1422 4276; x_wconf 88' lang='lat' dir='ltr'><strong>u,</strong></span> <span class='ocrx_word' id='word_1_632' title='bbox 1440 4207 1473 4265; x_wconf 74' lang='lat' dir='ltr'><strong>de</strong></span> <span class='ocrx_word' id='word_1_633' title='bbox 1489 4207 1555 4263; x_wconf 75' lang='lat' dir='ltr'><strong>Gen.</strong></span> <span class='ocrx_word' id='word_1_634' title='bbox 1573 4206 1639 4263; x_wconf 77' lang='lat' dir='ltr'><strong>adn.</strong></span> <span class='ocrx_word' id='word_1_635' title='bbox 1654 4202 1781 4264; x_wconf 66' lang='lat' dir='ltr'><strong>nunni,</strong></span> 
     </span>
     <span class='ocr_line' id='line_1_62' title="bbox 137 4278 1782 4372; baseline 0.007 -39"><span class='ocrx_word' id='word_1_636' title='bbox 137 4279 212 4349; x_wconf 91' lang='lat' dir='ltr'><strong>quod</strong></span> <span class='ocrx_word' id='word_1_637' title='bbox 226 4278 316 4334; x_wconf 85' lang='lat' dir='ltr'><strong>verius</strong></span> <span class='ocrx_word' id='word_1_638' title='bbox 331 4279 456 4347; x_wconf 89' lang='lat' dir='ltr'><strong>arbitror,</strong></span> <span class='ocrx_word' id='word_1_639' title='bbox 473 4282 506 4338; x_wconf 91' lang='lat' dir='ltr'><strong>de</strong></span> <span class='ocrx_word' id='word_1_640' title='bbox 521 4287 604 4341; x_wconf 86' lang='lat' dir='ltr'><strong>reatu</strong></span> <span class='ocrx_word' id='word_1_641' title='bbox 617 4286 709 4359; x_wconf 81' lang='lat' dir='ltr'><strong>culpe</strong></span> <span class='ocrx_word' id='word_1_642' title='bbox 724 4306 734 4342; x_wconf 96' lang='lat'><strong>.·</strong></span> <span class='ocrx_word' id='word_1_643' title='bbox 760 4295 785 4344; x_wconf 91' lang='lat' dir='ltr'><strong>et</strong></span> <span class='ocrx_word' id='word_1_644' title='bbox 800 4294 864 4345; x_wconf 89' lang='lat' dir='ltr'><strong>tuuc</strong></span> <span class='ocrx_word' id='word_1_645' title='bbox 879 4290 938 4345; x_wconf 87' lang='lat' dir='ltr'><strong>haec</strong></span> <span class='ocrx_word' id='word_1_646' title='bbox 990 4299 1102 4372; x_wconf 67' lang='lat' dir='ltr'><strong>pulchre</strong></span> <span class='ocrx_word' id='word_1_647' title='bbox 1117 4298 1260 4356; x_wconf 72' lang='lat' dir='ltr'><strong>obseruas:</strong></span> <span class='ocrx_word' id='word_1_648' title='bbox 1279 4317 1291 4349; x_wconf 73' lang='grc' dir='ltr'>ι</span> <span class='ocrx_word' id='word_1_649' title='bbox 1316 4297 1383 4353; x_wconf 77' lang='lat' dir='ltr'><strong>Cum</strong></span> <span class='ocrx_word' id='word_1_650' title='bbox 1408 4295 1486 4352; x_wconf 74' lang='lat' dir='ltr'><strong>finxit</strong></span> <span class='ocrx_word' id='word_1_651' title='bbox 1504 4291 1580 4352; x_wconf 81' lang='lat' dir='ltr'><strong>Deus&#39;</strong></span> <span class='ocrx_word' id='word_1_652' title='bbox 1608 4292 1782 4353; x_wconf 79' lang='lat' dir='ltr'><strong>homiuemde</strong></span> 
     </span>
     <span class='ocr_line' id='line_1_63' title="bbox 139 4367 1780 4460; baseline 0.009 -40"><span class='ocrx_word' id='word_1_653' title='bbox 139 4367 272 4422; x_wconf 90' lang='lat' dir='ltr'><strong>sententia</strong></span> <span class='ocrx_word' id='word_1_654' title='bbox 294 4384 468 4442; x_wconf 90' lang='lat' dir='ltr'><strong>nequaquam</strong></span> <span class='ocrx_word' id='word_1_655' title='bbox 489 4374 651 4444; x_wconf 86' lang='lat' dir='ltr'><strong>generaliter</strong></span> <span class='ocrx_word' id='word_1_656' title='bbox 672 4375 847 4450; x_wconf 90' lang='lat' dir='ltr'><strong>intelligenda</strong></span> <span class='ocrx_word' id='word_1_657' title='bbox 870 4379 934 4447; x_wconf 87' lang='lat' dir='ltr'><strong>erit;</strong></span> <span class='ocrx_word' id='word_1_658' title='bbox 953 4370 1053 4458; x_wconf 74' lang='lat' dir='ltr'><strong>ntimo</strong></span> <span class='ocrx_word' id='word_1_659' title='bbox 1071 4396 1379 4460; x_wconf 68' lang='lat' dir='ltr'><strong>terrae‚pr0pserean0n</strong></span> <span class='ocrx_word' id='word_1_660' title='bbox 1400 4384 1521 4442; x_wconf 68' lang='lat' dir='ltr'><strong>auhsum</strong></span> <span class='ocrx_word' id='word_1_661' title='bbox 1538 4399 1611 4455; x_wconf 77' lang='lat' dir='ltr'><strong>esse,</strong></span> <span class='ocrx_word' id='word_1_662' title='bbox 1637 4384 1674 4440; x_wconf 79' lang='lat' dir='ltr'><strong>ad</strong></span> <span class='ocrx_word' id='word_1_663' title='bbox 1697 4380 1780 4453; x_wconf 77' lang='lat' dir='ltr'><strong>imagi·</strong></span> 
     </span>
     <span class='ocr_line' id='line_1_64' title="bbox 140 4456 1777 4547; baseline -0.006 -11"><span class='ocrx_word' id='word_1_664' title='bbox 140 4471 200 4511; x_wconf 57' lang='lat'><strong>⁰⁰¹³</strong></span> <span class='ocrx_word' id='word_1_665' title='bbox 215 4456 284 4511; x_wconf 56' lang='lat' dir='ltr'><strong>intes</strong></span> <span class='ocrx_word' id='word_1_666' title='bbox 299 4459 442 4530; x_wconf 67' lang='lat' dir='ltr'><strong>¹h0⁰¹⁰g⁰⁸</strong></span> <span class='ocrx_word' id='word_1_667' title='bbox 453 4477 546 4518; x_wconf 75' lang='lat' dir='ltr'><strong>⁰m¹¹⁰⁵</strong></span> <span class='ocrx_word' id='word_1_668' title='bbox 557 4473 660 4519; x_wconf 89' lang='lat' dir='ltr'><strong>certum</strong></span> <span class='ocrx_word' id='word_1_669' title='bbox 674 4464 719 4536; x_wconf 90' lang='lat' dir='ltr'><strong>sit,</strong></span> <span class='ocrx_word' id='word_1_670' title='bbox 733 4481 781 4536; x_wconf 70' lang='lat' dir='ltr'><strong>l)er</strong></span> <span class='ocrx_word' id='word_1_671' title='bbox 794 4469 935 4541; x_wconf 79' lang='lat' dir='ltr'><strong>poniten-</strong></span> <span class='ocrx_word' id='word_1_672' title='bbox 990 4495 1053 4537; x_wconf 87' lang='lat' dir='ltr'><strong>nem</strong></span> <span class='ocrx_word' id='word_1_673' title='bbox 1068 4486 1096 4535; x_wconf 90' lang='lat' dir='ltr'><strong>et</strong></span> <span class='ocrx_word' id='word_1_674' title='bbox 1110 4476 1314 4534; x_wconf 91' lang='lat' dir='ltr'><strong>similitudinem</strong></span> <span class='ocrx_word' id='word_1_675' title='bbox 1330 4492 1420 4547; x_wconf 88' lang='lat' dir='ltr'><strong>suam,</strong></span> <span class='ocrx_word' id='word_1_676' title='bbox 1435 4473 1563 4547; x_wconf 91' lang='lat' dir='ltr'><strong>qnoniam</strong></span> <span class='ocrx_word' id='word_1_677' title='bbox 1577 4490 1654 4531; x_wconf 90' lang='lat' dir='ltr'><strong>nune</strong></span> <span class='ocrx_word' id='word_1_678' title='bbox 1668 4474 1704 4530; x_wconf 89' lang='lat' dir='ltr'><strong>de</strong></span> <span class='ocrx_word' id='word_1_679' title='bbox 1725 4488 1777 4529; x_wconf 87' lang='lat' dir='ltr'><strong>cor-</strong></span> 
     </span>
     <span class='ocr_line' id='line_1_65' title="bbox 140 4544 1781 4642; baseline 0.009 -43"><span class='ocrx_word' id='word_1_680' title='bbox 140 4547 213 4600; x_wconf 84' lang='lat' dir='ltr'><strong>tium</strong></span> <span class='ocrx_word' id='word_1_681' title='bbox 241 4544 326 4603; x_wconf 90' lang='lat' dir='ltr'><strong>deleta</strong></span> <span class='ocrx_word' id='word_1_682' title='bbox 352 4549 432 4619; x_wconf 89' lang='lat' dir='ltr'><strong>culpa</strong></span> <span class='ocrx_word' id='word_1_683' title='bbox 465 4552 571 4608; x_wconf 90' lang='lat' dir='ltr'><strong>mortali</strong></span> <span class='ocrx_word' id='word_1_684' title='bbox 594 4553 769 4610; x_wconf 89' lang='lat' dir='ltr'><strong>nibilominus</strong></span> <span class='ocrx_word' id='word_1_685' title='bbox 796 4573 935 4614; x_wconf 86' lang='lat' dir='ltr'><strong>remanere</strong></span> <span class='ocrx_word' id='word_1_686' title='bbox 991 4571 1068 4642; x_wconf 67' lang='lat' dir='ltr'><strong>poris</strong></span> <span class='ocrx_word' id='word_1_687' title='bbox 1088 4566 1248 4625; x_wconf 76' lang='lat' dir='ltr'><strong>formatione</strong></span> <span class='ocrx_word' id='word_1_688' title='bbox 1269 4566 1377 4622; x_wconf 70' lang='lat' dir='ltr'><strong>dieitur.</strong></span> <span class='ocrx_word' id='word_1_689' title='bbox 1400 4567 1476 4622; x_wconf 81' lang='lat' dir='ltr'><strong>Tune</strong></span> <span class='ocrx_word' id='word_1_690' title='bbox 1495 4571 1586 4620; x_wconf 82' lang='lat' dir='ltr'><strong>autem</strong></span> <span class='ocrx_word' id='word_1_691' title='bbox 1614 4565 1701 4620; x_wconf 87' lang='lat' dir='ltr'><strong>homo</strong></span> <span class='ocrx_word' id='word_1_692' title='bbox 1724 4562 1781 4616; x_wconf 88' lang='lat' dir='ltr'><strong>inte·</strong></span> 
     </span>
     <span class='ocr_line' id='line_1_66' title="bbox 139 4636 1779 4729; baseline 0.008 -41"><span class='ocrx_word' id='word_1_693' title='bbox 139 4636 252 4691; x_wconf 68' lang='lat' dir='ltr'><strong>Tedium</strong></span> <span class='ocrx_word' id='word_1_694' title='bbox 263 4651 375 4706; x_wconf 69' lang='lat' dir='ltr'><strong>poenoe5</strong></span> <span class='ocrx_word' id='word_1_695' title='bbox 388 4644 517 4707; x_wconf 73' lang='lat' dir='ltr'><strong>atiamffll,</strong></span> <span class='ocrx_word' id='word_1_696' title='bbox 532 4656 594 4697; x_wconf 68' lang='lat' dir='ltr'><strong>(illm</strong></span> <span class='ocrx_word' id='word_1_697' title='bbox 618 4647 815 4704; x_wconf 71' lang='lat' dir='ltr'><strong>aliiedaelel&#39;ita</strong></span> <span class='ocrx_word' id='word_1_698' title='bbox 830 4646 934 4715; x_wconf 85' lang='lat' dir='ltr'><strong>luisset,</strong></span> <span class='ocrx_word' id='word_1_699' title='bbox 990 4658 1046 4714; x_wconf 73' lang='lat' dir='ltr'><strong>pior</strong></span> <span class='ocrx_word' id='word_1_700' title='bbox 1060 4657 1089 4729; x_wconf 65' lang='lat' dir='ltr'><strong>(i,</strong></span> <span class='ocrx_word' id='word_1_701' title='bbox 1103 4673 1128 4715; x_wconf 65' lang='lat' dir='ltr'><strong>e,</strong></span> <span class='ocrx_word' id='word_1_702' title='bbox 1151 4658 1250 4713; x_wconf 74' lang='lat' dir='ltr'><strong>anima</strong></span> <span class='ocrx_word' id='word_1_703' title='bbox 1264 4671 1327 4729; x_wconf 76' lang='lat' dir='ltr'><strong>quoe</strong></span> <span class='ocrx_word' id='word_1_704' title='bbox 1349 4656 1418 4712; x_wconf 72' lang='lat' dir='ltr'><strong>imm</strong></span> <span class='ocrx_word' id='word_1_705' title='bbox 1431 4669 1528 4726; x_wconf 81' lang='lat' dir='ltr'><strong>corpus</strong></span> <span class='ocrx_word' id='word_1_706' title='bbox 1542 4654 1600 4725; x_wconf 75' lang='lat' dir='ltr'><strong>est)</strong></span> <span class='ocrx_word' id='word_1_707' title='bbox 1615 4650 1779 4727; x_wconf 64' lang='lat' dir='ltr'><strong>significabi-</strong></span> 
     </span>
     <span class='ocr_line' id='line_1_67' title="bbox 136 4724 1779 4816; baseline 0.007 -38"><span class='ocrx_word' id='word_1_708' title='bbox 136 4724 244 4779; x_wconf 90' lang='lat' dir='ltr'><strong>nonnisi</strong></span> <span class='ocrx_word' id='word_1_709' title='bbox 273 4728 470 4797; x_wconf 83' lang='lat' dir='ltr'><strong>temporaliter</strong></span> <span class='ocrx_word' id='word_1_710' title='bbox 498 4728 524 4783; x_wconf 92' lang='lat' dir='ltr'><strong>in</strong></span> <span class='ocrx_word' id='word_1_711' title='bbox 552 4731 706 4805; x_wconf 89' lang='lat' dir='ltr'><strong>purgatorio</strong></span> <span class='ocrx_word' id='word_1_712' title='bbox 734 4735 932 4806; x_wconf 79' lang='lat' dir='ltr'><strong>persolvendae.</strong></span> <span class='ocrx_word' id='word_1_713' title='bbox 990 4751 1045 4811; x_wconf 89' lang='lat' dir='ltr'><strong>tur,</strong></span> <span class='ocrx_word' id='word_1_714' title='bbox 1060 4745 1170 4816; x_wconf 89' lang='lat' dir='ltr'><strong>quando</strong></span> <span class='ocrx_word' id='word_1_715' title='bbox 1185 4743 1286 4799; x_wconf 91' lang='lat' dir='ltr'><strong>dictum</strong></span> <span class='ocrx_word' id='word_1_716' title='bbox 1308 4752 1371 4800; x_wconf 89' lang='lat' dir='ltr'><strong>est:</strong></span> <span class='ocrx_word' id='word_1_717' title='bbox 1394 4742 1468 4800; x_wconf 79' lang='lat' dir='ltr'><strong>Fecit</strong></span> <span class='ocrx_word' id='word_1_718' title='bbox 1489 4744 1561 4798; x_wconf 87' lang='lat' dir='ltr'><strong>Deus</strong></span> <span class='ocrx_word' id='word_1_719' title='bbox 1591 4743 1733 4801; x_wconf 66' lang='lat' dir='ltr'><strong>homiuem</strong></span> <span class='ocrx_word' id='word_1_720' title='bbox 1755 4736 1779 4793; x_wconf 85' lang='lat' dir='ltr'><strong>sd</strong></span> 
     </span>
     <span class='ocr_line' id='line_1_68' title="bbox 136 4812 1501 4908; baseline 0.002 -22"><span class='ocrx_word' id='word_1_721' title='bbox 136 4812 191 4868; x_wconf 91' lang='lat' dir='ltr'><strong>Uni</strong></span> <span class='ocrx_word' id='word_1_722' title='bbox 220 4824 307 4870; x_wconf 55' lang='lat' dir='ltr'><strong>amm</strong></span> <span class='ocrx_word' id='word_1_723' title='bbox 331 4816 466 4886; x_wconf 86' lang='lat' dir='ltr'><strong>baptismo</strong></span> <span class='ocrx_word' id='word_1_724' title='bbox 488 4823 625 4890; x_wconf 71' lang='lat' dir='ltr'><strong>proprium</strong></span> <span class='ocrx_word' id='word_1_725' title='bbox 652 4831 703 4894; x_wconf 87' lang='lat' dir='ltr'><strong>est,</strong></span> <span class='ocrx_word' id='word_1_726' title='bbox 727 4823 799 4895; x_wconf 89' lang='lat' dir='ltr'><strong>quod</strong></span> <span class='ocrx_word' id='word_1_727' title='bbox 831 4825 936 4882; x_wconf 90' lang='lat' dir='ltr'><strong>sublato</strong></span> <span class='ocrx_word' id='word_1_728' title='bbox 989 4833 1136 4908; x_wconf 88' lang='lat' dir='ltr'><strong>imaginem</strong></span> <span class='ocrx_word' id='word_1_729' title='bbox 1149 4843 1176 4889; x_wconf 87' lang='lat' dir='ltr'><strong>at</strong></span> <span class='ocrx_word' id='word_1_730' title='bbox 1193 4831 1398 4889; x_wconf 88' lang='lat' dir='ltr'><strong>similitudinem</strong></span> <span class='ocrx_word' id='word_1_731' title='bbox 1411 4833 1501 4889; x_wconf 64' lang='lat' dir='ltr'><strong>Dein</strong></span> 
     </span>
    </p>

    <p class='ocr_par' dir='ltr' id='par_1_18' title="bbox 135 4903 1778 4995">
     <span class='ocr_line' id='line_1_69' title="bbox 135 4903 1778 4995; baseline 0.009 -40"><span class='ocrx_word' id='word_1_732' title='bbox 135 4916 188 4971; x_wconf 90' lang='lat' dir='ltr'><strong>per</strong></span> <span class='ocrx_word' id='word_1_733' title='bbox 201 4903 326 4957; x_wconf 90' lang='lat' dir='ltr'><strong>eumdem</strong></span> <span class='ocrx_word' id='word_1_734' title='bbox 339 4909 519 4964; x_wconf 89' lang='lat' dir='ltr'><strong>reatnomuis</strong></span> <span class='ocrx_word' id='word_1_735' title='bbox 538 4908 630 4983; x_wconf 76' lang='lat' dir='ltr'><strong>culpae</strong></span> <span class='ocrx_word' id='word_1_736' title='bbox 645 4913 838 4980; x_wconf 87' lang='lat' dir='ltr'><strong>antecedentis,</strong></span> <span class='ocrx_word' id='word_1_737' title='bbox 854 4915 933 4972; x_wconf 89' lang='lat' dir='ltr'><strong>simul</strong></span> <span class='ocrx_word' id='word_1_738' title='bbox 1024 4925 1112 4995; x_wconf 68' lang='lat' dir='ltr'><strong>Atque</strong></span> <span class='ocrx_word' id='word_1_739' title='bbox 1126 4922 1185 4978; x_wconf 80' lang='lat' dir='ltr'><strong>haen</strong></span> <span class='ocrx_word' id='word_1_740' title='bbox 1206 4923 1365 4980; x_wconf 70' lang='lat' dir='ltr'><strong>simitstnnp</strong></span> <span class='ocrx_word' id='word_1_741' title='bbox 1387 4927 1430 4978; x_wconf 80' lang='lat' dir='ltr'><strong>est</strong></span> <span class='ocrx_word' id='word_1_742' title='bbox 1450 4919 1525 4979; x_wconf 78' lang='lat' dir='ltr'><strong>velut</strong></span> <span class='ocrx_word' id='word_1_743' title='bbox 1551 4921 1693 4994; x_wconf 60' lang='lat' dir='ltr'><strong>senagenis</strong></span> <span class='ocrx_word' id='word_1_744' title='bbox 1720 4917 1778 4974; x_wconf 87' lang='lat' dir='ltr'><strong>itlius</strong></span> 
     </span>
    </p>
   </div>
   <div class='ocr_carea' id='block_1_15' title="bbox 173 5008 1777 5170">
    <p class='ocr_par' dir='ltr' id='par_1_19' title="bbox 173 5008 1777 5170">
     <span class='ocr_line' id='line_1_70' title="bbox 987 5008 1777 5085; baseline -0.014 -16"><span class='ocrx_word' id='word_1_745' title='bbox 987 5011 1120 5085; x_wconf 80' lang='lat' dir='ltr'><strong>perlectis</strong></span> <span class='ocrx_word' id='word_1_746' title='bbox 1139 5020 1165 5066; x_wconf 90' lang='lat' dir='ltr'><strong>et</strong></span> <span class='ocrx_word' id='word_1_747' title='bbox 1179 5010 1424 5080; x_wconf 89' lang='lat' dir='ltr'><strong>complementum;</strong></span> <span class='ocrx_word' id='word_1_748' title='bbox 1444 5009 1573 5081; x_wconf 88' lang='lat' dir='ltr'><strong>quoniam</strong></span> <span class='ocrx_word' id='word_1_749' title='bbox 1588 5024 1643 5065; x_wconf 94' lang='lat' dir='ltr'><strong>non</strong></span> <span class='ocrx_word' id='word_1_750' title='bbox 1664 5008 1716 5065; x_wconf 89' lang='lat' dir='ltr'><strong>Dei</strong></span> <span class='ocrx_word' id='word_1_751' title='bbox 1730 5019 1777 5077; x_wconf 79' lang='lat' dir='ltr'><strong>per</strong></span> 
     </span>
     <span class='ocr_line' id='line_1_71' title="bbox 173 5076 1777 5170; baseline -0.022 -38"><span class='ocrx_word' id='word_1_752' title='bbox 173 5076 213 5132; x_wconf 77' lang='lat' dir='ltr'><strong>Aa</strong></span> <span class='ocrx_word' id='word_1_753' title='bbox 227 5077 449 5149; x_wconf 79' lang='lat' dir='ltr'><strong>imagincmltei.</strong></span> <span class='ocrx_word' id='word_1_754' title='bbox 464 5082 570 5140; x_wconf 82' lang='lat' dir='ltr'><strong>Alludit</strong></span> <span class='ocrx_word' id='word_1_755' title='bbox 585 5085 648 5142; x_wconf 90' lang='lat' dir='ltr'><strong>siue</strong></span> <span class='ocrx_word' id='word_1_756' title='bbox 666 5087 749 5144; x_wconf 91' lang='lat' dir='ltr'><strong>dnbio</strong></span> <span class='ocrx_word' id='word_1_757' title='bbox 764 5087 845 5156; x_wconf 92' lang='lat' dir='ltr'><strong>adid,</strong></span> <span class='ocrx_word' id='word_1_758' title='bbox 861 5090 936 5163; x_wconf 90' lang='lat' dir='ltr'><strong>quod</strong></span> <span class='ocrx_word' id='word_1_759' title='bbox 987 5098 1120 5155; x_wconf 56' lang='lat' dir='ltr'><strong>seorim</strong></span> <span class='ocrx_word' id='word_1_760' title='bbox 1140 5096 1277 5164; x_wconf 48' lang='lat' dir='ltr'><strong>dumam,</strong></span> <span class='ocrx_word' id='word_1_761' title='bbox 1307 5097 1354 5154; x_wconf 60' lang='lat' dir='ltr'><strong>sed</strong></span> <span class='ocrx_word' id='word_1_762' title='bbox 1381 5097 1442 5168; x_wconf 64' lang='lat' dir='ltr'><strong>ipsa</strong></span> <span class='ocrx_word' id='word_1_763' title='bbox 1470 5111 1577 5170; x_wconf 64' lang='lat' dir='ltr'><strong>quoque</strong></span> <span class='ocrx_word' id='word_1_764' title='bbox 1601 5097 1679 5154; x_wconf 58' lang='lat' dir='ltr'><strong>Velm</strong></span> <span class='ocrx_word' id='word_1_765' title='bbox 1699 5093 1777 5151; x_wconf 55' lang='lat' dir='ltr'><strong>ulum</strong></span> 
     </span>
    </p>
   </div>
   <div class='ocr_carea' id='block_1_16' title="bbox 133 5164 1776 5349">
    <p class='ocr_par' dir='ltr' id='par_1_20' title="bbox 133 5164 1776 5349">
     <span class='ocr_line' id='line_1_72' title="bbox 136 5164 1776 5278; baseline 0.013 -58"><span class='ocrx_word' id='word_1_766' title='bbox 136 5164 210 5278; x_wconf 58' lang='lat' dir='ltr'><strong>neap</strong></span> <span class='ocrx_word' id='word_1_767' title='bbox 224 5164 293 5223; x_wconf 87' lang='lat' dir='ltr'><strong>Gen.</strong></span> <span class='ocrx_word' id='word_1_768' title='bbox 324 5180 343 5234; x_wconf 89' lang='lat' dir='ltr'><strong>r,</strong></span> <span class='ocrx_word' id='word_1_769' title='bbox 372 5185 401 5224; x_wconf 88' lang='lat' dir='ltr'><strong>v.</strong></span> <span class='ocrx_word' id='word_1_770' title='bbox 418 5172 462 5239; x_wconf 82' lang='grc'><strong>96,</strong></span> <span class='ocrx_word' id='word_1_771' title='bbox 488 5171 585 5229; x_wconf 89' lang='lat' dir='ltr'><strong>dixit:</strong></span> <span class='ocrx_word' id='word_1_772' title='bbox 620 5177 768 5234; x_wconf 83' lang='lat' dir='ltr'><strong>Faciamus</strong></span> <span class='ocrx_word' id='word_1_773' title='bbox 793 5178 935 5238; x_wconf 77' lang='lat' dir='ltr'><strong>leomincm</strong></span> <span class='ocrx_word' id='word_1_774' title='bbox 988 5186 1143 5245; x_wconf 88' lang='lat' dir='ltr'><strong>earumdem</strong></span> <span class='ocrx_word' id='word_1_775' title='bbox 1179 5186 1339 5243; x_wconf 87' lang='lat' dir='ltr'><strong>lineamenta</strong></span> <span class='ocrx_word' id='word_1_776' title='bbox 1366 5184 1498 5258; x_wconf 83' lang='lat' dir='ltr'><strong>exprimit,</strong></span> <span class='ocrx_word' id='word_1_777' title='bbox 1532 5184 1677 5258; x_wconf 85' lang='lat' dir='ltr'><strong>ipsiusque</strong></span> <span class='ocrx_word' id='word_1_778' title='bbox 1711 5182 1776 5240; x_wconf 78' lang='lat' dir='ltr'><strong>enan</strong></span> 
     </span>
     <span class='ocr_line' id='line_1_73' title="bbox 133 5255 1774 5349; baseline 0.009 -36"><span class='ocrx_word' id='word_1_779' title='bbox 133 5255 454 5330; x_wconf 55' lang='lat' dir='ltr'><strong>tsntmadimaptnem</strong></span> <span class='ocrx_word' id='word_1_780' title='bbox 468 5265 937 5333; x_wconf 70' lang='lat' dir='ltr'><strong>nonrumptunxnmoetsineti-</strong></span> <span class='ocrx_word' id='word_1_781' title='bbox 987 5277 1037 5336; x_wconf 89' lang='lat' dir='ltr'><strong>SS.</strong></span> <span class='ocrx_word' id='word_1_782' title='bbox 1053 5277 1189 5333; x_wconf 75' lang='lat' dir='ltr'><strong>&#39;trinitatis</strong></span> <span class='ocrx_word' id='word_1_783' title='bbox 1206 5276 1361 5349; x_wconf 83' lang='lat' dir='ltr'><strong>symbolum</strong></span> <span class='ocrx_word' id='word_1_784' title='bbox 1383 5274 1520 5349; x_wconf 89' lang='lat' dir='ltr'><strong>quoddam</strong></span> <span class='ocrx_word' id='word_1_785' title='bbox 1543 5276 1660 5344; x_wconf 83' lang='lat' dir='ltr'><strong>exsistit,</strong></span> <span class='ocrx_word' id='word_1_786' title='bbox 1683 5282 1712 5330; x_wconf 93' lang='lat' dir='ltr'><strong>ut</strong></span> <span class='ocrx_word' id='word_1_787' title='bbox 1729 5271 1774 5327; x_wconf 81' lang='lat' dir='ltr'><strong>ele·</strong></span> 
     </span>
    </p>
   </div>
   <div class='ocr_carea' id='block_1_17' title="bbox 127 5331 1775 5530">
    <p class='ocr_par' dir='ltr' id='par_1_21' title="bbox 127 5331 1775 5530">
     <span class='ocr_line' id='line_1_74' title="bbox 131 5331 1775 5442; baseline 0.011 -43"><span class='ocrx_word' id='word_1_788' title='bbox 131 5345 262 5404; x_wconf 84' lang='lat' dir='ltr'><strong>tudinem</strong></span> <span class='ocrx_word' id='word_1_789' title='bbox 270 5350 483 5405; x_wconf 77' lang='lat' dir='ltr'><strong>nostram-Et</strong></span> <span class='ocrx_word' id='word_1_790' title='bbox 492 5354 677 5410; x_wconf 83' lang='lat' dir='ltr'><strong>creavitlteus</strong></span> <span class='ocrx_word' id='word_1_791' title='bbox 688 5353 830 5411; x_wconf 82' lang='lat' dir='ltr'><strong>hominem</strong></span> <span class='ocrx_word' id='word_1_792' title='bbox 837 5331 935 5419; x_wconf 44' lang='lat' dir='ltr'><strong>insit:</strong></span> <span class='ocrx_word' id='word_1_793' title='bbox 987 5375 1084 5442; x_wconf 88' lang='lat' dir='ltr'><strong>gauter</strong></span> <span class='ocrx_word' id='word_1_794' title='bbox 1102 5368 1216 5439; x_wconf 86' lang='lat' dir='ltr'><strong>explicat</strong></span> <span class='ocrx_word' id='word_1_795' title='bbox 1231 5369 1328 5423; x_wconf 87' lang='lat' dir='ltr'><strong>author</strong></span> <span class='ocrx_word' id='word_1_796' title='bbox 1341 5366 1416 5422; x_wconf 82' lang='lat' dir='ltr'><strong>Libri</strong></span> <span class='ocrx_word' id='word_1_797' title='bbox 1439 5363 1472 5420; x_wconf 86' lang='lat' dir='ltr'><strong>de</strong></span> <span class='ocrx_word' id='word_1_798' title='bbox 1489 5365 1636 5436; x_wconf 75' lang='lat' dir='ltr'><strong>dignitate</strong></span> <span class='ocrx_word' id='word_1_799' title='bbox 1655 5362 1775 5423; x_wconf 67' lang='lat' dir='ltr'><strong>mans.</strong></span> 
     </span>
     <span class='ocr_line' id='line_1_75' title="bbox 127 5420 1775 5530; baseline -0.004 -19"><span class='ocrx_word' id='word_1_800' title='bbox 127 5433 165 5490; x_wconf 66' lang='lat' dir='ltr'><strong>“d</strong></span> <span class='ocrx_word' id='word_1_801' title='bbox 179 5434 436 5507; x_wconf 61' lang='lat' dir='ltr'><strong>imaiinssmiifflms</strong></span> <span class='ocrx_word' id='word_1_802' title='bbox 450 5420 537 5497; x_wconf 58' lang='lat' dir='ltr'><strong>¹³5ss²</strong></span> <span class='ocrx_word' id='word_1_803' title='bbox 547 5437 583 5495; x_wconf 71' lang='lat' dir='ltr'><strong>‘ld</strong></span> <span class='ocrx_word' id='word_1_804' title='bbox 598 5442 752 5511; x_wconf 59' lang='lat' dir='ltr'><strong>malinam</strong></span> <span class='ocrx_word' id='word_1_805' title='bbox 766 5444 814 5502; x_wconf 65' lang='lat' dir='ltr'><strong>Dei</strong></span> <span class='ocrx_word' id='word_1_806' title='bbox 827 5448 935 5503; x_wconf 66' lang='lat' dir='ltr'><strong>creavit</strong></span> <span class='ocrx_word' id='word_1_807' title='bbox 988 5473 1012 5517; x_wconf 91' lang='lat' dir='ltr'><strong>c.</strong></span> <span class='ocrx_word' id='word_1_808' title='bbox 1028 5461 1055 5525; x_wconf 76' lang='grc'><strong>9,</strong></span> <span class='ocrx_word' id='word_1_809' title='bbox 1071 5457 1117 5530; x_wconf 91' lang='lat' dir='ltr'><strong>qui</strong></span> <span class='ocrx_word' id='word_1_810' title='bbox 1127 5458 1193 5513; x_wconf 88' lang='lat' dir='ltr'><strong>alias</strong></span> <span class='ocrx_word' id='word_1_811' title='bbox 1202 5456 1232 5516; x_wconf 85' lang='lat' dir='ltr'><strong>S.</strong></span> <span class='ocrx_word' id='word_1_812' title='bbox 1250 5454 1392 5514; x_wconf 76' lang='lat' dir='ltr'><strong>Ambrosio</strong></span> <span class='ocrx_word' id='word_1_813' title='bbox 1407 5453 1557 5525; x_wconf 86' lang='lat' dir='ltr'><strong>adscriptus</strong></span> <span class='ocrx_word' id='word_1_814' title='bbox 1577 5453 1639 5514; x_wconf 89' lang='lat' dir='ltr'><strong>luit.</strong></span> <span class='ocrx_word' id='word_1_815' title='bbox 1663 5453 1710 5508; x_wconf 78' lang='lat' dir='ltr'><strong>Ait</strong></span> <span class='ocrx_word' id='word_1_816' title='bbox 1734 5465 1775 5505; x_wconf 85' lang='lat' dir='ltr'><strong>aa·</strong></span> 
     </span>
    </p>
   </div>
   <div class='ocr_carea' id='block_1_18' title="bbox 127 5509 1775 5618">
    <p class='ocr_par' dir='ltr' id='par_1_22' title="bbox 127 5509 1775 5618">
     <span class='ocr_line' id='line_1_76' title="bbox 127 5509 1775 5618; baseline -0.004 -20"><span class='ocrx_word' id='word_1_817' title='bbox 127 5521 224 5582; x_wconf 63' lang='lat' dir='ltr'><strong>mum·</strong></span> <span class='ocrx_word' id='word_1_818' title='bbox 246 5526 299 5583; x_wconf 70' lang='lat' dir='ltr'><strong>Ubi</strong></span> <span class='ocrx_word' id='word_1_819' title='bbox 313 5541 409 5585; x_wconf 67' lang='grc'>091998</span> <span class='ocrx_word' id='word_1_820' title='bbox 428 5525 590 5598; x_wconf 52' lang='lat' dir='ltr'><strong>inieris&amp;es</strong></span> <span class='ocrx_word' id='word_1_821' title='bbox 615 5528 704 5589; x_wconf 65' lang='lat' dir='ltr'><strong>Giaeii</strong></span> <span class='ocrx_word' id='word_1_822' title='bbox 717 5509 780 5597; x_wconf 57' lang='lat'><strong>053</strong></span> <span class='ocrx_word' id='word_1_823' title='bbox 794 5551 843 5609; x_wconf 66' lang='lat' dir='ltr'><strong>Per</strong></span> <span class='ocrx_word' id='word_1_824' title='bbox 858 5538 936 5592; x_wconf 72' lang='lat' dir='ltr'><strong>auton</strong></span> <span class='ocrx_word' id='word_1_825' title='bbox 988 5556 1059 5606; x_wconf 89' lang='lat' dir='ltr'><strong>tem:</strong></span> <span class='ocrx_word' id='word_1_826' title='bbox 1080 5569 1091 5602; x_wconf 83' lang='lat' dir='ltr'><strong>s</strong></span> <span class='ocrx_word' id='word_1_827' title='bbox 1108 5546 1185 5605; x_wconf 89' lang='lat' dir='ltr'><strong>Sicut</strong></span> <span class='ocrx_word' id='word_1_828' title='bbox 1208 5561 1241 5605; x_wconf 87' lang='lat' dir='ltr'><strong>ex</strong></span> <span class='ocrx_word' id='word_1_829' title='bbox 1255 5545 1333 5603; x_wconf 85' lang='lat' dir='ltr'><strong>Patre</strong></span> <span class='ocrx_word' id='word_1_830' title='bbox 1347 5551 1491 5618; x_wconf 88' lang='lat' dir='ltr'><strong>generatur</strong></span> <span class='ocrx_word' id='word_1_831' title='bbox 1506 5541 1601 5615; x_wconf 85' lang='lat' dir='ltr'><strong>Filius,</strong></span> <span class='ocrx_word' id='word_1_832' title='bbox 1617 5551 1643 5601; x_wconf 91' lang='lat' dir='ltr'><strong>et</strong></span> <span class='ocrx_word' id='word_1_833' title='bbox 1660 5557 1694 5600; x_wconf 86' lang='lat' dir='ltr'><strong>ex</strong></span> <span class='ocrx_word' id='word_1_834' title='bbox 1708 5541 1775 5597; x_wconf 81' lang='lat' dir='ltr'><strong>Patre</strong></span> 
     </span>
    </p>
   </div>
   <div class='ocr_carea' id='block_1_19' title="bbox 0 0 1924 6134">
    <p class='ocr_par' dir='ltr' id='par_1_23' title="bbox 0 0 1924 6134">
     <span class='ocr_line' id='line_1_77' title="bbox 0 0 1924 6134; baseline 0 3"><span class='ocrx_word' id='word_1_835' title='bbox 0 0 1924 6134; x_wconf 95' lang='lat' dir='ltr'><strong> </strong></span> 
     </span>
    </p>
   </div>
  </div>
 </body>
</html>
