3840 6134
180 406 231 472 128
527 357 747 472 standalmut
766 410 897 474 otendit
916 412 1002 476 PARS
1017 414 1050 476 tl.
1073 445 1106 460 ·-
1124 415 1238 479 sttttlls
1255 417 1276 489 1,
1297 417 1471 483 Potnnlct.

179 534 1822 590 Q

173 736 202 807 ⁵
280 806 356 958 Q.
426 804 671 937 snrr.
758 807 1713 952 nnoa.raarnnn1nn1

910 1083 1091 1171 arnna

545 1305 621 1406 DE
659 1299 831 1410 FUGA
866 1305 929 1413 IN
965 1305 1448 1420 PERSECUTIONE.

203 1793 414 1853 Αιιιιιιιιιιιιτιιιι.
426 1824 460 1838 -
474 1795 554 1852 Liber
567 1796 601 1855 de
616 1799 692 1870 Fopo
704 1813 738 1853 ee
750 1803 955 1871 perseeutteee,
970 1798 1022 1856 bac
1037 1798 1094 1871 jam
1107 1797 1228 1857 fervente
1243 1813 1312 1856 anno
1330 1801 1382 1856 101
1397 1799 1523 1873 scriptus,
1541 1800 1700 1860 Tertulliani
1714 1802 1822 1877 ingenii

166 1882 244 1942 raldo
261 1886 396 1960 praefracti
411 1886 557 1944 etiamnum
572 1887 681 1963 signnm
696 1897 746 1954 est,
763 1888 791 1946 in
807 1904 864 1962 qno
878 1889 1053 1947 Paracletum
1067 1890 1186 1947 Montani
1201 1891 1288 1962 palam
1303 1890 1399 1947 astruit
1415 1909 1422 1947 :
1440 1891 1561 1948 nondum
1576 1899 1665 1949 temen
1679 1893 1707 1949 in
1721 1894 1821 1952 Catho-

163 1973 232 2032 lieos
244 1977 319 2033 reiut
336 1977 484 2049 Psychieos
502 1976 620 2035 insultat.
635 1979 696 2034 Non
711 1978 801 2050 inepte
812 1979 976 2036 recentiores
991 1979 1075 2037 critici
1089 1981 1252 2037 arbitrantur
1265 1981 1336 2036 hunc
1351 1988 1491 2038 tractatum
1509 1981 1637 2038 eumdem
1651 1998 1713 2040 esse
1733 2000 1817 2056 quem

164 2062 248 2122 inlib.
264 2067 297 2125 de
310 2071 493 2139 Cereremoap.
510 2071 536 2137 l,
550 2082 580 2124 se
593 2067 729 2126 editurum
739 2068 863 2143 promisit
876 2069 909 2128 de
926 2070 1131 2141 Questt'oeibas
1143 2071 1363 2142 consessionem,
1373 2071 1465 2143 ntique
1475 2077 1569 2127 contra
1582 2079 1705 2143 pastores
1720 2083 1821 2145 tempo

163 2170 194 2211 re
203 2158 418 2228 persecutionum
434 2174 545 2233 gregem
559 2175 636 2215 suurn
650 2160 816 2217 deserentes.
833 2159 898 2216 Orte
908 2159 1151 2217 inteerristiaaos
1166 2161 1339 2219 contentione
1353 2177 1387 2218 an
1414 2160 1613 2232 persecutionis
1634 2169 1757 2233 tempore
1771 2163 1818 2219 lu-

163 2259 237 2317 gere,
254 2254 301 2303 aut
315 2263 381 2304 auro
395 2255 542 2320 argentove
555 2249 722 2306 uexationem
738 2249 872 2306 redimere
891 2251 926 2306 sit
943 2250 1057 2317 licitum,
1072 2250 1268 2319 Tertullianus,
1278 2265 1339 2308 enm
1356 2251 1390 2307 de
1400 2251 1664 2323 bnequesttoneore
1677 2261 1756 2308 tenua
1766 2269 1820 2309 non

163 2333 394 2404 nibil‘dissereret‚
410 2338 591 2410 interrogatus
604 2354 620 2394 a
635 2339 717 2395 Fabio
732 2339 849 2412 quodam
865 2336 1008 2405 familiari,
1023 2339 1133 2396 demum
1152 2341 1224 2396 bunc
1238 2347 1383 2396 tractatum
1398 2340 1525 2406 exaravit,
1543 2339 1571 2394 in
1587 2355 1642 2413 quo
1657 2341 1710 2396 late
1725 2350 1820 2398 contra

163 2427 328 2484 orthodoxos
346 2429 461 2499 probare
474 2439 597 2499 conatur,
612 2429 743 2488 ministris
755 2430 806 2485 Dei
819 2429 847 2484 in
857 2430 1046 2501 persecutione
1059 2446 1110 2487 uec
1124 2430 1281 2502 fugiendum
1296 2446 1366 2497 esse,
1382 2446 1432 2487 nec
1448 2429 1665 2503 persecutionem
1680 2443 1819 2489 numerata

162 2516 277 2587 pecunia
291 2518 486 2592 redimendam,
500 2519 571 2576 inter
583 2527 678 2577 eaetere
692 2519 729 2576 ita
738 2520 874 2578 disserens
893 2521 1065 2578 :Sieonstct
1078 2536 1159 2594 aquo
1174 2523 1331 2594 persecutio
1346 2523 1469 2591 eueniat,
1484 2537 1632 2595 pessumus
1641 2522 1702 2593 jam
1711 2525 1820 2580 consut-

163 2608 304 2666 aaronem
314 2610 547 2693 tuemindceere,
562 2615 591 2668 et
605 2611 797 2669 determinare
811 2626 847 2667 ee
861 2611 910 2670 boc
922 2611 983 2683 ipse
996 2613 1178 2684 pertrectata
1193 2611 1405 2684 rependente
1417 2610 1613 2685 perseeutione
1627 2627 1686 2668 eon
1706 2627 1773 2669 esse.
1787 2614 1817 2670 St

162 2699 239 2755 enim
246 2702 405 2772 persecutio
415 2717 432 2756 e
441 2703 494 2758 lieo
504 2701 777 2768 mentemmentdm
787 2701 956 2773 sepiendum
965 2700 1022 2757 crit
1032 2701 1130 2774 quoda
1141 2701 1196 2758 lieo
1206 2702 1392 2760 evenissent
1402 2701 1591 2774 duplecretio
1601 2701 1737 2772 defendit,
1749 2705 1818 2774 quic

161 2803 252 2861 neque
261 2789 358 2847 debeat
368 2791 498 2860 devitari,
508 2807 596 2864 neque
611 2790 793 2864 euadipossit,
805 2790 902 2865 quoda
911 2793 964 2847 Deo
975 2792 1077 2848 evertit.
1088 2792 1147 2847 Non
1155 2791 1232 2848 debet
1242 2790 1374 2855 deuitare,
1384 2792 1451 2863 quic
1461 2790 1678 2858 bonasmeceaac
1687 2795 1730 2848 est
1739 2794 1817 2848 enim

157 2874 262 2936 bonum
274 2896 331 2938 esse
341 2896 423 2938 omne
432 2880 503 2952 qood
516 2883 569 2939 lleo
584 2881 677 2938 uisum
689 2884 742 2937 est.
754 2879 911 2945 -Caetera,
927 2895 988 2951 quae
1000 2878 1028 2935 in
1039 2895 1096 2936 suae
1106 2880 1247 2936 sententie
1257 2870 1573 2938 confirmationem'addit
1588 2880 1710 2951 pluribus
1725 2896 1815 2952 perse·

159 2966 205 3036 qui
220 2968 304 3040 piget;
320 2970 438 3041 quisque
451 2971 524 3026 euim
539 2969 762 3043 laeileintelligit,
779 2969 898 3026 insanire
906 2968 1008 3026 ibidem
1017 2969 1212 3026 Tertullianum
1226 2979 1279 3025 tani
1300 2970 1390 3042 inepta
1405 2967 1644 3042 argumentatione,
1660 2969 1702 3026 eni
1717 2969 1817 3028 Christi
1840 3006 1851 3027 .

157 3057 321 3129 exemplum,
338 3070 418 3130 atque
441 3060 618 3132 Evangellum
642 3073 695 3131 qino
719 3059 915 3131 persecutionis
928 3067 1051 3130 tempore
1064 3057 1129 3131 luga
1144 3059 1312 3132 praecipitur,
1325 3068 1352 3116 ct
1363 3067 1518 3116 sanctorum
1533 3057 1651 3117 virorum
1667 3059 1814 3115 auotoritas

156 3145 325 3218 apertissime
348 3147 533 3206 adversantur.
559 3148 646 3206 Lutra.

370 3416 742 3474 susceperamus.
973 3413 1050 3507 grai
1077 3413 1221 3486 inspectio,
1247 3422 1355 3473 anctore
1374 3415 1497 3488 οιιςιιίιο,Ι
1526 3414 1641 3485 planior.
1670 3415 1743 3473 Satis
1770 3428 1815 3475 est

190 3505 315 3574 Quaesisti
341 3505 472 3577 proxime,
506 3503 573 3559 Fabi
603 3503 686 3561 irater
711 3503 761 3573 (l),
804 3500 952 3576 ugrendum
1011 3503 1118 3575 quidem
1148 3503 1323 3576 praescribere
1351 3504 1430 3560 lnibil
1445 3503 1504 3562 lieri
1526 3504 1646 3561 sineDei
1661 3504 1809 3563 voluntate.

154 3609 240 3651 necne
254 3596 289 3653 sit
308 3597 338 3651 in
359 3594 557 3667 perseeutione,
574 3593 646 3666 qnod
661 3592 752 3648 nescio
767 3591 831 3665 qnid
845 3607 951 3647 annun·
1006 3592 1058 3648 Sed
1073 3608 1128 3649 uon
1144 3593 1232 3648 statim
1246 3595 1295 3649 bec
1315 3593 1449 3650 sententia
1463 3593 1568 3649 metaris
1588 3594 1781 3651 retractatibus
1795 3597 1808 3634 ⁵

155 3683 277 3742 tiaretur.
300 3685 404 3741 ibidem
428 3699 480 3758 ego
494 3683 638 3740 oblocutus
661 3681 762 3754 aliquid
776 3696 826 3753 pro
840 3681 900 3739 loeo
919 3698 952 3738 ae
1005 3680 1094 3738 locum
1115 3681 1249 3749 dabimus,
1276 3698 1309 3738 ne
1332 3699 1347 3737 a
1368 3681 1495 3752 prasenti
1512 3682 1626 3739 articulo
1650 3698 1805 3753 avocemur,

155 3781 286 3845 ternpore,
314 3781 342 3829 et
373 3773 550 3844 quarumdam
578 3786 754 3842 personarum
790 3770 950 3842 importuni·
1005 3769 1102 3843 siquis
1121 3772 1292 3844 responderit
1316 3772 1415 3843 :Ergo
1436 3772 1576 3828 etmalum
1598 3772 1697 3837 abeo,
1717 3773 1807 3828 etde·

153 3870 217 3929 tate,
241 3862 447 3919 semitractatam
471 3861 611 3919 materiam
632 3861 730 3917 abstuli
754 3877 868 3924 meeum,
895 3860 952 3934 ple·
1004 3859 1127 3916 lictuma
1150 3863 1222 3929 Dco;
1247 3859 1312 3915 nihil
1329 3861 1386 3931 jam
1405 3861 1433 3914 in
1457 3843 1575 3929 diabolo,
1592 3859 1658 3916 nibil
1682 3861 1763 3916 etiarn
1778 3862 1806 3918 in

153 3951 215 4008 nins
228 3967 287 4008 eam
311 3952 344 4008 de
358 3951 426 4024 stylo
441 3967 513 4009 nnnc
536 3950 747 4019 renuntiaturus,
763 3959 855 4023 utpote
869 3967 949 4022 quam
1004 3949 1084 4005 uobis
1107 3950 1183 4022 ipsis.
1208 3951 1246 4006 lle
1270 3949 1459 4020 perseeutione
1485 3965 1556 4006 nune
1572 3948 1711 4022 qnaeritur.
1727 3950 1806 4007 Circa

153 4040 241 4097 mibi¹
258 4049 285 4097 et
303 4050 349 4098 tua
371 4040 529 4100 consultatio
551 4039 762 4108 commendarat,
783 4047 809 4096 et
831 4040 950 4099 conditio
1004 4039 1072 4094 banc
1087 4039 1195 4096 interim
1218 4038 1332 4095 dixerim
1348 4038 1413 4094 nibil
1437 4037 1498 4095 lieri
1511 4039 1568 4095 sine
1580 4038 1631 4094 Dei
1647 4040 1803 4106 voluntate,

153 4139 302 4200 temporum
329 4144 379 4186 suo
405 4131 463 4199 jam
495 4127 604 4185 nomine
640 4127 804 4197 iniunxerat.
843 4127 949 4198 Quanto
1003 4116 1153 4198 respiciens
1176 4144 1235 4184 eam
1259 4128 1286 4182 in
1309 4126 1403 4198 primis
1427 4126 1537 4198 dignam
1556 4128 1613 4182 Deo
1634 4142 1705 4192 esse,
1722 4138 1759 4192 et,
1775 4134 1805 4181 ut

151 4217 224 4274 enim
257 4218 441 4291 sequentiorcs
473 4217 613 4274 imminent
637 4215 848 4287 persecutiones
876 4224 948 4272 tanto
1002 4214 1039 4271 ita
1067 4216 1189 4282 dixerim,
1220 4216 1408 4282 neeessariam,
1434 4216 1467 4272 ad
1490 4215 1673 4288 probationem
1702 4215 1804 4270 scilicet

152 4307 314 4365 examinatio
338 4306 505 4379 procuranda
527 4318 578 4374 est,
595 4306 733 4379 quomodo
755 4321 803 4362 eas
825 4305 948 4379 excipere
1002 4319 1141 4360 servorum
1166 4305 1233 4374 cius,
1254 4305 1311 4360 sive
1338 4304 1568 4376 reprobationem.
1593 4301 1661 4371 Quis
1675 4311 1717 4359 est
1730 4305 1802 4359 enim

152 4394 221 4452 fides
243 4397 348 4453 debeat.
369 4396 540 4453 Procuranda
560 4403 652 4451 autem
673 4395 835 4452 examinatio
865 4411 948 4468 penes
1001 4393 1089 4450 exitus
1110 4393 1318 4464 persecutionis,
1343 4393 1403 4466 quis
1427 4392 1540 4450 effectus
1564 4393 1643 4458 alins,
1665 4391 1716 4449 nisi
1732 4408 1798 4463 pro·

150 4500 209 4552 vos,
234 4485 306 4556 qui*
321 4486 344 4541 si
367 4484 449 4553 forte,
469 4485 635 4541 Paracletum
658 4499 713 4541 non
737 4475 891 4556 recipiendo
905 4483 950 4541 de·
1001 4483 1072 4541 balio
1087 4491 1114 4539 et
1137 4482 1290 4553 reprobatio
1312 4482 1384 4549 fidei,
1408 4499 1459 4555 qna
1484 4498 1548 4539 suos
1563 4482 1653 4555 ntique
1669 4480 1802 4537 Dominus

150 4573 289 4631 ductorem
313 4573 401 4630 omnis
421 4575 553 4641 veritatis,
570 4573 665 4631 merito
686 4574 774 4630 adbuc
796 4573 947 4630 etiamaliis
1001 4570 1179 4631 examinavit?
1203 4572 1261 4629 lloc
1290 4586 1370 4629 omne
1392 4573 1404 4610 θ
1427 4570 1560 4642 judicium
1581 4581 1623 4626 est
1645 4570 1800 4640 persecutio

149 4663 345 4736 questionibus
377 4663 486 4721 obnoxii
524 4663 597 4722 estis.
637 4663 722 4737 lgitur
755 4661 947 4719 consultationi
1000 4678 1050 4735 per
1064 4676 1144 4735 quarn
1159 4663 1220 4733 quis
1243 4668 1289 4716 aut
1303 4663 1430 4733 probatus
1453 4668 1500 4717 ant
1514 4662 1672 4732 reprobatus
1693 4659 1800 4730 judica·

150 4762 204 4810 tue
232 4752 355 4809 ordinem
382 4767 490 4826 quoque
529 4751 676 4820 induimus,
704 4752 945 4810 animadvertentes
962 4714 984 4793 Β
999 4762 1051 4810 tur.
1074 4753 1155 4808 Porro
1178 4750 1310 4820 iudicium
1336 4749 1387 4806 soli
1409 4751 1467 4807 Deo
1495 4749 1635 4824 competit.
1662 4749 1724 4804 llaec
1739 4751 1799 4820 puta

149 4848 210 4907 ante
232 4841 405 4899 determinari
428 4851 553 4914 oportere
576 4844 611 4898 de
634 4850 705 4897 statu
719 4841 803 4913 ipsius
819 4857 945 4913 persecu·
998 4841 1096 4913 illati)
1113 4855 1174 4911 qum
1197 4847 1224 4895 et
1238 4854 1310 4894 nnnc
1324 4837 1494 4895 Dominicam
1520 4854 1610 4895 arearn
1627 4847 1732 4912 purgat,
1749 4840 1801 4894 Ee·

149 4928 239 4997 tionis,
263 4937 352 4986 utrum
377 4932 463 4988 eDeo
487 4930 613 4988 obteniat
636 4930 658 5003 ³,
672 4946 707 4986 an
721 4947 737 4986 a
752 4930 870 5004 diabolo,
889 4947 944 5004 quo
998 4929 1107 4987 clesiam
1131 4926 1242 4992 seilicet,
1264 4925 1405 4983 conbrsum
1426 4940 1553 4984 aceruum
1569 4925 1690 4982 lidelium
1711 4941 1798 4981 even-

149 5015 254 5075 lacilius
272 5019 304 5075 de
328 5018 403 5077 obitu
423 5021 481 5090 ejns
500 5028 625 5077 constare
649 5018 743 5090 possit.
764 5019 859 5076 Omnis
872 5019 944 5075 enim
998 5019 1089 5085 titana,
1106 5017 1271 5073 lrurnentum
1285 5017 1456 5088 martyruml
1471 5025 1500 5073 et
1513 5017 1606 5088 paleas
1622 5024 1795 5088 negatorum.

847 5118 943 5181 Varie
962 5122 1117 5183 lectiones.

183 5199 193 5237 ¹
208 5197 294 5268 Quam
310 5197 336 5252 ei
347 5200 430 5256 Semi.
450 5201 558 5258 Odertb.
573 5216 652 5270 quarn
669 5198 734 5253 mibi
744 5206 771 5253 ct
782 5198 890 5264 thee.,·
906 5213 986 5269 quarn
998 5206 1025 5254 et
1039 5200 1104 5255 dne.
1121 5195 1133 5235 ²
1147 5194 1200 5266 Qui
1213 5196 1289 5254 deest
1304 5197 1389 5254 Semi.
1405 5197 1516 5256 oeett.
1528 5196 1540 5234 ³
1554 5194 1671 5251 Obvenit
1683 5193 1795 5249 deuel*

147 5269 315 5327 Perseribere
329 5270 414 5326 Semi.
433 5272 543 5328 Obertb.
560 5268 798 5327 ⁵lletraetavimns
817 5270 902 5326 Semi.
920 5270 1029 5328 Obertb.
1043 5268 1285 5327 Retractaverimns
1309 5271 1395 5325 Fran.
1414 5268 1426 5306 ⁶
1446 5267 1553 5324 Domini
1572 5267 1657 5323 Semi.
1679 5263 1793 5323 onereb.

147 5342 226 5415 Leop.
247 5341 352 5396 Nomen
368 5341 456 5399 libert.
472 5343 484 5382 l
498 5343 631 5398 llaturnm
644 5339 733 5398 llben.

826 5410 1075 5477 Commentarius.

181 5520 221 5591 (1)
236 5521 304 5602 Fabi
320 5523 423 5592 freter.
449 5519 589 5602 dotnrnuni
604 5518 940 5602 Christianorumnonrine
991 5522 1089 5602 palam
1117 5519 1327 5575 instrumentum
1350 5518 1478 5600 rusticum
1503 5537 1510 5574 :
1536 5516 1631 5600 alludit
1650 5513 1723 5598 enim
1747 5514 1793 5597 ¹ad

147 5590 255 5648 fratrem
269 5595 312 5648 bro
326 5590 484 5663 vocatouts
496 5600 585 5648 antem
599 5590 688 5657 luerit,
705 5599 849 5647 incertum.
992 5590 1058 5648 illud
1073 5590 1171 5648 natet.
1199 5606 1241 5657 ιιι,
1254 5592 1332 5660 juxta
1351 5590 1467 5644 similem
1491 5589 1521 5645 ll.
1537 5591 1667 5662 Cypriam
1679 5601 1790 5643 versuo-

695 5662 734 5720 Lu
749 5663 797 5719 Pa.
995 5678 1071 5732 nem3
1098 5662 1160 5734 qnia
1183 5664 1277 5719 ueniet
1296 5658 1420 5716 domiuus
1444 5659 1537 5717 larena
1557 5661 1646 5732 palam
1660 5659 1689 5715 in
1708 5673 1792 5713 manu

181 5732 219 5805 lt)
242 5735 304 5793 llaec
321 5735 387 5807 pata
407 5735 469 5792 ille.
486 5734 569 5793 lieete
590 5735 734 5793 llbenanus
752 5736 941 5808 interpretatur
994 5750 1054 5806 sua,
1068 5742 1097 5792 et
1110 5733 1251 5791 mundabit
1268 5746 1359 5790 aream
1378 5746 1464 5789 suam.
1482 5732 1553 5789 Pau.
