3840 6134
160 477 197 535 ct
719 469 943 538 mutabilem
957 470 1093 537 mett
1111 471 1198 537 PARS
1214 471 1251 535 tt.
1776 485 1815 547 48

158 600 261 676 pretias
274 597 348 676 agit:
367 612 428 672 que
450 601 542 653 tamen
560 593 643 654 bodie
663 610 726 655 cum
753 596 809 656 illis
834 600 967 674 correptis
979 626 1004 708 Α
1018 613 1165 674 perperam
1185 596 1280 668 tincta
1303 605 1342 656 ιοι
1366 613 1450 670 opera
1471 601 1535 659 lidei
1558 602 1707 677 'perperam
1730 608 1816 667 admi·

158 692 242 750 auius
254 685 432 747 iustitutionis
443 683 505 755 iura
518 684 643 741 miscent.
1019 689 1131 745 nistrata
1144 687 1211 760 (lt),
1227 694 1266 745 tot
1287 687 1413 761 virtutes,
1435 699 1476 748 tot
1497 693 1659 751 charismata
1673 696 1697 735 ⁸¹
1719 713 1815 771 perpe

434 772 547 831 CAPUT
561 774 688 832 XXIIII.
1015 793 1073 833 ram
1095 784 1217 849 operata,
1234 785 1275 833 tot
1297 777 1457 846 sacerdotia,
1472 787 1511 836 tot
1534 781 1685 840 mitittetia
1708 785 1734 824 ⁸²
1752 803 1815 858 per·

161 867 239 942 Quod
253 867 349 924 cutem
363 861 440 936 apud
452 863 962 938 multeteeemirteertiturmeeeeu·
1015 880 1107 937 peram
1137 865 1239 930 iuncta.
1264 871 1303 922 tot
1340 864 1457 941 denique
1490 873 1618 943 martyria
1646 873 1674 929 iu
1701 891 1814 933 vacuum

332 953 390 1008 aeri
407 957 547 1021 erratum,
569 952 617 1011 ted
631 955 781 1013 traditam.
1013 962 1140 1012 coronata
1153 954 1188 1012 ⁸⁸.
1204 954 1260 1010 Aut
1273 953 1297 1010 si
1312 970 1360 1011 nec
1373 972 1526 1028 perperam,
1538 975 1589 1016 uec
1602 961 1630 1015 iu
1646 974 1762 1020 vacuum
1776 965 1811 1035 ⁸⁵,

189 1042 252 1115 Age
274 1054 358 1108 nuuc,
374 1053 469 1096 omnes
492 1040 658 1113 erraveriut3
674 1042 803 1116 deceptus
825 1042 861 1099 sit
879 1045 958 1118 Apo·
1013 1043 1093 1117 quale
1107 1051 1148 1100 est
1166 1048 1273 1100 utente
1296 1059 1341 1099 res
1361 1044 1411 1101 Dei
1433 1049 1615 1117 currereut⁸⁸,
1630 1067 1709 1123 quern
1735 1055 1813 1124 euius

152 1130 239 1188 stolus
262 1129 297 1185 de
314 1127 467 1186 tmimouio
490 1127 629 1187 reddendo
652 1131 815 1204 quibusdam
837 1131 882 1202 (ις
896 1134 959 1191 nul·
1012 1132 1062 1188 Dei
1084 1141 1178 1190 uotum
1202 1140 1288 1203 esset,
1312 1142 1373 1189 aute
1399 1133 1554 1206 Christiani,
1579 1152 1659 1210 quam
1687 1142 1813 1199 christus

123 1218 206 1275 ,Iam
215 1215 368 1289 respexerit
386 1215 502 1289 Spiritus
525 1226 645 1286 sununs,
663 1227 771 1277 aleam
793 1222 826 1278 itt
848 1225 958 1279 ecrite-
1012 1219 1146 1292 iuventus,
1182 1230 1244 1276 aute
1279 1221 1401 1288 heresis,
1440 1239 1521 1294 quatu
1564 1241 1627 1281 rera
1670 1229 1811 1285 doctrina?

153 1313 213 1368 tem
241 1307 595 1377 memoratorium,
619 1309 733 1381 26),ed
757 1313 809 1368 boc
830 1311 959 1369 missusa
1012 1309 1138 1365 Sedenim
1176 1307 1204 1364 iu
1240 1309 1367 1366 omuibus
1408 1311 1508 1367 raritas
1549 1312 1694 1386 lmagiuem
1736 1328 1811 1375 aute·

151 1395 272 1465 Christo,
287 1395 323 1453 ed
338 1396 390 1452 boc
405 1396 558 1467 postulatus
575 1399 610 1454 de
633 1398 722 1466 Patre,
735 1408 764 1454 at
777 1407 850 1455 esset
863 1400 959 1458 doctor
1011 1398 1098 1468 cedit;
1136 1403 1198 1467 post
1236 1413 1293 1452 rem
1329 1397 1478 1454 similitudo
1516 1403 1647 1459 succmit.
1676 1404 1810 1462 Caeterum

150 1487 283 1544 accimus
302 1483 397 1556 (leae.
422 1494 474 1551 xv,
490 1485 557 1556 26);
586 1486 738 1561 neglexerit
762 1486 884 1543 cilicium
908 1487 957 1545 Dei
1011 1486 1076 1542 satis
1089 1485 1209 1558 ineptum
1223 1486 1259 1556 ⁸⁸,
1273 1493 1304 1543 ut
1312 1485 1388 1556 prior
1396 1485 1425 1542 iu
1434 1489 1559 1544 doctriua
1582 1491 1695 1549 haeresis
1710 1494 1810 1551 babea-

149 1573 277 1645 rillictts,
306 1570 405 1629 ebriati
434 1571 570 1643 vicarius,
599 1573 693 1630 sinens
719 1574 855 1632 Ecclesiae
879 1575 959 1632 aliter
1011 1582 1067 1642 tur;
1084 1573 1129 1631 vel
1155 1575 1286 1648 quoniam
1314 1574 1373 1644 ipsa
1399 1583 1439 1632 est
1465 1592 1528 1650 quae
1559 1576 1664 1636 iuturus
1691 1583 1809 1641 hareses

149 1661 261 1722 iuterim
289 1660 453 1734 intelligere,
476 1660 556 1717 aliter
583 1663 704 1729 credere,
737 1678 818 1734 quam
834 1663 871 1725 ,⁷⁸
898 1663 957 1735 ipse
1010 1670 1038 1718 et
1055 1663 1187 1720 cavendas
1210 1663 1519 1736 praenotavimus).
1535 1666 1577 1722 Ad
1597 1669 1658 1737 ejus
1680 1670 1809 1728 doctrinae

148 1767 200 1826 per
227 1749 365 1823 apostolos
387 1748 573 1820 praedicabat:
602 1749 700 1822 ecquid
725 1751 875 1809 verisimile
904 1761 955 1821 est,
1009 1751 1157 1808 Ecclesiam
1193 1752 1324 1825 scriptum
1361 1760 1419 1825 est,
1448 1753 1503 1811 lma
1532 1755 1591 1827 ipsa
1627 1758 1747 1816 doctriua
1774 1761 1809 1817 ad

147 1829 180 1897 ut
206 1845 247 1897 tot
265 1853 296 1895 tc
320 1842 401 1894 tautae
420 1836 448 1892 in
471 1852 551 1893 uuam
570 1835 652 1893 iidem
675 1839 848 1897 erraverint?
860 1840 957 1898 Nullus
1008 1840 1154 1897 Ecclesiam
1183 1856 1259 1896 suant
1271 1840 1298 1879 ⁸⁹
1316 1841 1411 1898 scribit
1434 1858 1442 1898 ι
1465 1844 1527 1899 Etsi
1549 1847 1665 1919 capetus
1684 1847 1718 1905 de
1740 1851 1807 1908 celo

149 1929 222 1985 iuter
234 1926 337 1985 multos
351 1933 464 1984 eventus
483 1940 554 1980 uuus
567 1932 609 1982 est
623 1925 682 1998 (lb)
701 1927 791 1984 exitus
811 1941 821 1984 t
835 1927 955 1986 variasse
1009 1932 1096 1987 aliter
1106 1932 1342 2003 eoaapeliaeeerit
1356 1933 1432 1988 citro
1445 1948 1531 2004 quom
1540 1937 1758 2004 macenariam
1768 1943 1808 1997 eit

149 2018 280 2074 debuerat
302 2028 380 2071 error
393 2011 419 2051 'll
441 2011 572 2070 doctrice
593 2013 785 2072 Ecclesiarum.
809 2017 952 2084 carerem,
969 2015 992 2094 fl
1009 2019 1116 2090 (Galat.
1132 2034 1153 2090 t,
1169 2019 1208 2089 8).

147 2104 222 2179 quod
245 2101 318 2175 apud
337 2102 439 2158 multos
461 2117 545 2157 uuum
567 2102 713 2175 invenitur,
739 2118 794 2160 ucu
818 2112 859 2160 est
874 2120 953 2162 erra·
1289 2091 1401 2147 CAPUT
1414 2091 1511 2148 XXX·

146 2202 215 2267 tum,
240 2193 288 2250 sed
312 2189 441 2247 traditum
465 2189 499 2248 ⁷⁸.
523 2189 632 2247 Audeat
652 2206 719 2268 ergo
741 2191 840 2266 aliquis
861 2193 953 2250 dicere
1005 2161 1805 2306 'affigam{zgglss'gssfflffifflffissssffi

145 2283 209 2341 ffl⁰³
226 2296 332 2341 ⁸lr⁸³⁸⁸
346 2280 393 2354 qui
409 2279 600 2337 ²l⁸⁸id⁸⁸¹¹¹¹l7
1043 2307 1208 2376 episcopatu
1218 2302 1375 2361 Eleatberit'
1381 2305 1543 2373 credidisse
1552 2307 1639 2364 denec
1649 2309 1680 2364 ob
1688 2311 1801 2384 iuquie-

397 2377 447 2436 n
467 2376 582 2435 CAPUT
597 2378 702 2435 XXIX.
931 2438 936 2449 ι
1041 2381 1101 2432 lom
1111 2377 1308 2432 curiositatem
1323 2372 1379 2431 A?
1388 2376 1475 2433 semel
1489 2379 1731 2451 etiterumejeeli,
1746 2399 1801 2438 ee-

144 2470 267 2526 lloereaer
290 2468 387 2540 petias
410 2484 530 2534 emesae,
553 2484 614 2540 quae
637 2484 704 2525 uera
725 2468 856 2527 doctrice
881 2474 950 2529 seat
1039 2448 1161 2574 ⁸⁸⁸⁸imd⁸o
1180 2447 1401 2574 gudwalum
1432 2447 1583 2573 diffidam}
1598 2450 1732 2578 Υθῑθιίῖΐῑλ
1753 2470 1802 2511 ⁸0·

458 2558 639 2631 ιιι
798 2647 804 2658 ,
885 2647 891 2660 ,
1037 2534 1114 2646 ιι
1126 2533 1460 2661 ..amatam
1471 2528 1802 2651 cataractam

178 2645 295 2720 Qu⁰ll⁸¹⁰
322 2643 404 2703 ⁸¹⁰d⁰
432 2654 469 2701 ⁸¹¹
486 2654 604 2703 milium
633 2646 702 2719 (¹7),
731 2647 824 2704 ΜΨ
852 2652 949 2721 ¹¹²¹I¹¹⁸
1038 2662 1073 2718 lia
1088 2676 1173 2717 novet
1187 2675 1216 2717 ae
1230 2660 1436 2740 apostolesease
1448 2662 1566 2733 prebere
1580 2669 1736 2736 aeptaeuet.

141 2732 307 2809 rapuerit⁸⁸
334 2749 421 2802 error,
440 2733 561 2807 quaudiu
588 2735 707 2791 hereses
735 2750 791 2794 ucu
819 2747 896 2792 eraut
911 2737 948 2795 ⁸⁰.
1037 2732 1090 2790 Ubi
1119 2739 1185 2788 tuuc
1211 2732 1341 2799 Iteratae,
1371 2731 1497 2800 ponticus
1524 2734 1683 2806 nauclerus,
1709 2736 1801 2793 stuicoe

139 2823 257 2897 Aliquos
270 2822 445 2882 Marcionitas
464 2832 493 2881 et
516 2822 720 2880 Valentinianos
741 2825 881 2882 liberanda
899 2841 948 2883 re·
1000 2818 1163 2876 studiosus?
1176 2818 1229 2876 Ubi
1246 2818 1412 2887 Valentinus,
1424 2819 1798 2892 platonicaesectatoriNam

141 2913 209 2971 ritas
237 2913 428 2986 exspectabam
451 2912 554 2970 interea
572 2928 712 2984 perperam
739 2913 946 2986 evangelizaba·
1001 2915 1104 2965 cenant
1126 2908 1207 2977 illus,
1233 2923 1323 2978 neque
1351 2907 1419 2965 adeo
1447 2908 1511 2964 olim
1541 2908 1645 2982 luisse,
1668 2911 1800 2967 Antonini

140 3008 195 3075 tur,
224 3018 367 3075 perperam
393 3001 555 3059 credebatur
581 3001 623 3070 ⁸¹,
652 3010 690 3059 tot
721 3001 805 3059 milia
832 3002 946 3059 millium
1000 2997 1056 3054 lete
1083 2996 1237 3069 principatu
1268 2995 1338 3067 (2⁰),
1369 3005 1397 3052 et
1428 2997 1456 3053 iu
1483 2997 1622 3055 catholicae
1659 2999 1747 3071 primo
1774 3000 1800 3039 ⁸⁰

826 3099 923 3162 Varie
946 3099 1107 3160 lectiones.

171 3203 198 3244 ⁸⁵
210 3202 379 3272 Quibusdam
392 3203 448 3262 del.
465 3206 526 3277 Rip.
548 3205 639 3264 Vener.
654 3203 680 3243 ιι
693 3200 774 3273 Quod
794 3205 887 3261 Veeet.
899 3205 967 3261 lert.
981 3201 1007 3241 Π
1021 3199 1150 3258 Ordinem
1165 3200 1252 3258 lilaea.
1264 3201 1332 3257 lert.
1344 3201 1429 3258 scml.
1445 3201 1471 3240 7⁸
1486 3201 1539 3258 Sed
1554 3203 1681 3260 traditum
1696 3222 1795 3278 auppr.

138 3275 225 3334 aem.
244 3277 328 3334 Soml.
345 3274 370 3315 l⁹
383 3274 490 3333 Erravit
506 3277 571 3332 lert.
590 3276 675 3330 Semi.
691 3276 717 3313 ⁸⁰
729 3277 830 3330 Errant
844 3276 956 3331 leuius.
972 3273 997 3312 ⁸¹
1011 3274 1155 3354 Perpetem
1178 3270 1354 3342 credebatur,
1368 3275 1471 3354 aeplip.
1489 3275 1574 3330 Semi.
1590 3275 1615 3313 ⁸²
1633 3275 1795 3345 llinistrata,

139 3347 248 3406 Semler
261 3363 339 3404 aaut
352 3352 455 3401 eontra
470 3360 576 3403 omues.
591 3344 617 3383 ⁸⁸
631 3344 770 3414 llysteria,
786 3347 861 3428 etp..
875 3359 914 3400 ac
928 3343 975 3400 lib.
992 3342 1136 3414 Apobarda.
1152 3343 1178 3378 ⁸⁸
1192 3342 1339 3413 Perperam
1351 3349 1384 3423 ‘et
1404 3360 1432 3397 tn
1448 3358 1563 3399 vacuum
1579 3345 1690 3416 (omisso
1712 3363 1794 3402 curo·

137 3420 222 3485 uetat,
238 3417 354 3474 semler.
373 3430 518 3488 perperam
542 3421 675 3473 coronate
695 3417 775 3471 Pom.
793 3416 852 3487 Rip.
869 3415 895 3452 ⁸⁵
909 3418 962 3470 Aut
985 3413 1013 3494 si·
1032 3428 1082 3468 nee
1104 3427 1259 3494 perperam,
1274 3427 1331 3495 uec·
1349 3429 1377 3468 ra
1400 3428 1527 3494 vacuum,
1542 3418 1620 3472 omis.
1639 3418 1723 3474 Semi.
1741 3433 1794 3472 uon

136 3487 517 3614 aa...
538 3483 966 3629 ιιιιιι
979 3553 1271 3625 1...
1286 3498 1367 3613 ιι
1380 3483 1504 3540 ιιι
1524 3487 1649 3545 ιι

253 3574 272 3614 u
483 3595 490 3610 ί
725 3595 732 3610 0
801 3593 809 3611 0
916 3596 923 3611 ι
1364 3592 1372 3607 0

847 3651 1101 3719 Commentarius.

137 3777 201 3818 uem
223 3757 499 3825 reeta‘eommendat
526 3759 672 3831 Apostolus
694 3759 844 3832 Romanos,
856 3762 948 3833 Ephe·
963 3788 986 3866 c
1000 3769 1130 3817 verentur
1142 3758 1235 3816 dicere
1267 3759 1304 3817 si
1326 3758 1433 3834 aliquos
1456 3760 1626 3820 Lutberauos
1639 3771 1684 3819 aut
1706 3747 1795 3822 Calvi·

137 3833 203 3899 sios,
231 3830 432 3902 Philippenses,
457 3847 568 3887 auarum
588 3830 770 3903 Epistolerum
794 3832 883 3892 initio.
907 3833 947 3890 be
1000 3832 1085 3887 uictas
1099 3839 1145 3887 attt
1157 3831 1347 3901 anabaptistae
1363 3833 1510 3892 liberando
1524 3837 1628 3893 veritam
1646 3842 1793 3908 exspecta·

138 3900 252 3961 scientia
265 3917 331 3960 reru
345 3902 517 3975 peculiariter
537 3902 687 3973 Romanos,
704 3901 738 3958 ad
752 3919 823 3976 quos
834 3905 871 3960 ait
882 3921 943 3978 cap.
997 3903 1054 3974 bat,
1068 3911 1122 3958 etc.
1140 3903 1210 3958 Patr.

138 3989 194 4031 xv:
212 3975 352 4044 damiam
370 3977 399 4030 et
414 3975 470 4047 ipsi
481 3975 564 4047 picei
579 3976 645 4033 aare
664 3974 826 4042 dilectione,
842 3978 946 4050 repleti
1036 3973 1093 4046 (¹8)
1116 3976 1163 4032 Tot
1185 3975 1318 4042 virtuter,
1329 3978 1371 4031 tet
1393 3973 1578 4032 cbarisemtu.
1592 3975 1668 4031 Nulla
1691 3976 1735 4031 bic
1760 3977 1795 4033 de

139 4046 220 4104 omar·
233 4045 436 4103 cranemere.
997 4044 1100 4102 virtute
1126 4054 1172 4099 aut
1199 4044 1331 4100 charitate
1358 4045 1479 4113 mentio,
1509 4047 1559 4101 sed
1586 4046 1620 4099 de
1656 4053 1793 4116 potestate

174 4115 236 4187 (le)
251 4117 354 4173 Nullus
368 4116 445 4173 ieter
459 4115 564 4173 multoe
578 4121 695 4174 eventus
708 4116 945 4175 ermerbertus
997 4115 1096 4174 edendi
1119 4115 1254 4178 miracula,
1271 4121 1298 4171 et
1320 4114 1436 4185 Spiritus
1458 4115 1542 4172 saucti
1565 4115 1653 4172 donis.
1668 4115 1792 4174 Auster.

140 4185 397 4258 multcsdIspersus
417 4201 472 4243 uon
494 4201 549 4242 uuo
567 4189 717 4260 eodemque
740 4189 822 4245 modo
836 4189 870 4245 ab
885 4203 944 4245 om·
998 4188 1106 4244 -Ilaee
1119 4188 1153 4242 ab
1176 4185 1254 4241 initio
1276 4200 1362 4255 usque
1384 4186 1418 4239 ad
1440 4184 1574 4242 Valentini
1597 4187 1792 4257 biarcicnisque

140 4256 222 4314 uibus
236 4256 379 4329 excipitur.
392 4256 455 4314 llte.
470 4286 505 4298 -
518 4259 622 4316 Nullus
639 4261 717 4316 iuter
738 4261 844 4318 multoc
858 4276 943 4318 evee·
998 4267 1129 4329 tempora,
1146 4263 1174 4311 et
1192 4255 1239 4311 diu
1262 4265 1326 4327 post
1348 4254 1394 4310 illa
1416 4256 1444 4312 in
1468 4258 1587 4315 Ecclesia
1609 4260 1791 4329 permansisse

142 4331 190 4384 ies
208 4344 304 4386 enas:
319 4331 415 4385 aciem
424 4330 548 4388 comuste
560 4329 693 4389 debueret
702 4331 830 4390 ordinem
839 4332 944 4388 doctri·
996 4337 1101 4387 veteres
1115 4325 1297 4383 crediderunt.
1310 4327 1421 4385 licuru.

142 4416 189 4455 rte
211 4400 469 4456 &iteraremus
489 4401 779 4458 sebabeutcditiones
797 4402 942 4474 principes,
1031 4400 1087 4471 (ts)
1102 4400 1226 4455 Priario
1239 4397 1381 4457 doctriua.
1394 4399 1440 4455 Sic
1454 4400 1535 4472 vulgo
1549 4400 1684 4457 scribitur.
1701 4400 1789 4457 Omit-

141 4469 199 4524 site
228 4470 429 4527 Iibeuauitute.
455 4469 500 4528 Sic
525 4486 587 4528 vero
615 4471 681 4527 edit.
711 4474 814 4533 Paris..
834 4473 940 4544 prima:
997 4469 1242 4542 tebatperticulam
1265 4472 1298 4528 ie
1323 4469 1475 4527 Wouwerii
1497 4471 1593 4526 codex.
1611 4471 1725 4543 Reponit
1743 4472 1790 4527 lu·

144 4556 157 4592 t
173 4539 271 4596 Nullus
286 4539 355 4598 iuter
383 4540 483 4596 multos
505 4552 617 4599 eventus
646 4550 698 4612 est,
723 4560 793 4599 uuus
810 4553 860 4604 est.
875 4543 942 4599 Eri·
997 4541 1059 4598 nius
1071 4544 1152 4615 prior
1166 4541 1237 4598 illius
1249 4540 1359 4613 (nempe
1373 4540 1502 4608 veritatis)
1515 4542 1655 4607 doctrina,
1677 4542 1788 4598 restitu-

141 4615 185 4666 tus
207 4611 325 4667 retussa
353 4612 482 4669 debueret
504 4613 628 4670 ordinem
651 4615 761 4686 (error,
783 4629 849 4670 var.
877 4612 942 4671 lect.
996 4611 1080 4683 tiuuc,
1095 4620 1126 4669 ut
1147 4611 1194 4681 ait,
1218 4611 1358 4667 manifesta
1383 4619 1410 4665 et
1432 4612 1595 4670 necessaria.
1625 4613 1714 4668 ldelim
1738 4627 1790 4686 ego

142 4682 175 4735 ad
199 4683 284 4752 oraml
310 4681 441 4739 doctriua
468 4683 661 4741 Ecclesiamm.
680 4706 692 4736 ι
708 4685 838 4740 Praestaut
864 4684 940 4741 editt.
995 4685 1049 4740 t'iia
1062 4700 1112 4755 pro
1126 4687 1158 4741 ie
1171 4682 1330 4738 rescribere.
1350 4680 1458 4737 Itourtt.

141 4751 226 4810 Paris.
253 4755 371 4811 emunda
395 4764 422 4811 et
448 4753 563 4813 Eranek.
579 4773 615 4812 :a
637 4756 732 4813 Nullus
752 4755 822 4811 iuter
842 4755 942 4813 multos
1029 4753 1407 4881 (idilrleteaiaifereprieci
1426 4752 1622 4834 otu.llidelicet
1636 4754 1787 4826 utriusque.

141 4831 256 4881 eventus
277 4834 319 4881 est
341 4840 412 4881 uuus
435 4826 534 4884 exitus.
559 4825 685 4883 variasse
707 4827 836 4882 debueret
865 4843 942 4884 error
994 4826 1063 4882 Nam
1101 4824 1236 4882 ulandans
1259 4830 1378 4894 tempore
1418 4825 1523 4879 utcurni
1536 4825 1576 4880 Pii
1598 4825 1696 4882 vtxissc
1719 4825 1788 4898 legi-

139 4892 269 4951 doctrinee
294 4895 494 4953 Ecclesiarum.
520 4917 533 4948 s
558 4898 623 4954 Haec
644 4897 754 4969 quidem
783 4904 942 4955 revocarunt
995 4905 1050 4965 tur,
1074 4903 1103 4951 ct
1124 4896 1213 4949 Cerdo
1237 4893 1368 4977 magister
1395 4894 1559 4952 Marcionis:
1581 4895 1698 4952 Marcion
1721 4912 1787 4954 veru

139 4963 232 5044 Lupus
255 4973 284 5022 et
309 4965 478 5035 Thomaeius‚
507 4969 556 5024 sed
583 4969 688 5026 tucuuit
718 4969 867 5036 Semlerus,
887 4970 940 5024 lu·
993 4963 1125 5022 Antonini
1147 4965 1297 5038 Philcscpt,
1343 4963 1371 5020 ui
1395 4967 1525 5024 successit
1547 4967 1605 5023 Pio.
1629 4966 1789 5024 Valentinus

140 5050 215 5116 ntum
244 5051 298 5093 uon
326 5038 396 5094 male
425 5038 552 5112 praeferre
575 5040 716 5099 lectionem
735 5041 869 5111 llbeuani,
890 5055 939 5096 sea
1012 5037 1103 5094 uidem
1116 5045 1144 5092 et
1157 5037 1245 5093 Cerdo
1266 5035 1318 5091 sub
1357 5036 1440 5109 ygiuo
1464 5046 1492 5092 et
1514 5038 1626 5094 Aniceto
1639 5038 1787 5110 episcopis,

139 5105 267 5162 editionis
284 5106 424 5178 principis.
448 5109 581 5182 Rigaltius
603 5127 666 5170 tero
689 5113 740 5169 boc
757 5113 838 5168 modo
859 5112 941 5170 varin
1020 5107 1191 5165 arcicuvcro
1207 5107 1258 5164 sub
1281 5107 1403 5177 Aniceto,
1420 5109 1515 5165 Sotcre
1537 5112 1565 5165 et
1586 5108 1741 5178 Eleuthero,
1757 5119 1789 5166 ut

138 5176 291 5257 ordinavit:
310 5198 323 5231 a
343 5179 438 5236 Nullus
452 5181 522 5237 inter
543 5184 640 5239 multos
661 5191 772 5240 ereptus
794 5196 865 5237 uuus
886 5190 935 5242 est.
952 5168 977 5250 fi
991 5189 1144 5236 constater
1158 5179 1259 5234 Irenaeo
1273 5178 1321 5235 lib.
1339 5195 1379 5250 ut,
1395 5180 1530 5237 adversus
1544 5179 1673 5249 hereses,
1689 5188 1716 5234 et
1726 5182 1787 5236 Ett-

135 5245 233 5303 Eattus
254 5250 370 5306 variasse
397 5252 527 5308 debueret
549 5269 626 5310 error
645 5252 776 5308 doctrinae
798 5252 936 5310 Ecclesia·
989 5250 1065 5308 sebio
1078 5251 1125 5306 lib.
1135 5267 1174 5308 tv.
1190 5251 1261 5305 ilict.
1277 5250 1381 5307 Euclea.
1417 5266 1459 5306 ua
1473 5260 1594 5322 tempora
1605 5251 1788 5309 Tertullianus

136 5331 238 5378 rum.»
260 5319 385 5395 Legerim
407 5338 468 5392 epo,
487 5342 500 5375 ιι
523 5324 620 5380 Nullus
642 5322 712 5378 iuter
731 5323 830 5380 multos
852 5338 935 5380 eten-
990 5321 1049 5393 ipse
1064 5321 1157 5392 procul
1171 5320 1253 5376 dubio
1271 5321 1384 5378 viderat.
1397 5268 1601 5376 Eaeteramlibri
1620 5338 1714 5378 omues
1729 5323 1788 5377 sine

136 5395 179 5444 tua
202 5407 273 5448 unns
296 5394 393 5451 exitus.
424 5395 550 5452 Variutee
571 5394 720 5450 debuerant
741 5394 836 5450 ordine
855 5395 893 5463 lb.
908 5411 933 5452 e.
989 5402 1063 5450 trans
1083 5393 1201 5449 ositione
1223 5408 1278 5448 uuo
1301 5408 1435 5450 consensu
1458 5391 1561 5464 legunt,
1582 5393 1680 5464 »apud
1693 5393 1788 5448 Eccle-

133 5460 184 5516 elie
199 5478 231 5517 ex
243 5465 306 5536 elis)
323 5464 454 5521 doctrinae
468 5463 658 5521 Ecclesiamm.
675 5484 688 5517 a
705 5463 776 5522 Olim
793 5467 932 5525 callible-
987 5464 1056 5519 siam
1066 5411 1267 5522 Eumaueuseru
1282 5463 1333 5520 sub
1357 5463 1516 5534 episcopatu
1538 5463 1677 5522 Eleutheri
1700 5466 1786 5520 bene-

131 5536 248 5601 peudum
264 5535 353 5592 minus
367 5544 440 5591 recte
454 5534 594 5607 proposui.
609 5536 720 5594 Rouru.
984 5535 1049 5592 dicti
1073 5535 1159 5592 donec
1179 5536 1215 5594 ob
1238 5534 1385 5608 inquietam
1413 5549 1520 5606 semper
1547 5550 1641 5591 eorum
1671 5535 1787 5592 curiosi-

143 5603 224 5684 (Π)
239 5605 641 5680 Qaeqacmederiterretum.
655 5606 766 5664 Possum
779 5617 933 5681 autemop·
984 5615 1077 5676 tatem,
1101 5619 1175 5678 etc,
1204 5620 1328 5679 »neque
1348 5602 1457 5661 videtur
1479 5605 1654 5679 transpositio
1686 5622 1785 5664 ueces-

130 5678 196 5730 ttma
226 5678 331 5735 radone
357 5675 476 5758 idipsum
506 5676 593 5734 nostri
623 5679 752 5751 temporis
778 5680 932 5738 eructabis
955 5736 959 5743 ,
983 5677 1066 5734 saria
1080 5677 1151 5736 llam
1164 5677 1287 5735 ultimum
1306 5674 1419 5748 quidem
1434 5684 1538 5750 tempus
1561 5677 1671 5752 exponit
1689 5687 1785 5736 auctor

127 5746 307 5818 respendere,
332 5762 379 5821 qut
406 5747 538 5808 baccare
562 5764 672 5807 errasse
696 5749 844 5808 Ecclesiam
874 5765 930 5810 noa
982 5765 1037 5825 quo
1052 5748 1336 5826 ineruntistiltotuae‚
1353 5746 1418 5820 qma
1434 5747 1469 5806 ad
1482 5758 1672 5822 argumentum
1696 5747 1785 5820 ipsius
