3840 6134
139 277 208 339 list
667 272 710 334 tlt
731 271 876 335 emulus
894 269 1120 335 vatidicum
1137 268 1246 331 uisus
1713 275 1785 338 ilua

152 402 208 458 uod
220 398 352 456 refutetur
366 396 479 453 haeresis
492 394 748 467 Hermogenisque
763 410 818 451 nou
834 412 866 453 eii
880 395 932 452 Dei
946 410 971 489 Α
985 410 1001 450 a
1015 394 1154 467 spirando,
1169 392 1217 449 lib.
1233 392 1266 472 ιι
1283 393 1394 463 Anima,
1411 409 1464 452 non
1478 411 1527 477 per
1549 397 1639 479 omnia
1663 413 1784 458 men.

132 419 208 538 gatn,
234 470 284 527 sed
306 485 340 525 ex
366 468 476 523 materia
498 466 595 523 animae
618 466 752 539 originem
780 466 933 524 constitisse
987 466 1035 522 tiat
1056 482 1117 521 cum
1137 462 1339 546 catholicorum
1370 474 1503 524 sententia
1520 467 1718 533 Tertulhanus‚
1733 474 1781 554 qui

131 541 318 600 contendebat.
340 540 416 595 Haud
432 539 511 594 aliter
524 547 605 610 atque
626 540 756 594 mundum
773 536 871 594 lautum
887 537 931 593 di·
985 538 1110 609 spiritum
1125 550 1234 607 proprie
1256 537 1375 592 animam
1396 537 1500 619 dieunt,
1517 555 1572 596 non
1585 548 1673 598 umen
1697 544 1786 615 Spq-i.

132 616 210 670 eebat
224 628 280 669 non
293 628 326 667 ex
342 611 437 677 nihilo,
454 610 502 667 sed
524 625 557 666 ei
581 610 694 665 materia
712 610 770 665 Deo
783 616 930 677 coaeterna,
985 619 1042 665 tum
1057 615 1193 676 sanctum3
1209 614 1291 678 atque
1315 608 1383 664 adeo
1407 618 1485 665 etiam
1509 610 1581 667 dicto
1603 611 1665 670 loeo
1688 613 1780 673 Gene-

131 685 264 741 adversns
286 698 367 754 quam
395 681 520 737 haeresim
541 697 623 753 supra
643 681 761 751 disputat
781 688 883 747 auctor,
911 681 929 735 l.
985 696 1047 736 sees
1062 690 1089 736 et
1107 677 1170 734 alibi
1186 677 1258 746 πνοὴν
1274 679 1410 751 spiritum
1432 679 1655 754 interpretantur.
1680 685 1783 742 Verum

132 756 195 814 ιιι.
227 758 356 826 llermcp.
391 753 449 808 Jam
482 766 549 809 vero
575 752 655 806 ctiam
684 752 752 807 duas
778 751 931 821 Scripturas
985 751 1018 806 de
1032 753 1083 806 hoc
1098 749 1170 805 illius
1184 749 1321 819 paradoxo
1336 749 1463 807 lectorem
1479 754 1633 810 remisimus
1643 756 1678 810 ad
1688 765 1782 814 nostra

131 827 222 889 allert,
243 825 345 899 quibus
364 827 480 880 animam
505 823 553 878 Dei
573 823 665 877 llatum
686 823 816 893 probasse
840 839 870 880 se
889 824 931 878 si·
985 821 1220 901 Prolegoniena...
1242 819 1345 902 Deinde
1368 837 1428 878 sese
1444 822 1476 877 ad
1492 823 1641 881 institutum
1666 829 1781 901 propius

131 897 252 968 gnificat,
273 896 345 951 Gen.
371 909 393 950 ii
408 905 434 950 et
459 894 545 950 lCnr.
563 910 612 962 xv,
630 894 656 948 iu
679 892 778 966 quibus
799 910 858 951 cum
874 894 929 960 ille,
985 903 1081 949 caetera
1104 893 1358 973 naturaliauanimae
1378 900 1555 964 pertractasse
1569 897 1692 977 insinuat
1716 903 1777 957 ιιι.

132 969 170 1024 uti
184 984 240 1024 suae
260 967 359 1023 haeresi
377 965 513 1022 videretur
533 964 635 1031 lavere,
650 966 775 1021 vertisset
792 967 931 1038 spiritum
985 967 1122 1037 aermon,
1150 971 1180 1020 ut
1208 964 1256 1019 Dei
1286 971 1379 1034 potius
1411 980 1491 1036 quam
1520 976 1641 1024 matenae
1671 974 1783 1044 propin·

131 1042 311 1110 ultoe,proeo
341 1035 930 1109 uodaliitlatamcontralscrlpturaetidem,
985 1052 1039 1118 qua
1053 1051 1141 1117 anima
1155 1035 1325 1108 probaretur.
1346 1034 1470 1107 Denique
1494 1035 1618 1094 fortassis
1638 1053 1782 1122 propterea

132 1118 227 1182 utpote
244 1125 306 1166 cum
321 1055 416 1166 graece
426 1109 530 1183 legatur
544 1107 630 1177 πνοὴν,
647 1108 718 1180 quod
734 1107 855 1192 plerique
868 1123 930 1164 ιι·
983 1123 1045 1177 quis
1058 1122 1172 1162 animam
1188 1121 1250 1188 cum
1264 1107 1320 1161 Deo
1339 1121 1405 1188 ,com
1421 1178 1427 1190 .
1441 1116 1521 1178 raret,
1535 1125 1593 1165 eain
1614 1109 1700 1185 longe
1714 1112 1783 1171 inira

133 1182 191 1238 lunt
204 1182 258 1253 (vel
270 1182 302 1238 tt.
317 1183 389 1252 hug.
407 1186 485 1245 teste,
499 1179 546 1234 lib.
561 1180 660 1237 xinde
677 1179 760 1237 cinit.
775 1182 833 1245 Dei,
844 1195 870 1235 c.
885 1179 931 1252 ie)
984 1179 1071 1235 Deum
1087 1176 1240 1232 defendisse
1254 1192 1284 1258 se
1295 1178 1388 1258 scribit
1420 1186 1473 1235 icto
1487 1177 1567 1252 libro,
1578 1184 1651 1264 quod
1662 1192 1727 1239 uate
1737 1186 1780 1253 sit,

130 1251 932 1324 interpretaristatumdnspt'rntionemautadspirationem,
988 1247 1100 1307 1197
1116 1248 1187 1329 quod
1203 1247 1359 1332 passibillis,
1376 1250 1455 1331 quod·
1468 1252 1674 1333 exorbitationis
1687 1269 1781 1327 capax,

131 1331 177 1382 aut
192 1326 330 1393 animem,
354 1338 432 1395 qnam
453 1323 604 1396 spiritum·
620 1320 755 1394 significat
771 1321 852 1378 tertio
872 1321 931 1380 loco
984 1329 1012 1378 et
1025 1319 1088 1377 iride
1114 1327 1194 1376 etiam
1210 1320 1353 1378 oblivionis
1375 1319 1471 1378 adfine
1492 1329 1538 1380 sit.
1553 1323 1646 1396 Usque
1671 1327 1740 1384 adeo
1753 1338 1782 1385 ut

132 1395 179 1452 hic
194 1395 275 1452 citato
286 1402 381 1453 ιιιιοι
395 1394 486 1452 sehoc
499 1394 588 1467 egisse
603 1394 674 1450 dicto
688 1394 768 1460 libro,
784 1401 813 1448 ut
828 1394 931 1464 flatum
986 1391 1066 1450 totius
1089 1406 1160 1462 pene
1183 1388 1244 1446 libri
1263 1400 1461 1474 aigumeptum,
1477 1400 1505 1449 et
1545 1395 1604 1451 uasi
1628 1393 1781 1481 fragmenta

132 1466 223 1538 potius
247 1473 371 1524 tueretur
396 1481 476 1550 quam
499 1467 646 1540 spiritum.
671 1463 832 1537 Quanquam
861 1464 931 1520 inte-
984 1463 1114 1544 quedam·
1137 1459 1245 1518 1¹28
1272 1463 1339 1533 ipsis
1364 1463 1461 1521 usdein
1483 1411 1575 1525 verbis
1597 1477 1716 1540 repetita
1738 1471 1781 1530 hic

133 1537 186 1596 riui
209 1536 263 1595 alio
277 1552 358 1597 sensu
381 1547 461 1596 etiam
485 1536 610 1611 spiritum
631 1551 783 1609 agnoscens
799 1533 928 1603 animam,
987 1533 1080 1590 ridere
1093 1542 1127 1589 sit
1140 1533 1214 1604 apud
1229 1541 1377 1592 auctorem.

582 1631 646 1685 vill.
661 1630 827 1685 ADVERSUS
844 1628 1083 1684 aestuariartus
1100 1628 1185 1681 LIBRI
1202 1628 1330 1683 citatio

662 1735 703 1781 ai·
720 1734 807 1780 iisne
821 1733 859 1781 ns
873 1732 972 1780 cinna
987 1731 1103 1779 crinisri
1119 1719 1190 1793 (cap.
1207 1719 1246 1792 s).

167 1826 219 1884 Sed
243 1824 369 1899 quoniam
392 1832 418 1878 et
440 1821 484 1877 isti
517 1822 688 1894 Apelletiam'
704 1819 793 1878 carnis
816 1819 930 1891 ignomi-
946 1833 969 1911 p
984 1817 1067 1874 tentia
1091 1816 1228 1875 conlessio
1247 1826 1288 1875 est
1309 1818 1409 1889 delicti,
1424 1820 1488 1893 quia
1509 1821 1599 1878 locum
1622 1824 1783 1882 nonhabet

132 1914 206 1970 niam
228 1912 403 1983 praetendunt
425 1907 550 1974 maxime,
571 1923 652 1979 quam
676 1907 779 1978 volunt,
795 1908 828 1963 ab
847 1905 929 1980 igneo
983 1905 1036 1964 nisi
1047 1908 1074 1962 in
1088 1905 1194 1963 delicto.
1210 1905 1238 1962 Si
1253 1906 1369 1963 mundus
1383 1908 1509 1966 delictum
1523 1918 1574 1977 est,
1586 1911 1651 1981 quia
1674 1927 1782 1985 corpus,

134 2001 180 2057 illo
195 1998 311 2071 praeside
333 1997 408 2065 mali,
424 1996 573 2055 sollicitatis
596 1995 737 2052 animabus
757 1995 928 2065 adstructam,
982 2005 1010 2054 et
1033 1998 1154 2054 membra
1180 1995 1318 2065 delictum,
1347 1998 1400 2054 erit
1423 1998 1535 2070 proinde
1562 2008 1589 2057 et
1616 2001 1728 2068 coelum,
1756 2013 1785 2059 et

131 2087 276 2146 etidcirco
296 2086 436 2160 indiguam
453 2085 569 2155 Christo,
584 2084 725 2143 etidcirco
747 2085 781 2141 de
795 2084 931 2142 sideribus
982 2085 1104 2143 coelestia
1118 2100 1180 2143 eum
1203 2086 1284 2144 coelo.
1307 2086 1337 2143 Si
1359 2086 1494 2158 eoeleslia,
1514 2096 1542 2145 et
1563 2089 1698 2162 quidquid
1722 2092 1784 2149 inde

131 2176 173 2232 illi
187 2175 366 2232 substantiam
381 2175 555 2247 competisse,
574 2174 661 2234 debeo
685 2173 746 2232 illos
768 2173 930 2245 desuapa·
984 2181 1143 2247 conceptum
1175 2174 1366 2248 prolatumque
1395 2184 1446 2244 est,
1477 2177 1548 2235 ιι1ι
1582 2178 1666 2236 arbor
1697 2180 1784 2238 ιιι1οι

132 2273 224 2323 satura
251 2274 433 2338 repercutere.
458 2263 594 2339 Angelum
625 2265 768 2337 quemdam
802 2263 929 2336 inclytum
986 2263 1089 2320 lruetus
1118 2263 1181 2320 edat
1207 2279 1319 2322 neeesse
1347 2274 1399 2322 est.
1425 2266 1494 2324 Caro
1522 2266 1606 2341 igitur
1632 2268 1784 2326 Christide

132 2355 284 2424 nominant,
307 2354 353 2425 qui
379 2352 507 2408 mundum
532 2354 604 2408 hunc
625 2351 782 2420 instituerit,
802 2360 829 2407 et
853 2352 931 2408 insti·
983 2353 1138 2410 coelestibus
1165 2361 1277 2419 structa,
1292 2353 1326 2410 de
1354 2356 1456 2426 peccati
1477 2355 1599 2413 constitit
1626 2357 1782 2425 elementis,

134 2450 192 2498 tuto
213 2458 246 2498 eo
269 2441 456 2514 poenitentlam
478 2441 628 2498 admiserit.
655 2443 690 2498 Et
715 2441 768 2497 hoc
795 2455 844 2497 suo
870 2441 930 2498 loco
984 2441 1119 2514 peccatrix
1144 2441 1179 2498 de
1201 2443 1354 2515 peccatorio
1378 2459 1472 2511 censu,
1496 2453 1524 2502 et
1545 2461 1593 2518 par
1617 2445 1672 2504 erit
1696 2446 1785 2521 ipsius

133 2531 318 2589 tractavimus.
334 2531 403 2586 Nam
427 2538 469 2587 est
483 2529 561 2586 nohis
580 2529 714 2588 aduersos
728 2530 792 2588 illes
806 2529 927 2600 libellas,
983 2532 1151 2597 substantiae,
1175 2530 1202 2587 id
1236 2539 1277 2594 est
1303 2540 1413 2599 nostra,
1432 2549 1513 2608 quani
1540 2541 1571 2590 ut
1597 2537 1783 2607 peccatricem

130 2635 166 2674 ιι
180 2619 227 2692 qui
250 2618 417 2692 spiritumet
436 2618 602 2676 voluntatem
625 2628 652 2674 et
675 2618 803 2677 virtutem
828 2618 928 2675 Christi
982 2618 1104 2677 Christus
1125 2617 1285 2694 dedignatur
1304 2619 1426 2679 induere.
1452 2622 1502 2688 lta,
1517 2621 1540 2677 si
1564 2622 1633 2678 nihil
1652 2624 1687 2680 de
1702 2624 1783 2697 iguo·

128 2708 251 2765 habuerit
278 2708 311 2764 ad
336 2725 368 2764 ea
388 2723 481 2779 opera,
507 2707 620 2783 dignum
643 2707 745 2780 aliquid
769 2707 928 2780 paenitentia
981 2709 1064 2765 minia
1086 2706 1207 2777 interest,
1232 2709 1381 2765 eulaliam
1405 2709 1524 2783 purioris
1546 2720 1617 2768 notae
1639 2713 1782 2770 materiam

128 2797 232 2866 lecerit,
248 2814 310 2854 cum
324 2797 451 2870 angelum
474 2797 555 2854 etiam
575 2796 608 2853 de
624 2796 849 2871 figuraerratiete
869 2797 927 2854 ovis
981 2797 1137 2870 excogitent
1168 2796 1286 2866 Christo,
1319 2798 1417 2873 quibus
1451 2799 1576 2873 displicet
1605 2808 1709 2871 nostra,
1738 2809 1785 2860 ιιι

128 2888 346 2958 interpretentur.
371 2888 451 2942 Teste
474 2884 556 2960 igitur
585 2885 743 2957 paenitentia
767 2886 928 2944 institutoris
980 2903 1039 2945 eam
1066 2896 1244 2961 cognoscant,
1269 2903 1324 2962 qua
1346 2888 1426 2947 etiam
1451 2889 1573 2947 coelestis
1595 2890 1783 2950 meliorasse

128 2975 182 3041 sui,
196 2974 323 3029 delictum
347 2972 398 3031 erit
421 2974 550 3040 mundus,
566 2973 697 3047 siquidem
719 2974 809 3030 omnis
832 2974 924 3046 poeni·
983 2993 1038 3035 non
1052 2976 1150 3050 potuit.

163 3094 924 3172 daliteristemdeersaslpettem,anadnersusApel—
940 3117 963 3198 Β
978 3103 1080 3160 mundo
1109 3104 1143 3159 ab
1170 3101 1216 3158 illo
1245 3101 1379 3174 instituto,
1403 3101 1452 3160 lib.
1468 3103 1504 3162 dc
1522 3105 1690 3186 Praescript.
1718 3104 1783 3164 ιιι.

131 3170 252 3225 tatianos
276 3168 386 3222 inscribi
414 3167 523 3231 debent,
550 3169 706 3241 aliquandiu
734 3188 776 3227 me
800 3171 923 3228 dubitare
978 3179 1065 3241 ιιι,
1086 3189 1143 3245 cap.
1163 3176 1197 3231 sl
1218 3181 1246 3229 et
1272 3177 1317 3243 51,
1333 3177 1399 3231 ιιι.
1421 3178 1464 3234 19.
1494 3176 1533 3234 De
1555 3191 1637 3233 ιιιιι
1663 3178 1783 3235 bominis

131 3239 208 3302 lecit,
223 3238 294 3310 quod
316 3239 386 3293 inter
403 3248 517 3295 caeteros
538 3240 688 3310 haereticos,
705 3242 836 3297 adversus
858 3258 926 3315 quos
980 3245 1094 3319 proinde
1114 3244 1149 3300 ab
1172 3245 1266 3301 eodem
1290 3253 1431 3315 exstructa,
1457 3262 1482 3303 c.
1506 3252 1533 3315 8,
1553 3247 1603 3305 lib.
1627 3246 1665 3307 ιι
1690 3250 1784 3308 earne

131 3309 241 3380 scripsit
269 3309 461 3375 Tertullianus,
486 3321 625 3366 enumeret
644 3311 767 3367 Vincent.
792 3312 922 3369 Lirinens.
981 3318 1215 3388 darietemque
1238 3318 1297 3374 ιιι
1318 3319 1400 3375 verba
1424 3318 1568 3390 desumpta
1589 3329 1664 3391 suut,
1680 3328 1708 3379 et
1733 3320 1782 3376 lli.

130 3381 262 3452 Apellem,
284 3397 318 3437 eii
344 3396 398 3453 quo
426 3383 505 3436 etiam
534 3382 716 3437 haesitavimns
744 3399 809 3439 ιιι
834 3384 926 3454 plures
979 3391 1013 3446 de
1033 3390 1149 3445 Reserr.
1168 3390 1263 3459 Corn,
1279 3405 1302 3445 c.
1319 3391 1349 3446 5.
1367 3390 1407 3444 De
1422 3389 1520 3446 Christi
1544 3390 1665 3472 denique
1688 3406 1782 3459 carue,

131 3463 223 3508 essent
235 3452 319 3509 libelli
334 3454 368 3506 ab
392 3463 500 3508 auctore
514 3453 646 3509 adversus
660 3456 748 3525 ipsum
763 3461 790 3509 et
803 3454 926 3528 discipu·
979 3475 1035 3516 non
1050 3462 1084 3515 ab
1098 3459 1144 3514 illo
1158 3458 1257 3532 angelo
1280 3466 1381 3528 creati,
1397 3461 1443 3516 sed
1466 3477 1499 3518 eii
1521 3461 1682 3518 coelestihus
1710 3464 1782 3520 side·

131 3523 173 3580 los
190 3525 249 3593 ejus
263 3524 421 3592 conscripti.
435 3524 547 3594 Verum,
563 3541 624 3582 eum
650 3526 728 3581 toties
751 3524 819 3581 laeta
840 3526 925 3596 apel·
980 3531 1056 3588 ribus
1082 3538 1192 3593 structa,
1207 3537 1300 3587 centra
1323 3531 1446 3602 apellem
1470 3533 1521 3588 late
1540 3532 1664 3603 disputat
1686 3543 1783 3591 auctor

131 3593 164 3650 lis
178 3595 313 3651 mentione
336 3606 420 3666 atque
445 3594 544 3650 nullius
567 3595 686 3661 alterius,
711 3594 813 3651 nullam
836 3607 926 3653 tamen
980 3602 1044 3660 dicti
1064 3601 1111 3657 lib.
1127 3602 1161 3657 de
1185 3602 1273 3658 Cerne
1297 3602 1414 3663 Christi,
1431 3619 1456 3658 c.
1482 3606 1508 3658 6.
1539 3603 1680 3660 Consentit
1694 3605 1724 3660 in
1738 3605 1782 3661 his

131 3665 192 3722 libri
208 3666 359 3737 cujuspiam
379 3664 509 3722 adversus
531 3667 657 3721 eumdem
680 3668 925 3738 mentionemprae·
980 3673 1107 3731 omuibus
1129 3672 1306 3744 Epiphanius,
1321 3682 1500 3746 praeterquam
1522 3675 1595 3745 quod
1618 3675 1782 3733 inferiorem

132 3744 254 3807 terquam
269 3738 322 3792 hoc
344 3735 406 3791 loco
429 3734 518 3804 faciat,
535 3736 563 3791 lit
583 3737 649 3792 mihi
673 3738 809 3801 credibile,
824 3740 927 3795 etuni-
981 3746 1060 3802 deum
1088 3751 1235 3816 nuncupet,
1261 3759 1340 3815 quem
1374 3754 1471 3800 auctor
1496 3745 1623 3817 angelum
1650 3746 1783 3822 igneum3

131 3821 191 3863 euru
207 3820 266 3861 esse
280 3805 314 3859 ab
328 3820 362 3860 eo
375 3805 567 3876 conscriptum,
584 3816 610 3862 et
623 3808 757 3865 aduersus
774 3809 927 3880 ilpelleti'a-
1002 3830 1062 3871 uem
1077 3813 1184 3869 interim
1199 3822 1352 3885 agnoscunt
1370 3816 1401 3871 B.
1424 3815 1506 3889 Aug,
1527 3818 1593 3873 haer.
1618 3820 1667 3884 23,
1684 3819 1715 3874 B.
1734 3819 1782 3876 lsi·

131 3891 182 3934 nos
201 3874 372 3947 inscriptum.
387 3876 501 3930 Maxime
519 3893 581 3933 cum
596 3879 677 3932 etiam
694 3879 883 3950 Apelleti'caios
896 3882 926 3937 B.
982 3832 1054 3948 dor..
1069 3886 1117 3939 lib.
1133 3886 1195 3941 ιιι.
1221 3886 1315 3951 llere„
1332 3887 1457 3942 Bahanus
1476 3895 1578 3955 noster,
1593 3888 1622 3943 B.
1642 3888 1784 3947 Honorius

133 3947 261 4017 Cypriae.
293 3960 385 4001 nuncu
423 3954 433 4001 ι
459 3946 563 4017 Apellis
585 3947 742 4017 discipulos,
769 3950 848 4020 epist.
880 3955 926 4019 13,
945 3972 967 4050 n
983 3967 1010 4014 et
1036 3956 1182 4013 Gratianus
1213 3958 1240 4012 in
1268 3957 1402 4029 Catalogis
1428 3959 1521 4015 haeret.
1553 3960 1610 4015 lloc
1640 3961 1784 4032 peculim

132 4018 170 4073 ιι
183 4017 367 4074 lobotunaha.
409 4017 463 4087 tqui
479 4017 636 4074 obscuriora
651 4019 832 4100 quidemsunt
846 4026 929 4080 verba
984 4028 1099 4094 auctori,
1119 4026 1191 4100 quod
1213 4028 1246 4084 de
1270 4029 1428 4100 poenitentia
1448 4045 1482 4084 an
1504 4029 1539 4085 eli
1567 4031 1707 4088 creatoris
1726 4033 1784 4103 jam

132 4087 288 4169 Tertulliani
300 4087 357 4158 jain
377 4091 467 4155 citata,
483 4089 531 4144 sed
547 4089 598 4145 hoc
613 4089 664 4145 sibi
677 4092 734 4172 vult
750 4110 756 4147 :
772 4096 927 4166 Argumen-
983 4099 1085 4156 dictum
1108 4110 1168 4165 est3
1185 4099 1264 4156 sicuti
1279 4107 1306 4154 et
1328 4099 1405 4167 illud,
1425 4048 1503 4172 quoff
1523 4099 1639 4173 liguram
1660 4104 1784 4160 erratice

133 4167 189 4216 tum
205 4157 265 4217 libri
281 4160 411 4215 adversus
429 4159 612 4230 Apelletianos
634 4163 804 4234 potissimum
820 4165 903 4224 luisse
921 4184 927 4225 :
983 4171 1042 4228 ovis
1056 4173 1133 4242 (Luc.
1150 4170 1198 4241 ιιι)
1213 4171 1247 4225 ιι
1270 4170 1317 4227 1110
1332 4170 1499 4240 interpretati
1523 4174 1595 4240 sint;
1611 4177 1693 4245 quasi
1714 4190 1784 4248 gau·

134 4248 169 4287 au
180 4230 302 4303 angelus,
315 4231 361 4287 ille
381 4229 479 4303 igneus
493 4231 555 4287 mali
570 4249 680 4301 praeses,
696 4235 741 4304 qui
757 4243 784 4290 ιι
797 4238 930 4294 ιιιιιι
984 4243 1056 4298 dium
1072 4241 1152 4297 luerit
1173 4240 1201 4296 in
1219 4241 1291 4297 coelo
1316 4242 1389 4308 apud
1407 4243 1520 4313 angelos
1536 4244 1587 4299 Dei
1601 4246 1635 4299 de
1658 4245 1707 4301 ille
1727 4261 1781 4302 uuo

134 4303 207 4358 huuc
222 4303 309 4372 (juxta
331 4302 404 4372 illos)
427 4303 592 4376 instituerat,
607 4315 634 4362 et
649 4306 800 4364 sollicitatis
824 4308 929 4364 anima·
984 4320 1124 4385 peccatore
1145 4311 1179 4367 ad
1201 4312 1386 4384 paenitentiam
1410 4329 1551 4371 converso.
1577 4314 1668 4385 Quam
1690 4327 1784 4374 conus

134 4373 187 4431 bus
213 4389 321 4430 earnem
345 4374 523 4441 adstruxerat,
545 4378 579 4432 ad
617 4377 670 4433 uod
694 4386 782 4434 ιιιιι
805 4381 931 4450 spiritum
984 4383 1077 4439 maluit
1090 4390 1184 4440 auctor
1206 4383 1378 4456 interpretari
1401 4386 1434 4440 de
1455 4385 1563 4441 homine
1585 4386 1664 4455 lapso
1685 4396 1713 4444 et
1736 4404 1784 4462 per

135 4454 163 4501 et
189 4446 357 4501 voluntatem
386 4455 413 4501 et
439 4446 565 4503 virtutem
597 4392 695 4529 ghristi
724 4450 861 4522 habuerit,
886 4452 931 4506 di·
984 4454 1119 4511 Christum
1141 4453 1282 4537 requisito,
1299 4453 1470 4512 sieutietiani
1490 4457 1655 4514 aliireteres
1676 4474 1781 4516 οιιιι.

135 4532 219 4586 gnum
244 4515 344 4586 aliquid
369 4517 531 4585 poenitentia
552 4517 655 4574 lecerit.
676 4519 774 4590 Utpote
793 4524 840 4591 qui
859 4523 932 4579 dice·
985 4527 1119 4582 Hactenus
1134 4527 1168 4583 de
1186 4526 1220 4582 iis
1233 4541 1294 4598 quie
1308 4528 1340 4582 ιι
1356 4525 1524 4584 intellectum
1539 4528 1621 4599 hujus
1641 4529 1782 4605 fragmen·

135 4596 207 4653 rent,
223 4586 305 4642 sicuti
320 4586 428 4658 legitur,
445 4589 490 4647 lib.
514 4589 547 4645 de
562 4590 724 4660 Praescript.
741 4593 803 4647 ιιι.
821 4594 930 4661 haeret,
984 4597 1005 4653 ti
1018 4597 1127 4654 iaciunt.

135 4673 195 4728 cap.
213 4658 369 4725 enheas.
387 4661 538 4717 19ι111ιι
562 4661 664 4717 mundo
690 4663 808 4719 iuleiiori
828 4668 930 4734 permi-
1020 4669 1088 4738 Quia
1116 4685 1180 4726 vero
1206 4668 1379 4740 promisimus
1406 4669 1539 4745 integram
1562 4687 1612 4729 nos
1640 4674 1782 4731 historiam

135 4731 243 4787 scuisse
258 4729 455 4801 poeuitentiant,
472 4732 537 4803 quia
558 4747 611 4788 non
632 4733 709 4788 illum
737 4742 792 4789 tarn
814 4736 932 4807 perlecta
985 4740 1030 4799 bic
1044 4740 1164 4797 edituros
1179 4741 1211 4797 de
1233 4741 1328 4811 dpelle
1347 4749 1374 4796 ιι
1401 4742 1461 4823 ejus
1477 4744 1635 4808 heresibus,
1651 4744 1782 4802 iaciemus

135 4802 255 4872 lecisset,
276 4817 355 4873 quam
380 4801 504 4883 superior
525 4803 643 4860 mundus
663 4803 801 4861 institutus
824 4805 929 4864 luisset.
985 4811 1013 4866 id
1037 4827 1116 4884 quain
1144 4811 1313 4882 paucissimis
1346 4810 1447 4871 licebit.
1473 4815 1581 4887 Apelles
1596 4815 1689 4888 itaque
1704 4815 1782 4871 disci·

134 4871 212 4939 Quod
229 4873 316 4946 ipsum
334 4873 443 4928 interim
487 4874 581 4931 ulchre
604 4882 696 4931 contra
710 4875 771 4932 illos
787 4885 930 4950 retorquet,
984 4883 1234 4955 pulusllarcionis,
1252 4884 1395 4939 utiveibls
1425 4887 1545 4941 auctoris
1564 4896 1624 4942 utar
1646 4886 1714 4943 dicti
1735 4887 1780 4942 lib.

134 4943 192 4998 illic
210 4944 257 4998 ubi
287 4944 404 5015 loquitur
428 4962 435 4999 :
461 4892 495 5000 11·
520 4962 567 5001 ιιι
586 4953 712 5018 paratum
736 4951 929 5020 repercutiens.
986 4953 1020 5010 dc
1032 4956 1147 5020 Praese,
1163 4955 1225 5010 ιιι.
1252 4957 1338 5020 ιιι,
1355 4971 1378 5011 ι.
1394 4958 1420 5022 6,
1435 4959 1469 5011 30
1489 4972 1521 5012 ιι
1534 4960 1578 5023 51,
1594 4959 1690 5030 lapsus
1704 4959 1732 5012 in
1747 4958 1784 5013 le·

135 5014 236 5070 Verum
255 5014 328 5085 quod
347 5022 427 5070 vocat
447 5014 520 5073 hunc
542 5017 669 5088 angelum
692 5019 755 5074 mali
779 5022 930 5093 praesidem,
984 5024 1097 5098 minam,
1121 5027 1242 5082 desertor
1267 5026 1439 5083 continentiae
1466 5027 1665 5086 biarciouensis
1693 5033 1784 5103 (quam

138 5084 430 5157 sicexpticatssptph,
454 5087 520 5144 ιιι.
546 5090 590 5159 ll,
605 5105 637 5145 ea
657 5093 788 5148 sententia
801 5094 930 5164 Apellis:
985 5095 1032 5153 ille
1047 5096 1200 5169 simulabat)
1222 5099 1257 5154 ab
1276 5097 1363 5154 oculis
1382 5100 1505 5170 magistri
1525 5100 1720 5158 Alexandriam
1743 5116 1784 5156 se·

139 5155 264 5213 «Evasit
287 5168 374 5212 autem
398 5172 453 5212 nen
475 5158 574 5230 bonus,
599 5167 626 5217 et
649 5177 710 5233 quae
734 5163 842 5235 abipso
864 5165 932 5220 lacta
986 5168 1075 5225 cessit.
1105 5168 1170 5223 lnde
1202 5169 1230 5222 iu
1258 5169 1369 5225 alteram
1398 5169 1527 5226 feminam
1557 5172 1682 5245 impegit,
1712 5171 1784 5227 illam

135 5236 208 5293 sunt,
235 5242 290 5282 nen
308 5226 378 5283 bene
402 5226 470 5285 laeta
493 5239 565 5297 sunt,
589 5233 637 5287 sed
662 5233 808 5290 secundum
834 5236 933 5289 malam
987 5238 1121 5308 virginem
1146 5239 1333 5304 Philumenen,
1349 5252 1442 5311 postea
1464 5258 1530 5298 sero
1553 5241 1672 5299 immane
1685 5243 1784 5368 frusti-

130 5299 222 5371 ipsius
238 5309 356 5354 mentem
371 5298 405 5354 ab
424 5298 484 5370 ipso
498 5310 589 5358 creata
613 5312 684 5359 sunt.
702 5327 716 5355 a
732 5305 771 5361 De
783 5305 932 5362 sollicitatis
988 5309 1099 5379 bulum3
1118 5312 1199 5381 eujus
1227 5312 1313 5384 signis
1326 5325 1354 5366 et
1376 5313 1509 5384 prodigiis
1531 5313 1668 5382 inductus,
1696 5315 1782 5369 ibrum

133 5380 223 5426 autem
247 5369 389 5426 animabus
412 5371 447 5425 ab
470 5372 549 5446 igneo
579 5374 626 5430 illo
654 5376 706 5432 deo
734 5377 830 5447 angelo
857 5378 933 5447 jniita
987 5382 1089 5451 edidit,
1110 5400 1190 5454 quem
1214 5384 1395 5441 Phaneroseis
1418 5384 1602 5443 Philumenes
1633 5385 1781 5458 inscripsit.

134 5441 268 5515 Apellem,
284 5441 345 5500 vide
363 5459 455 5513 supra,
472 5453 538 5501 tom.
555 5445 600 5511 111,
616 5445 663 5501 lib.
685 5446 880 5512 decisiones.
896 5451 929 5503 23
986 5469 1068 5523 quani
1091 5455 1166 5525 quasi
1187 5455 1384 5527 prophetissam
1404 5459 1575 5526 sequebatur.
1600 5457 1698 5540 Neque
1720 5470 1781 5512 vero

134 5522 162 5568 et
176 5516 221 5582 36,
237 5514 285 5571 uhi
301 5513 375 5570 addit
393 5531 425 5571 eii
445 5516 621 5588 consequenti
644 5528 736 5573 auctor
758 5519 929 5576 constituisse
982 5525 1109 5581 desertor
1127 5525 1264 5592 duntaxat,
1281 5526 1329 5583 sed
1353 5534 1380 5582 et
1401 5528 1560 5584 emendator
1581 5527 1737 5593 llarciouis,
1752 5541 1780 5582 ac

128 5594 269 5643 sumente
291 5599 406 5659 corpora
427 5585 530 5645 animas
543 5586 636 5646 viriles
649 5603 683 5646 ac
706 5587 863 5648 muliebres.
886 5590 928 5648 De
981 5593 1134 5668 discipulus
1157 5613 1239 5671 supra
1256 5597 1413 5670 magistrum
1428 5599 1577 5671 appellatur
1600 5598 1636 5657 ιι
1659 5607 1778 5663 aucum
