3840 6134
82 297 150 359 lost
721 296 820 360 statu
839 295 884 360 ult
901 295 1077 360 rupturus.
1663 296 1733 362 tuti

79 423 184 480 eisdem
203 422 319 499 genibus
334 433 458 494 exorant,
473 425 597 483 eamdem
611 424 738 483 invocant
750 433 874 484 matrem.
892 439 917 520 Α
935 426 988 497 Qui
1001 423 1111 483 dicerit
1132 425 1222 497 fratri
1241 439 1303 495 suo,
1318 423 1417 491 racha,
1441 439 1506 483 reus
1519 428 1575 485 erit
1597 427 1734 501 pellectus

79 510 227 588 Quidagis,
238 513 398 571 mollissima
407 522 434 570 et
443 514 636 572 humanissima
646 513 788 586 disciplina
798 513 877 586 (28)l
934 515 1041 586 (dottlr.
1057 530 1086 585 v,
1101 512 1487 586 aa).0naersanss1vasittex
1501 529 1556 572 non
1569 518 1731 587 moechandi,

80 607 127 659 sut
141 601 268 659 omnibus
283 602 324 660 eis
338 604 390 661 hoc
399 619 460 662 esse
471 603 602 661 debebis:
619 604 701 662 Beati
713 604 785 660 enim
797 604 878 678 paci·
932 604 977 662 oui
1004 604 1118 663 accessit
1140 621 1191 663 nec
1218 603 1437 677 concupiscendi.
1464 604 1609 673 Caeterum,
1634 607 1657 663 si
1680 623 1734 681 qna

80 691 131 763 fici
157 691 267 760 (hatto.
295 708 324 758 v,
349 695 396 762 6);
419 700 475 760 aut,
499 693 522 749 si
549 709 607 750 non
631 692 769 761 omnibus,
788 700 880 750 nostra
931 693 1189 766 vobisexemplain
1215 693 1306 751 sinum
1329 692 1467 765 plaudent,
1487 708 1544 750 non
1562 703 1734 767 opponantur

80 794 153 836 esse.
168 778 342 836 idololatram
360 782 470 852 quidem
484 789 510 838 et
528 781 693 839 homicidam
705 782 788 838 semel
801 779 879 836 dam·
932 782 996 840 huic
1011 799 1094 856 quam
1107 782 1279 841 defendimus
1293 781 1456 857 disciplina.
1471 782 1583 840 Frustra
1597 784 1670 842 enim
1687 785 1733 842 lex

80 884 131 924 nas
154 868 223 942 (39),
247 869 382 927 moechum
405 885 470 928 vero
492 871 527 927 de
549 870 638 929 medio
661 870 774 944 excipis,
794 869 880 926 idolo-
933 880 1117 945 suprastructa
1145 880 1197 939 est,
1222 871 1344 945 origines
1369 887 1478 945 quoque
1505 873 1678 941 delictorum,
1704 874 1732 929 id

79 957 167 1015 latriae
180 973 373 1030 successorem,
388 960 531 1018 homicidae
550 969 759 1028 antecessorem,
775 958 878 1016 utrius·
932 970 976 1020 est
997 962 1230 1034 concupiscentias
1247 972 1275 1020 et
1289 962 1454 1034 voluntates,
1468 977 1525 1019 non
1546 963 1636 1019 minas
1650 980 1731 1036 quam

79 1063 133 1118 qua
147 1045 303 1120 collegam?
319 1051 446 1106 Personae
469 1048 618 1124 acceptatio
632 1055 684 1119 est,
703 1047 880 1106 miserabilio·
932 1051 1003 1108 iacta
1024 1051 1219 1122 condemnans,
1240 1051 1265 1106 si
1286 1050 1349 1107 ideo
1371 1051 1454 1108 hodie
1475 1051 1638 1110 concedetur
1660 1068 1731 1109 moe·

78 1151 123 1193 ras
135 1135 309 1208 poenitantias
322 1138 462 1209 reliquisti.
931 1140 999 1198 cbloe
1012 1142 1103 1210 senia,
1119 1141 1181 1214 quia
1205 1150 1232 1199 et
1254 1141 1399 1214 aliqnando
1421 1143 1447 1183 ²⁵
1465 1157 1596 1201 concessa
1608 1150 1660 1199 est.
1676 1142 1731 1199 Cur

388 1227 502 1286 CAPUT
521 1229 567 1287 vt.
932 1228 1114 1289 emolumento
1141 1232 1223 1288 hodie
1254 1231 1376 1302 pleniore
1408 1231 1551 1304 disciplina
1577 1239 1727 1298 coercetur,

113 1312 204 1384 Plane,
225 1314 249 1372 si
272 1317 399 1374 ostendas
422 1319 455 1373 de
481 1317 579 1390 quibus
605 1314 761 1390 patrociniis
786 1329 881 1372 esem·
931 1318 984 1374 nisi
997 1327 1028 1375 ut
1048 1321 1152 1390 majore
1176 1319 1297 1377 forsitam
1315 1318 1448 1378 lenocinio
1468 1329 1514 1378 tuo
1533 1320 1728 1395 indulqeaturil

76 1402 196 1476 plorum,
214 1414 470 1478 praceptorumqua
489 1406 650 1478 caelestium,
670 1406 720 1462 soli
743 1403 876 1472 moechiae,
930 1405 1013 1462 Dabis
1032 1416 1139 1481 ergoet
1153 1408 1314 1467 idololatria
1328 1417 1356 1465 at
1374 1408 1448 1466 omni
1463 1418 1593 1481 apostatae
1612 1411 1726 1476 veniam,

75 1497 102 1546 at
126 1491 153 1548 in
177 1507 209 1549 ea
232 1492 403 1552 fornicationi
425 1510 545 1567 quoque,
568 1496 681 1566 januam
709 1493 877 1564 poenitentia
930 1493 993 1566 quia
1006 1502 1034 1549 et
1046 1497 1179 1566 populum
1202 1496 1292 1568 ipsum
1316 1497 1415 1554 totiens
1433 1513 1508 1554 reum
1525 1497 1584 1570 (30)
1604 1498 1727 1564 istorum,

76 1581 225 1652 expandas,
248 1584 281 1639 ad
309 1583 380 1639 hanc
404 1583 461 1653 jam
489 1583 589 1640 lineam
617 1581 755 1640 dimicabit
781 1587 876 1638 nostra
930 1579 1028 1637 totiens
1041 1581 1196 1641 invenimus
1210 1592 1282 1641 retro
1296 1585 1448 1642 restitutum
1462 1585 1567 1656 (duduc.
1582 1583 1728 1659 urseqq.).

78 1670 248 1741 congressio.
263 1672 440 1730 Prascribam
463 1681 551 1730 tamen
574 1671 623 1730 tibi
636 1673 752 1729 formam
764 1685 876 1728 necessa
930 1669 1148 1728 Communicabis
1162 1679 1189 1727 et
1207 1671 1368 1741 homicidam
1388 1675 1451 1746 quia
1470 1681 1497 1731 at
1516 1674 1649 1731 Nabothae
1663 1688 1729 1729 san·

77 1767 131 1825 est,
146 1776 181 1815 ne
204 1760 238 1816 ad
260 1768 353 1819 setara
374 1778 484 1818 manum
506 1763 622 1828 emittas,
639 1776 673 1818 ne
696 1760 726 1816 in
744 1770 819 1834 terga
834 1775 879 1816 re·
894 1716 917 1796 Β
931 1759 1041 1830 quinem
1064 1760 1157 1818 Achab
1180 1759 1371 1834 deprecatione
1393 1761 1493 1820 delevit
1512 1763 1565 1831 (tlt
1581 1766 1646 1835 liep.
1666 1777 1730 1830 ιιι,

78 1847 188 1917 apiolas.
209 1849 306 1907 Vetera
319 1849 391 1906 eninr
415 1854 604 1919 transierunt,
620 1848 767 1907 secundum
781 1848 877 1904 isaiam
931 1847 995 1918 29);
1015 1847 1100 1905 David
1124 1849 1197 1906 Uriae
1219 1849 1333 1916 caedem,
1359 1857 1414 1905 tum
1437 1864 1562 1907 caussam
1586 1851 1647 1920 eius
1664 1865 1731 1906 mae·

79 1934 172 2005 (xnus,
190 1941 233 2003 ts,
251 1940 306 2009 ts),
321 1947 349 1995 et
364 1956 436 1998 noua
449 1942 492 1997 est
509 1943 573 2013 jam
595 1940 710 2000 novatio
729 1936 880 1995 secundum
933 1935 1023 1992 chiam
1035 1936 1062 1976 ³⁶
1074 1937 1242 1995 confessione
1261 1939 1388 2014 purgarit
1400 1937 1440 2011 (ll
1451 1940 1516 2012 llep.
1531 1953 1583 2005 ιιι,
1600 1937 1657 2010 13).
1671 1939 1732 1994 Jam

77 2023 223 2082 ieremiam
237 2027 289 2098 (ιν,
307 2029 352 2100 3);
368 2036 395 2086 et
413 2029 495 2087 obliti
507 2031 708 2103 posteriorum,
729 2028 763 2084 irs
780 2026 880 2100 priora
932 2030 959 2079 et
971 2023 1074 2082 incesta
1089 2025 1213 2096 donabis,
1229 2035 1342 2099 propter
1360 2027 1411 2082 Lot
1436 2026 1517 2099 {Geu-
1535 2042 1599 2094 xxx,
1615 2027 1730 2098 33,35);

75 2113 263 2187 porripimur,
280 2117 430 2172 secundum
442 2118 604 2188 Apostolum
614 2117 805 2190 (Philippus,
817 2115 877 2186 13);
932 2117 960 2167 et
978 2110 1169 2172 fornicationes
1186 2131 1248 2173 cnm
1261 2115 1375 2189 incesto,
1390 2123 1501 2188 propter
1521 2115 1620 2172 ludam
1647 2113 1729 2187 (Gen.
1819 2146 1835 2161 -

79 2203 224 2259 etheaei
246 2202 396 2276 Prophetae
414 2207 553 2279 usquead
568 2210 717 2272 loannem,
733 2203 879 2261 secundum
932 2214 1055 2268 xxxsru,
1086 2203 1173 2273 t8],et
1199 2212 1294 2274 turpes
1326 2204 1360 2260 da
1385 2201 1575 2277 prostitutione
1611 2202 1729 2277 nuptias,
1784 2272 1792 2283 .

77 2289 220 2348 Dominum
236 2291 349 2364 (licitis.
371 2309 413 2362 ιι,
437 2295 504 2368 l3):
526 2294 752 2361 nam‚etsicum
766 2292 881 2348 maxime
932 2298 1045 2360 propter
1062 2288 1178 2364 Osee(t,
1199 2294 1225 2358 3,
1240 2291 1279 2362 3),
1296 2299 1323 2348 et
1345 2307 1400 2349 non
1415 2300 1517 2349 tantum
1537 2292 1729 2366 frequentatas,
1783 2288 1794 2296 “

80 2377 171 2452 alege
189 2380 323 2451 coepimus
337 2381 548 2439 demonstrando
562 2382 717 2452 moechiam,
736 2380 833 2437 merito
845 2378 880 2435 ab
934 2391 1030 2433 verum
1049 2385 1079 2434 et
1092 2378 1175 2435 semel
1186 2378 1278 2449 plures
1296 2387 1410 2453 propter
1423 2387 1513 2452 patres
1524 2389 1633 2437 nostros
1651 2381 1730 2451 (Gen.

79 2481 114 2524 ao
138 2475 208 2525 statu
231 2467 312 2539 legis,
337 2486 417 2542 quem
438 2469 561 2527 Christus
588 2486 643 2527 non
667 2467 802 2540 dissolvit,
832 2467 879 2524 sed
932 2481 995 2534 xvr,
1012 2468 1037 2535 3,
1053 2468 1086 2537 i;
1101 2482 1184 2533 xxrx,
1200 2468 1283 2541 xxx).
1297 2467 1396 2541 Utique
1410 2467 1732 2540 enimdiqnumestper·

80 2553 203 2626 implevit
224 2556 338 2628 (batth.
363 2574 392 2626 v,
416 2559 471 2630 li).
491 2557 582 2616 Onera
605 2557 679 2615 enim
703 2557 772 2631 lapis
794 2570 880 2628 usqua
932 2553 1034 2626 equari
1062 2569 1135 2611 nunc
1161 2570 1271 2629 quoque
1299 2555 1413 2626 matiam
1441 2554 1513 2613 circa
1538 2555 1633 2613 omnia
1657 2565 1731 2613 retro

78 2643 114 2698 ad
140 2643 282 2713 loannem,
307 2661 363 2703 non
387 2647 523 2714 remedia;
549 2660 665 2719 operans
688 2647 755 2718 juga
781 2644 880 2715 reiecta
932 2641 1045 2710 indulta,
1060 2642 1085 2699 si
1102 2645 1137 2701 de
1150 2644 1264 2714 pristino
1287 2644 1379 2716 aliquo
1406 2646 1528 2716 exemplo
1551 2645 1631 2704 senia
1658 2661 1730 2703 moe·

79 2739 153 2804 sunt,
168 2748 222 2790 non
245 2734 475 2807 disciplinarum:
507 2736 618 2794 libertas
641 2735 670 2791 iu
693 2735 802 2792 Christo
823 2746 880 2790 non
931 2733 1000 2790 chia
1013 2731 1175 2792 vindicatur.
1196 2733 1333 2789 Habemus
1354 2732 1464 2806 quidem
1483 2741 1510 2790 at
1536 2750 1588 2793 nos
1605 2734 1731 2805 ejusdem

79 2818 146 2879 iecit
167 2819 330 2881 innocentiae
354 2825 491 2901 injuriam.
507 2825 597 2882 llanat
617 2825 662 2882 lex
684 2829 740 2880 tota
760 2821 878 2894 pietatis,
932 2821 1219 2894 vestustatisexempla
1236 2837 1287 2895 pro
1300 2821 1435 2880 sententia
1449 2831 1550 2892 nostra,
1567 2836 1621 2878 non
1648 2822 1731 2881 modo

78 2909 237 2978 sanctitatis,
266 2912 451 2981 humanitatis,
475 2912 605 2983 ueritatis,
635 2909 774 2982 castitatis,
795 2907 877 2979 iusti·
932 2925 987 2966 non
1002 2909 1109 2980 indulti,
1133 2910 1332 2968 verumetiam
1360 2910 1548 2984 repraeseotati
1569 2909 1656 2982 iudici
1669 2910 1730 2985 (at)

78 2997 136 3070 tiae,
151 2999 353 3071 misericordiae,
378 3001 585 3069 benevolentia,
608 2999 756 3073 pudicitiae.
777 2999 809 3054 ln
827 3014 880 3071 qna
894 2990 917 3070 (ζ
931 2996 1135 3056 iornicatioanis
1152 2998 1232 3064 (Cea.
1251 3015 1315 3070 xix,
1330 3002 1376 3070 at,
1390 3000 1448 3072 38).
1470 3000 1504 3056 Et
1519 2999 1611 3072 utique
1630 2997 1731 3059 suflicit

74 3084 554 3165 legebantusuirquimeditabitur
567 3091 613 3148 die
626 3093 735 3149 cauete
751 3089 839 3159 (Paul.
854 3103 875 3157 1,
929 3091 1035 3142 tautum
1062 3102 1204 3144 numerum
1232 3087 1327 3161 viginti
1353 3093 1468 3160 quatuor
1495 3086 1610 3144 millium
1637 3089 1731 3162 popuii

77 3174 116 3247 i).
132 3176 173 3233 De
187 3177 326 3251 quoidam
340 3179 425 3236 David
440 3195 555 3238 rursus:
573 3182 629 3238 hex
643 3180 757 3237 Domini
770 3179 876 3236 inuita·
930 3173 1090 3233 fornicantis
1104 3177 1131 3232 in
1146 3175 1215 3236 filias
1237 3177 1317 3234 Moab
1342 3193 1398 3234 una
1410 3177 1490 3251 plaga
1516 3177 1603 3234 ruisse
1630 3176 1729 3248 (Numa

72 3264 219 3337 parabitis,
234 3272 398 3327 conuertens
410 3271 538 3337 animam
548 3269 620 3340 fura
631 3266 744 3325 hausisti
756 3266 875 3333 directa,
930 3279 1001 3331 xxv,
1018 3268 1031 3319 t
1047 3266 1147 3340 seqq).
1161 3264 1214 3323 Sed
1228 3265 1336 3323 maloin
1351 3265 1466 3341 gloriam
1480 3264 1581 3323 Christi
1593 3281 1610 3323 a
1623 3265 1730 3324 Christo

75 3352 542 3431 oblectantiacorda,·praeceptum
552 3355 874 3429 bamtuttoapetucem,
932 3351 1070 3409 deducere
1098 3351 1280 3424 disciplinam.
1304 3352 1453 3410 Habuerint
1477 3351 1592 3424 pristina
1622 3361 1730 3427 tempo·

75 3442 249 3502 illuminans
270 3445 365 3504 ocutos
388 3445 475 3513 (psat.
499 3459 582 3512 xant,
598 3448 614 3500 8
631 3452 659 3500 et
676 3441 777 3516 seqq).
792 3441 837 3500 Sic
850 3448 877 3499 et
930 3455 960 3496 ra
992 3440 1047 3512 (33)
1079 3441 1169 3498 omnis
1196 3441 1379 3515 impudicitia,
1409 3442 1433 3497 si
1468 3441 1562 3499 volunt
1597 3441 1729 3514 Psychici,

75 3531 225 3602 apostolus
240 3548 246 3590 :
259 3533 356 3607 ltaque
367 3532 537 3606 lemquidem
551 3536 652 3593 sancto
663 3537 716 3601 est,
726 3536 755 3589 et
765 3546 875 3606 proece·
929 3528 1017 3585 etiam·
1030 3535 1211 3600 potestatem
1226 3530 1321 3588 luserit
1334 3539 1397 3586 ante
1423 3530 1566 3588 Christum
1580 3543 1654 3596 caro,
1673 3529 1729 3588 imo

74 3622 161 3691 ptum
176 3624 308 3677 sunctum
327 3625 356 3680 et
374 3623 513 3693 optimum
526 3620 615 3694 (Rom.
631 3634 713 3685 xvm,
728 3615 877 3691 iiim
929 3616 1040 3686 perierit
1054 3626 1200 3690 autequam
1214 3634 1231 3674 a
1244 3617 1360 3675 homino
1374 3633 1425 3675 suo
1437 3616 1568 3689 requisita
1582 3623 1639 3687 est,·
1657 3631 1728 3675 non·

76 3705 248 3778 utique,Nou
261 3708 445 3766 mechaberis
463 3708 564 3780 (duod.
580 3724 632 3775 xx,
650 3706 705 3779 ti).
720 3705 775 3762 Sed
789 3715 817 3761 et
829 3721 875 3761 su·
931 3704 996 3762 dum
1011 3713 1070 3763 erat
1084 3704 1168 3779 digna
1182 3706 1255 3765 dono
1281 3705 1385 3775 salutis,
1400 3707 1523 3764 nondam
1552 3712 1615 3777 apta
1637 3703 1729 3764 oliicio

77 3809 140 3867 pra,
154 3796 253 3869 bapem
269 3810 334 3869 erpo
349 3813 516 3855 evacuamus
530 3813 581 3871 per
593 3793 702 3867 Mem?
715 3793 814 3854 Absit!
828 3794 877 3854 sed
929 3792 1088 3850 sanctitatis.
1102 3793 1199 3851 Adbuc
1221 3794 1251 3850 in
1272 3794 1364 3852 Adam
1389 3793 1570 3866 deputabatur
1591 3809 1652 3850 cunr
1677 3809 1729 3852 suo

78 3882 167 3959 mem
179 3887 309 3945 sutirum
322 3884 414 3960 (Rom.
429 3901 470 3955 ru,
487 3886 543 3959 st),
554 3884 657 3944 scilicet
671 3884 698 3940 in
713 3884 755 3940 his
773 3899 834 3956 quaa
847 3891 875 3941 et
928 3882 1006 3948 vitio,
1020 3883 1099 3942 facile
1116 3886 1189 3958 quod
1210 3886 1364 3957 speciosum
1388 3883 1494 3942 viderat
1518 3883 1727 3956 concupiscens,

74 3986 235 4031 nuncnova
253 3974 428 4031 Testamento
446 3974 589 4032 interdicta
603 3972 683 4029 etiam
697 3969 875 4028 cumulatiora
929 3977 957 4026 et
979 3970 1016 4027 ad
1029 3970 1159 4029 inferiora
1172 3973 1332 4047 respiciens,
1347 3981 1375 4031 et
1387 3973 1421 4029 de
1431 3972 1553 4029 ficulneis
1576 3971 1648 4029 loliis
1662 3987 1728 4044 pru·

74 4069 215 4134 precepto
234 4063 421 4133 prohibentur.
437 4063 489 4118 Pro
511 4064 572 4120 Non
594 4059 775 4118 maechaberis
794 4060 876 4128 :Qui
929 4057 1046 4130 riginem
1075 4059 1158 4118 991
1191 4061 1322 4119 retinens.
1349 4061 1502 4118 inhaerebat
1532 4075 1728 4133 usquequaque

72 4148 179 4207 uiderit
191 4150 229 4207 ad
245 4153 515 4226 concupiscentiam,
527 4153 592 4223 jorn
610 4148 767 4206 mechatus
785 4150 829 4203 ert
842 4148 876 4204 iu
928 4144 1048 4204 libidinis
1060 4147 1145 4221 sirus,
1165 4158 1193 4207 et
1208 4151 1288 4221 iacta
1302 4151 1327 4190 22
1346 4150 1440 4207 sordes
1458 4164 1513 4206 non
1539 4146 1614 4204 ablui
1626 4148 1652 4186 22
1664 4147 1726 4206 ido·

71 4235 220 4296 cordcsao
234 4237 348 4310 (llattlu
362 4255 391 4310 v,
407 4240 451 4308 st,
467 4239 530 4311 38);
545 4245 573 4296 et
590 4251 640 4312 pro
655 4237 716 4295 dou
736 4233 874 4292 occides:
928 4249 986 4289 neae
999 4233 1068 4308 (33),
1083 4236 1156 4308 quod
1169 4252 1219 4294 nec
1232 4236 1402 4311 ipsaeadhuc
1423 4250 1501 4308 aquae
1525 4235 1658 4293 laverant.
1689 4231 1727 4294 dt

754 4343 852 4407 Varias
884 4346 1041 4410 lectiones.

108 4453 136 4494 ²⁵
150 4453 246 4539 Aliqua
261 4457 341 4514 Pam.
357 4456 449 4516 Rhea.
466 4454 577 4516 Obertlt
591 4452 618 4495 ²⁶
630 4452 700 4510 Cum
718 4466 800 4511 musa
823 4449 885 4520 ejus
904 4451 1020 4509 moechia
1033 4452 1121 4514 him.
1140 4455 1222 4514 Pam.
1238 4453 1349 4514 doust.
1365 4456 1446 4528 beop.
1458 4453 1483 4494 22
1502 4453 1591 4510 Laetae
1610 4451 1725 4526 (lacteae)

72 4525 155 4585 Pam.
171 4528 290 4600 utrique.
306 4528 332 4568 22
345 4528 407 4586 Non
420 4529 553 4585 babentes
572 4527 664 4586 Wouu
676 4523 736 4586 eod.

773 4620 1023 4686 Commentarius.

108 4730 169 4801 (33)
183 4731 255 4800 Quid
304 4733 511 4791 iamoliisrima
524 4736 552 4789 et
567 4729 775 4788 humanissima
789 4725 872 4784 disci·
927 4727 1036 4785 tertiam
1054 4729 1175 4787 omnium
1204 4737 1372 4804 peccatorum
1399 4722 1573 4810 quantumyis
1599 4723 1724 4799 qrsrinm

71 4801 166 4877 plina.
180 4801 225 4858 Sic
249 4746 314 4860 aiaigi
337 4802 445 4884 dicius
470 4800 782 4886 laxissimaedisciplinae
797 4812 871 4882 cam·
926 4796 1086 4857 confirmant
1112 4803 1242 4884 adversus
1267 4802 1442 4886 Noratianos·
1478 4804 1506 4882 et
1532 4813 1592 4870 ipse
1619 4797 1722 4853 ductor

70 4889 151 4946 pum.
167 4890 181 4924 s
200 4873 233 4929 Ut
250 4881 386 4932 contrario
406 4889 488 4931 sensu
509 4867 874 4946 nusquamnunquam
925 4884 1034 4942 quoque
1059 4873 1192 4947 exemplis
1204 4874 1298 4932 hobab
1312 4883 1340 4931 et
1362 4843 1457 4943 David,
1480 4870 1528 4930 hb.
1548 4886 1565 4929 v
1587 4868 1720 4927 aduersus

70 4948 101 5004 et
114 4944 267 5016 operibus:
287 4944 443 5018 Antiquam
461 4949 490 5004 et
509 4945 655 5003 robustum
673 4958 791 5001 morem
807 4943 872 4999 ltro.
926 4943 1105 5010 Marcionem,
1121 4960 1180 5015 cap.
1198 4949 1227 5000 tt
1247 4945 1316 5001 Pus.

107 5013 696 5141 (ibpdololatramquidemethmuicidaru
705 5012 875 5072 semeidam·
961 5013 1357 5101 (indeproeseatatijudicii.
1367 5014 1506 5100 accipitur
1515 5014 1559 5070 hic
1567 5016 1725 5088 represent

68 5103 150 5238 iliu
166 5103 219 5230 tlt
236 5086 872 5241 b'iunti‘ttlllllttfvittati:
925 5087 1554 5241 ‘¹‘lsll⁰aiidiiiifiiliidiiiu¹ifiu
1577 5157 1666 5216 nisam
1680 5155 1724 5212 aa

71 5236 162 5285 nsatur
181 5239 274 5288 auctor
301 5245 330 5286 tn
357 5230 534 5296 orthodoxos,
560 5239 687 5302 unquam
709 5244 731 5284 sr
754 5227 872 5310 rdolqla-
926 5230 1093 5286 orthodoxos
1107 5229 1296 5287 calumniatur.
1311 5233 1382 5288 Pau.
1615 5299 1620 5312 ι

72 5306 146 5363 mur
171 5306 200 5357 et
221 5298 384 5359 homicidam
407 5301 441 5359 ad
464 5301 651 5377 poenitentiam
671 5313 727 5356 non
751 5301 873 5356 admitte·
962 5302 1019 5375 (33)
1038 5301 1197 5359 luhoeredat
1216 5317 1414 5388 usquequaque
1444 5300 1572 5381 libidinis¹
1592 5314 1680 5381 uirus,
1695 5299 1724 5379 et

70 5374 147 5428 rent.
160 5369 234 5429 Pu.
919 5374 1009 5443 iactu
1024 5373 1118 5431 sordes
1134 5390 1192 5431 aon
1206 5375 1285 5432 ablui
1303 5374 1420 5432 adoneae.
1439 5374 1477 5429 De
1496 5372 1588 5450 inacus
1603 5368 1724 5424 hculners

109 5441 168 5516 (30)
186 5446 324 5519 Populum
339 5447 434 5520 iprum
447 5447 652 5512 totieuarauru,
668 5447 721 5499 etc.
735 5441 802 5498 Utut
815 5441 873 5498 eln·
925 5443 996 5500 loliis
1009 5445 1113 5503 exsistit
1127 5446 1204 5519 quasi
1232 5461 1353 5506 venerea
1375 5444 1455 5521 pruni
1476 5443 1526 5496 'nis
1553 5455 1637 5496 uuus.
1666 5438 1723 5492 liar

68 5512 266 5596 daretnitatur
292 5526 396 5602 auctor,
420 5524 492 5574 certe
505 5525 533 5573 et
556 5512 599 5597 bis
611 5511 680 5585 ipsis
702 5518 812 5595 utuntur
834 5512 869 5571 b.
925 5530 989 5572 vero
1005 5517 1155 5602 prurigine,
1182 5516 1420 5647 gimilfflfflinei
1432 5514 1456 5570 ll
1475 5528 1571 5592 amum
1580 5518 1607 5566 et
1634 5511 1722 5590 livam

69 5584 236 5657 Cyprianus,
258 5587 291 5647 u.
315 5588 449 5647 emanas
469 5586 543 5647 atil.
561 5585 695 5645 liraron...
719 5591 758 5641 nu
781 5598 871 5659 poent-
924 5601 1058 5648 annuas
1074 5597 1163 5648 rnnurt
1220 5600 1338 5661 pumina,
1362 5590 1546 5658 autumatque
1564 5595 1722 5654 rmpornus·
