<?xml version="1.0" encoding="UTF-8"?>
<!DOCTYPE html PUBLIC "-//W3C//DTD XHTML 1.0 Transitional//EN"
    "http://www.w3.org/TR/xhtml1/DTD/xhtml1-transitional.dtd">
<html xmlns="http://www.w3.org/1999/xhtml" xml:lang="en" lang="en">
 <head>
  <title>
</title>
<meta http-equiv="Content-Type" content="text/html;charset=utf-8" />
  <meta name='ocr-system' content='tesseract 3.04.00' />
  <meta name='ocr-capabilities' content='ocr_page ocr_carea ocr_par ocr_line ocrx_word'/>
</head>
<body>
  <div class='ocr_page' id='page_1' title='image "./patrologiaecurs51unkngoog_0100.png"; bbox 0 0 3840 6134; ppageno 0'>
   <div class='ocr_carea' id='block_1_1' title="bbox 69 298 1719 369">
    <p class='ocr_par' dir='ltr' id='par_1_1' title="bbox 69 298 1719 369">
     <span class='ocr_line' id='line_1_1' title="bbox 69 298 1719 369; baseline -0.017 10"><span class='ocrx_word' id='word_1_1' title='bbox 69 298 114 359; x_wconf 78' lang='lat'>¹⁸⁰</span> <span class='ocrx_word' id='word_1_2' title='bbox 715 305 769 369; x_wconf 86' lang='lat' dir='ltr'>nra</span> <span class='ocrx_word' id='word_1_3' title='bbox 788 306 868 369; x_wconf 78' lang='lat' dir='ltr'>unt.</span> <span class='ocrx_word' id='word_1_4' title='bbox 898 300 1070 366; x_wconf 81' lang='lat' dir='ltr'>narratu.</span> <span class='ocrx_word' id='word_1_5' title='bbox 1667 308 1719 368; x_wconf 67' lang='lat'>190</span> 
     </span>
    </p>
   </div>
   <div class='ocr_carea' id='block_1_2' title="bbox 10 423 1716 5322">
    <p class='ocr_par' dir='ltr' id='par_1_2' title="bbox 64 423 1714 529">
     <span class='ocr_line' id='line_1_2' title="bbox 64 423 1714 529; baseline 0.007 -46"><span class='ocrx_word' id='word_1_6' title='bbox 64 434 106 491; x_wconf 84' lang='lat' dir='ltr'>et,</span> <span class='ocrx_word' id='word_1_7' title='bbox 116 423 188 484; x_wconf 73' lang='lat' dir='ltr'>dilus</span> <span class='ocrx_word' id='word_1_8' title='bbox 201 440 264 484; x_wconf 84' lang='lat' dir='ltr'>non</span> <span class='ocrx_word' id='word_1_9' title='bbox 278 427 345 486; x_wconf 89' lang='lat' dir='ltr'>erit.</span> <span class='ocrx_word' id='word_1_10' title='bbox 366 427 411 486; x_wconf 88' lang='lat' dir='ltr'>Sic</span> <span class='ocrx_word' id='word_1_11' title='bbox 428 430 613 489; x_wconf 83' lang='lat' dir='ltr'>monarchiam</span> <span class='ocrx_word' id='word_1_12' title='bbox 627 439 728 500; x_wconf 87' lang='lat' dir='ltr'>tenent,</span> <span class='ocrx_word' id='word_1_13' title='bbox 752 434 800 508; x_wconf 92' lang='lat' dir='ltr'>qui</span> <span class='ocrx_word' id='word_1_14' title='bbox 813 449 863 492; x_wconf 91' lang='lat' dir='ltr'>nec</span> <span class='ocrx_word' id='word_1_15' title='bbox 877 447 903 529; x_wconf 56' lang='grc' dir='ltr'>Ι</span> <span class='ocrx_word' id='word_1_16' title='bbox 916 431 981 489; x_wconf 88' lang='lat' dir='ltr'>alibi</span> <span class='ocrx_word' id='word_1_17' title='bbox 997 451 1004 487; x_wconf 76' lang='lat' dir='ltr'>e</span> <span class='ocrx_word' id='word_1_18' title='bbox 1021 453 1034 483; x_wconf 74' lang='lat' dir='ltr'>r</span> <span class='ocrx_word' id='word_1_19' title='bbox 1050 429 1183 489; x_wconf 86' lang='lat' dir='ltr'>Dominus</span> <span class='ocrx_word' id='word_1_20' title='bbox 1195 431 1263 489; x_wconf 84' lang='lat' dir='ltr'>dirit</span> <span class='ocrx_word' id='word_1_21' title='bbox 1281 432 1370 501; x_wconf 87' lang='lat' dir='ltr'>adse,</span> <span class='ocrx_word' id='word_1_22' title='bbox 1385 433 1469 490; x_wconf 79' lang='lat' dir='ltr'>Filius</span> <span class='ocrx_word' id='word_1_23' title='bbox 1482 450 1561 494; x_wconf 93' lang='lat' dir='ltr'>mens</span> <span class='ocrx_word' id='word_1_24' title='bbox 1575 452 1634 493; x_wconf 90' lang='lat' dir='ltr'>sam</span> <span class='ocrx_word' id='word_1_25' title='bbox 1646 451 1714 510; x_wconf 70' lang='lat' dir='ltr'>ego,</span> 
     </span>
    </p>

    <p class='ocr_par' dir='ltr' id='par_1_3' title="bbox 62 515 1713 595">
     <span class='ocr_line' id='line_1_3' title="bbox 62 515 1713 595; baseline 0.007 -26"><span class='ocrx_word' id='word_1_26' title='bbox 62 521 149 585; x_wconf 80' lang='lat' dir='ltr'>prdem</span> <span class='ocrx_word' id='word_1_27' title='bbox 163 529 221 572; x_wconf 87' lang='lat' dir='ltr'>nec</span> <span class='ocrx_word' id='word_1_28' title='bbox 234 515 332 573; x_wconf 83' lang='lat' dir='ltr'>lilium</span> <span class='ocrx_word' id='word_1_29' title='bbox 351 519 499 577; x_wconf 88' lang='lat' dir='ltr'>continent.</span> <span class='ocrx_word' id='word_1_30' title='bbox 514 520 570 578; x_wconf 87' lang='lat' dir='ltr'>Sed</span> <span class='ocrx_word' id='word_1_31' title='bbox 586 521 654 578; x_wconf 86' lang='lat' dir='ltr'>nihil</span> <span class='ocrx_word' id='word_1_32' title='bbox 668 523 726 580; x_wconf 85' lang='lat' dir='ltr'>Deo</span> <span class='ocrx_word' id='word_1_33' title='bbox 741 522 861 581; x_wconf 83' lang='lat' dir='ltr'>difficile.</span> <span class='ocrx_word' id='word_1_34' title='bbox 917 535 969 595; x_wconf 76' lang='lat' dir='ltr'>ega</span> <span class='ocrx_word' id='word_1_35' title='bbox 993 520 1073 576; x_wconf 88' lang='lat' dir='ltr'>bodie</span> <span class='ocrx_word' id='word_1_36' title='bbox 1096 520 1225 591; x_wconf 75' lang='lat' dir='ltr'>generavi</span> <span class='ocrx_word' id='word_1_37' title='bbox 1247 537 1302 588; x_wconf 92' lang='lat' dir='ltr'>me,</span> <span class='ocrx_word' id='word_1_38' title='bbox 1326 543 1340 572; x_wconf 74' lang='grc' dir='ltr'>ι</span> <span class='ocrx_word' id='word_1_39' title='bbox 1356 523 1470 595; x_wconf 90' lang='lat' dir='ltr'>proinde</span> <span class='ocrx_word' id='word_1_40' title='bbox 1485 534 1512 580; x_wconf 92' lang='lat' dir='ltr'>et</span> <span class='ocrx_word' id='word_1_41' title='bbox 1529 543 1536 580; x_wconf 92' lang='lat'>:</span> <span class='ocrx_word' id='word_1_42' title='bbox 1554 545 1567 578; x_wconf 80' lang='lat' dir='ltr'>r</span> <span class='ocrx_word' id='word_1_43' title='bbox 1584 524 1655 581; x_wconf 79' lang='lat' dir='ltr'>Ante</span> <span class='ocrx_word' id='word_1_44' title='bbox 1669 525 1713 580; x_wconf 93' lang='lat' dir='ltr'>lu-</span> 
     </span>
    </p>

    <p class='ocr_par' dir='ltr' id='par_1_4' title="bbox 44 600 1716 3108">
     <span class='ocr_line' id='line_1_4' title="bbox 60 600 1715 686; baseline 0.008 -28"><span class='ocrx_word' id='word_1_45' title='bbox 60 600 109 672; x_wconf 80' lang='lat' dir='ltr'>Quis</span> <span class='ocrx_word' id='word_1_46' title='bbox 127 603 181 660; x_wconf 89' lang='lat' dir='ltr'>boc</span> <span class='ocrx_word' id='word_1_47' title='bbox 207 605 352 663; x_wconf 75' lang='lat' dir='ltr'>nesciet?</span> <span class='ocrx_word' id='word_1_48' title='bbox 370 614 398 663; x_wconf 91' lang='lat' dir='ltr'>et</span> <span class='ocrx_word' id='word_1_49' title='bbox 410 608 599 683; x_wconf 77' lang='lat' dir='ltr'>impassibilia</span> <span class='ocrx_word' id='word_1_50' title='bbox 621 612 699 684; x_wconf 81' lang='lat' dir='ltr'>apud</span> <span class='ocrx_word' id='word_1_51' title='bbox 710 613 860 679; x_wconf 77' lang='lat' dir='ltr'>caculam,</span> <span class='ocrx_word' id='word_1_52' title='bbox 917 609 1029 667; x_wconf 82' lang='lat' dir='ltr'>citarum</span> <span class='ocrx_word' id='word_1_53' title='bbox 1043 608 1171 683; x_wconf 69' lang='lat' dir='ltr'>generavi</span> <span class='ocrx_word' id='word_1_54' title='bbox 1185 625 1230 668; x_wconf 89' lang='lat' dir='ltr'>me</span> <span class='ocrx_word' id='word_1_55' title='bbox 1253 614 1338 682; x_wconf 79' lang='lat' dir='ltr'>(Psal.</span> <span class='ocrx_word' id='word_1_56' title='bbox 1357 627 1415 680; x_wconf 82' lang='lat' dir='ltr'>eux,</span> <span class='ocrx_word' id='word_1_57' title='bbox 1432 613 1471 686; x_wconf 76' lang='lat'>3),</span> <span class='ocrx_word' id='word_1_58' title='bbox 1487 620 1513 669; x_wconf 89' lang='lat' dir='ltr'>et</span> <span class='ocrx_word' id='word_1_59' title='bbox 1529 631 1536 669; x_wconf 95' lang='lat'><strong>:</strong></span> <span class='ocrx_word' id='word_1_60' title='bbox 1553 614 1715 671; x_wconf 79' lang='lat' dir='ltr'><strong>«Dominus</strong></span> 
     </span>
     <span class='ocr_line' id='line_1_5' title="bbox 56 690 1713 775; baseline 0.007 -26"><span class='ocrx_word' id='word_1_61' title='bbox 56 690 179 764; x_wconf 66' lang='lat' dir='ltr'>patra</span> <span class='ocrx_word' id='word_1_62' title='bbox 195 695 291 767; x_wconf 77' lang='lat' dir='ltr'>apud</span> <span class='ocrx_word' id='word_1_63' title='bbox 303 697 396 755; x_wconf 64' lang='lat' dir='ltr'>Decea</span> <span class='ocrx_word' id='word_1_64' title='bbox 409 697 521 771; x_wconf 84' lang='lat' dir='ltr'>(llattb.</span> <span class='ocrx_word' id='word_1_65' title='bbox 532 715 595 767; x_wconf 76' lang='lat' dir='ltr'>xm,</span> <span class='ocrx_word' id='word_1_66' title='bbox 609 702 723 772; x_wconf 76' lang='lat' dir='ltr'>26)quis</span> <span class='ocrx_word' id='word_1_67' title='bbox 733 701 865 775; x_wconf 72' lang='lat' dir='ltr'>ignorati</span> <span class='ocrx_word' id='word_1_68' title='bbox 917 699 1037 758; x_wconf 75' lang='lat' dir='ltr'>condidit</span> <span class='ocrx_word' id='word_1_69' title='bbox 1064 715 1109 757; x_wconf 90' lang='lat' dir='ltr'>me</span> <span class='ocrx_word' id='word_1_70' title='bbox 1128 700 1235 757; x_wconf 90' lang='lat' dir='ltr'>initium</span> <span class='ocrx_word' id='word_1_71' title='bbox 1257 702 1362 759; x_wconf 88' lang='lat' dir='ltr'>riarum</span> <span class='ocrx_word' id='word_1_72' title='bbox 1389 703 1417 757; x_wconf 90' lang='lat' dir='ltr'>in</span> <span class='ocrx_word' id='word_1_73' title='bbox 1439 716 1521 773; x_wconf 89' lang='lat' dir='ltr'>opera</span> <span class='ocrx_word' id='word_1_74' title='bbox 1544 717 1624 769; x_wconf 88' lang='lat' dir='ltr'>mea;</span> <span class='ocrx_word' id='word_1_75' title='bbox 1648 711 1713 760; x_wconf 87' lang='lat' dir='ltr'>sate</span> 
     </span>
     <span class='ocr_line' id='line_1_6' title="bbox 57 778 1710 865; baseline 0.005 -30"><span class='ocrx_word' id='word_1_76' title='bbox 57 778 166 837; x_wconf 81' lang='lat' dir='ltr'>ltrtalta</span> <span class='ocrx_word' id='word_1_77' title='bbox 185 785 318 842; x_wconf 77' lang='lat' dir='ltr'>mundi</span> <span class='ocrx_word' id='word_1_78' title='bbox 332 787 420 859; x_wconf 77' lang='lat' dir='ltr'>clepit</span> <span class='ocrx_word' id='word_1_79' title='bbox 437 792 519 856; x_wconf 80' lang='lat' dir='ltr'>Deus,</span> <span class='ocrx_word' id='word_1_80' title='bbox 534 791 739 862; x_wconf 79' lang='lat' dir='ltr'>atcaasaadat</span> <span class='ocrx_word' id='word_1_81' title='bbox 752 793 864 864; x_wconf 83' lang='lat' dir='ltr'>sapien·</span> <span class='ocrx_word' id='word_1_82' title='bbox 918 805 1013 847; x_wconf 89' lang='lat' dir='ltr'>amnes</span> <span class='ocrx_word' id='word_1_83' title='bbox 1027 797 1116 846; x_wconf 86' lang='lat' dir='ltr'>autern</span> <span class='ocrx_word' id='word_1_84' title='bbox 1138 789 1223 847; x_wconf 89' lang='lat' dir='ltr'>colles</span> <span class='ocrx_word' id='word_1_85' title='bbox 1244 790 1369 863; x_wconf 77' lang='lat' dir='ltr'>generavi</span> <span class='ocrx_word' id='word_1_86' title='bbox 1384 806 1427 848; x_wconf 88' lang='lat' dir='ltr'>mc</span> <span class='ocrx_word' id='word_1_87' title='bbox 1442 790 1519 865; x_wconf 84' lang='lat' dir='ltr'>(Sap.</span> <span class='ocrx_word' id='word_1_88' title='bbox 1534 804 1598 861; x_wconf 77' lang='lat' dir='ltr'>stu,</span> <span class='ocrx_word' id='word_1_89' title='bbox 1611 793 1710 864; x_wconf 70' lang='lat'><strong>22);‚</strong></span> 
     </span>
     <span class='ocr_line' id='line_1_7' title="bbox 56 871 1710 955; baseline 0.006 -29"><span class='ocrx_word' id='word_1_90' title='bbox 56 872 100 926; x_wconf 82' lang='lat' dir='ltr'>list</span> <span class='ocrx_word' id='word_1_91' title='bbox 119 871 145 909; x_wconf 77' lang='lat'>⁴⁸</span> <span class='ocrx_word' id='word_1_92' title='bbox 160 872 191 944; x_wconf 84' lang='grc' dir='ltr'>(Ι</span> <span class='ocrx_word' id='word_1_93' title='bbox 209 874 293 931; x_wconf 82' lang='lat' dir='ltr'>Car.</span> <span class='ocrx_word' id='word_1_94' title='bbox 324 891 347 944; x_wconf 88' lang='lat'>1,</span> <span class='ocrx_word' id='word_1_95' title='bbox 365 878 411 946; x_wconf 80' lang='lat' dir='ltr'>at)</span> <span class='ocrx_word' id='word_1_96' title='bbox 438 891 446 933; x_wconf 75' lang='grc' dir='ltr'>ι</span> <span class='ocrx_word' id='word_1_97' title='bbox 474 878 590 952; x_wconf 70' lang='lat' dir='ltr'>legimus</span> <span class='ocrx_word' id='word_1_98' title='bbox 603 880 703 936; x_wconf 91' lang='lat' dir='ltr'>omnia.</span> <span class='ocrx_word' id='word_1_99' title='bbox 720 881 805 955; x_wconf 80' lang='lat' dir='ltr'>Erga,</span> <span class='ocrx_word' id='word_1_100' title='bbox 822 882 863 936; x_wconf 94' lang='lat' dir='ltr'>in·</span> <span class='ocrx_word' id='word_1_101' title='bbox 917 886 944 936; x_wconf 89' lang='lat' dir='ltr'>et</span> <span class='ocrx_word' id='word_1_102' title='bbox 956 880 980 936; x_wconf 91' lang='lat' dir='ltr'>si</span> <span class='ocrx_word' id='word_1_103' title='bbox 993 896 1047 953; x_wconf 87' lang='lat' dir='ltr'>qua</span> <span class='ocrx_word' id='word_1_104' title='bbox 1069 879 1121 936; x_wconf 83' lang='lat' dir='ltr'>alia</span> <span class='ocrx_word' id='word_1_105' title='bbox 1143 880 1172 936; x_wconf 92' lang='lat' dir='ltr'>in</span> <span class='ocrx_word' id='word_1_106' title='bbox 1195 880 1267 938; x_wconf 89' lang='lat' dir='ltr'>buna</span> <span class='ocrx_word' id='word_1_107' title='bbox 1289 880 1400 938; x_wconf 88' lang='lat' dir='ltr'>madum</span> <span class='ocrx_word' id='word_1_108' title='bbox 1420 890 1492 938; x_wconf 89' lang='lat' dir='ltr'>sunt.</span> <span class='ocrx_word' id='word_1_109' title='bbox 1515 879 1602 950; x_wconf 88' lang='lat' dir='ltr'>Quem</span> <span class='ocrx_word' id='word_1_110' title='bbox 1621 889 1710 938; x_wconf 87' lang='lat' dir='ltr'>autem</span> 
     </span>
     <span class='ocr_line' id='line_1_8' title="bbox 53 958 1716 1042; baseline 0.005 -26"><span class='ocrx_word' id='word_1_111' title='bbox 53 958 126 1033; x_wconf 70' lang='lat' dir='ltr'>ruunt,</span> <span class='ocrx_word' id='word_1_112' title='bbox 141 958 283 1019; x_wconf 76' lang='lat' dir='ltr'>difficile</span> <span class='ocrx_word' id='word_1_113' title='bbox 301 977 366 1022; x_wconf 89' lang='lat' dir='ltr'>non</span> <span class='ocrx_word' id='word_1_114' title='bbox 388 963 440 1022; x_wconf 81' lang='lat' dir='ltr'>init</span> <span class='ocrx_word' id='word_1_115' title='bbox 462 967 530 1034; x_wconf 83' lang='lat' dir='ltr'>Deo,</span> <span class='ocrx_word' id='word_1_116' title='bbox 555 968 645 1040; x_wconf 88' lang='lat' dir='ltr'>ipsum</span> <span class='ocrx_word' id='word_1_117' title='bbox 665 984 696 1025; x_wconf 89' lang='lat' dir='ltr'>se</span> <span class='ocrx_word' id='word_1_118' title='bbox 719 977 747 1025; x_wconf 88' lang='lat' dir='ltr'>et</span> <span class='ocrx_word' id='word_1_119' title='bbox 759 980 863 1042; x_wconf 87' lang='lat' dir='ltr'>patrem</span> <span class='ocrx_word' id='word_1_120' title='bbox 917 970 1059 1026; x_wconf 76' lang='lat' dir='ltr'><strong>verebatur</strong></span> <span class='ocrx_word' id='word_1_121' title='bbox 1079 969 1152 1026; x_wconf 88' lang='lat' dir='ltr'>Deus</span> <span class='ocrx_word' id='word_1_122' title='bbox 1174 969 1306 1025; x_wconf 81' lang='lat' dir='ltr'>Dominus</span> <span class='ocrx_word' id='word_1_123' title='bbox 1330 969 1510 1027; x_wconf 80' lang='lat' dir='ltr'>universitatis</span> <span class='ocrx_word' id='word_1_124' title='bbox 1534 972 1571 1026; x_wconf 86' lang='lat' dir='ltr'>ita</span> <span class='ocrx_word' id='word_1_125' title='bbox 1593 985 1716 1042; x_wconf 89' lang='lat' dir='ltr'>pmnun·</span> 
     </span>
     <span class='ocr_line' id='line_1_9' title="bbox 51 1047 1714 1128; baseline 0.005 -22"><span class='ocrx_word' id='word_1_126' title='bbox 51 1047 148 1106; x_wconf 82' lang='lat' dir='ltr'>atilium</span> <span class='ocrx_word' id='word_1_127' title='bbox 180 1049 320 1123; x_wconf 75' lang='lat' dir='ltr'>facere,</span> <span class='ocrx_word' id='word_1_128' title='bbox 346 1054 478 1111; x_wconf 80' lang='lat' dir='ltr'>adversus</span> <span class='ocrx_word' id='word_1_129' title='bbox 500 1056 625 1114; x_wconf 84' lang='lat' dir='ltr'>traditam</span> <span class='ocrx_word' id='word_1_130' title='bbox 644 1055 759 1115; x_wconf 81' lang='lat' dir='ltr'>formam</span> <span class='ocrx_word' id='word_1_131' title='bbox 782 1060 864 1116; x_wconf 87' lang='lat' dir='ltr'>rebus</span> <span class='ocrx_word' id='word_1_132' title='bbox 917 1057 994 1127; x_wconf 82' lang='lat' dir='ltr'>tiara,</span> <span class='ocrx_word' id='word_1_133' title='bbox 1009 1059 1031 1113; x_wconf 93' lang='lat' dir='ltr'>si</span> <span class='ocrx_word' id='word_1_134' title='bbox 1046 1058 1082 1112; x_wconf 89' lang='lat' dir='ltr'>ita</span> <span class='ocrx_word' id='word_1_135' title='bbox 1098 1073 1140 1114; x_wconf 90' lang='lat' dir='ltr'>res</span> <span class='ocrx_word' id='word_1_136' title='bbox 1154 1065 1228 1128; x_wconf 74' lang='lat' dir='ltr'>eret,</span> <span class='ocrx_word' id='word_1_137' title='bbox 1253 1075 1287 1114; x_wconf 90' lang='lat' dir='ltr'>aa</span> <span class='ocrx_word' id='word_1_138' title='bbox 1303 1058 1443 1115; x_wconf 76' lang='lat' dir='ltr'>verebatur</span> <span class='ocrx_word' id='word_1_139' title='bbox 1458 1075 1493 1115; x_wconf 88' lang='lat' dir='ltr'>ue</span> <span class='ocrx_word' id='word_1_140' title='bbox 1516 1074 1571 1116; x_wconf 90' lang='lat' dir='ltr'>non</span> <span class='ocrx_word' id='word_1_141' title='bbox 1587 1059 1714 1115; x_wconf 78' lang='lat' dir='ltr'>credere</span> 
     </span>
     <span class='ocr_line' id='line_1_10' title="bbox 48 1137 1713 1217; baseline 0.002 -21"><span class='ocrx_word' id='word_1_142' title='bbox 48 1137 143 1207; x_wconf 63' lang='lat' dir='ltr'>lurtum</span> <span class='ocrx_word' id='word_1_143' title='bbox 159 1156 243 1197; x_wconf 86' lang='lat' dir='ltr'>nam</span> <span class='ocrx_word' id='word_1_144' title='bbox 279 1148 320 1197; x_wconf 81' lang='lat' dir='ltr'>et</span> <span class='ocrx_word' id='word_1_145' title='bbox 350 1143 470 1200; x_wconf 79' lang='lat' dir='ltr'>sterilem</span> <span class='ocrx_word' id='word_1_146' title='bbox 484 1160 592 1215; x_wconf 88' lang='lat' dir='ltr'>parere,</span> <span class='ocrx_word' id='word_1_147' title='bbox 611 1155 707 1204; x_wconf 87' lang='lat' dir='ltr'>contra</span> <span class='ocrx_word' id='word_1_148' title='bbox 728 1154 862 1216; x_wconf 87' lang='lat' dir='ltr'>naturam,</span> <span class='ocrx_word' id='word_1_149' title='bbox 917 1151 969 1216; x_wconf 89' lang='lat' dir='ltr'>tur,</span> <span class='ocrx_word' id='word_1_150' title='bbox 986 1146 1008 1201; x_wconf 92' lang='lat' dir='ltr'>si</span> <span class='ocrx_word' id='word_1_151' title='bbox 1022 1146 1179 1217; x_wconf 89' lang='lat' dir='ltr'>simpliciter</span> <span class='ocrx_word' id='word_1_152' title='bbox 1196 1161 1226 1203; x_wconf 89' lang='lat' dir='ltr'>se</span> <span class='ocrx_word' id='word_1_153' title='bbox 1240 1156 1267 1202; x_wconf 89' lang='lat' dir='ltr'>et</span> <span class='ocrx_word' id='word_1_154' title='bbox 1289 1146 1394 1201; x_wconf 83' lang='lat' dir='ltr'>Patrem</span> <span class='ocrx_word' id='word_1_155' title='bbox 1418 1154 1445 1203; x_wconf 88' lang='lat' dir='ltr'>et</span> <span class='ocrx_word' id='word_1_156' title='bbox 1468 1146 1565 1203; x_wconf 84' lang='lat' dir='ltr'>Filium</span> <span class='ocrx_word' id='word_1_157' title='bbox 1591 1161 1713 1217; x_wconf 88' lang='lat' dir='ltr'>pmnnn-</span> 
     </span>
     <span class='ocr_line' id='line_1_11' title="bbox 47 1226 1712 1308; baseline 0.002 -23"><span class='ocrx_word' id='word_1_158' title='bbox 47 1226 118 1285; x_wconf 77' lang='lat' dir='ltr'>atde</span> <span class='ocrx_word' id='word_1_159' title='bbox 137 1229 208 1287; x_wconf 88' lang='lat' dir='ltr'>Deo</span> <span class='ocrx_word' id='word_1_160' title='bbox 243 1244 323 1287; x_wconf 81' lang='lat' dir='ltr'>non</span> <span class='ocrx_word' id='word_1_161' title='bbox 345 1229 411 1301; x_wconf 79' lang='lat' dir='ltr'>init,</span> <span class='ocrx_word' id='word_1_162' title='bbox 439 1232 510 1292; x_wconf 86' lang='lat' dir='ltr'>siout</span> <span class='ocrx_word' id='word_1_163' title='bbox 533 1249 584 1292; x_wconf 91' lang='lat' dir='ltr'>nec</span> <span class='ocrx_word' id='word_1_164' title='bbox 609 1235 751 1308; x_wconf 79' lang='lat' dir='ltr'>virginem.</span> <span class='ocrx_word' id='word_1_165' title='bbox 781 1236 864 1295; x_wconf 87' lang='lat' dir='ltr'>Plane</span> <span class='ocrx_word' id='word_1_166' title='bbox 916 1234 1033 1291; x_wconf 81' lang='lat' dir='ltr'>tiassetl</span> <span class='ocrx_word' id='word_1_167' title='bbox 1047 1235 1135 1290; x_wconf 88' lang='lat' dir='ltr'>Unum</span> <span class='ocrx_word' id='word_1_168' title='bbox 1154 1242 1244 1290; x_wconf 87' lang='lat' dir='ltr'>tamen</span> <span class='ocrx_word' id='word_1_169' title='bbox 1265 1234 1370 1291; x_wconf 85' lang='lat' dir='ltr'>ueritus</span> <span class='ocrx_word' id='word_1_170' title='bbox 1392 1242 1444 1301; x_wconf 90' lang='lat' dir='ltr'>est,</span> <span class='ocrx_word' id='word_1_171' title='bbox 1464 1234 1584 1293; x_wconf 89' lang='lat' dir='ltr'>mentiri.</span> <span class='ocrx_word' id='word_1_172' title='bbox 1601 1233 1712 1292; x_wconf 86' lang='lat' dir='ltr'>Veritus</span> 
     </span>
     <span class='ocr_line' id='line_1_12' title="bbox 45 1316 1714 1397; baseline 0.004 -24"><span class='ocrx_word' id='word_1_173' title='bbox 45 1316 143 1374; x_wconf 81' lang='lat' dir='ltr'>dlillec</span> <span class='ocrx_word' id='word_1_174' title='bbox 165 1317 335 1377; x_wconf 76' lang='lat' dir='ltr'>difficile.</span> <span class='ocrx_word' id='word_1_175' title='bbox 365 1321 420 1377; x_wconf 86' lang='lat' dir='ltr'>Sed</span> <span class='ocrx_word' id='word_1_176' title='bbox 436 1322 459 1378; x_wconf 92' lang='lat' dir='ltr'>si</span> <span class='ocrx_word' id='word_1_177' title='bbox 484 1329 538 1378; x_wconf 73' lang='lat' dir='ltr'>am</span> <span class='ocrx_word' id='word_1_178' title='bbox 559 1324 585 1363; x_wconf 75' lang='lat'>⁴⁹</span> <span class='ocrx_word' id='word_1_179' title='bbox 607 1324 721 1397; x_wconf 75' lang='lat' dir='ltr'><strong>abrupte</strong></span> <span class='ocrx_word' id='word_1_180' title='bbox 736 1326 763 1381; x_wconf 93' lang='lat' dir='ltr'>in</span> <span class='ocrx_word' id='word_1_181' title='bbox 787 1340 861 1397; x_wconf 80' lang='lat' dir='ltr'>prae-</span> <span class='ocrx_word' id='word_1_182' title='bbox 917 1330 1005 1380; x_wconf 87' lang='lat' dir='ltr'>autam</span> <span class='ocrx_word' id='word_1_183' title='bbox 1028 1324 1202 1395; x_wconf 85' lang='lat' dir='ltr'>semetipsum</span> <span class='ocrx_word' id='word_1_184' title='bbox 1223 1329 1251 1378; x_wconf 88' lang='lat' dir='ltr'>et</span> <span class='ocrx_word' id='word_1_185' title='bbox 1268 1338 1346 1380; x_wconf 85' lang='lat' dir='ltr'>snam</span> <span class='ocrx_word' id='word_1_186' title='bbox 1365 1325 1516 1380; x_wconf 85' lang='lat' dir='ltr'>ueritatem.</span> <span class='ocrx_word' id='word_1_187' title='bbox 1530 1325 1564 1380; x_wconf 82' lang='lat' dir='ltr'>Et</span> <span class='ocrx_word' id='word_1_188' title='bbox 1580 1323 1642 1381; x_wconf 89' lang='lat' dir='ltr'>ideo</span> <span class='ocrx_word' id='word_1_189' title='bbox 1662 1339 1714 1380; x_wconf 86' lang='lat' dir='ltr'>ve·</span> 
     </span>
     <span class='ocr_line' id='line_1_13' title="bbox 45 1405 1715 1487; baseline 0.004 -25"><span class='ocrx_word' id='word_1_190' title='bbox 45 1405 217 1479; x_wconf 79' lang='lat' dir='ltr'>saptiambus</span> <span class='ocrx_word' id='word_1_191' title='bbox 239 1407 378 1465; x_wconf 88' lang='lat' dir='ltr'>nostris</span> <span class='ocrx_word' id='word_1_192' title='bbox 399 1409 450 1466; x_wconf 86' lang='lat' dir='ltr'>bec</span> <span class='ocrx_word' id='word_1_193' title='bbox 466 1413 599 1468; x_wconf 88' lang='lat' dir='ltr'>sententie</span> <span class='ocrx_word' id='word_1_194' title='bbox 614 1420 731 1484; x_wconf 85' lang='lat' dir='ltr'>utamur,</span> <span class='ocrx_word' id='word_1_195' title='bbox 756 1414 864 1487; x_wconf 86' lang='lat' dir='ltr'>quidvis</span> <span class='ocrx_word' id='word_1_196' title='bbox 916 1427 1006 1469; x_wconf 88' lang='lat' dir='ltr'>mecm</span> <span class='ocrx_word' id='word_1_197' title='bbox 1029 1412 1254 1478; x_wconf 87' lang='lat' dir='ltr'>Denmcredens,</span> <span class='ocrx_word' id='word_1_198' title='bbox 1279 1412 1336 1469; x_wconf 89' lang='lat' dir='ltr'>saia</span> <span class='ocrx_word' id='word_1_199' title='bbox 1358 1412 1433 1469; x_wconf 87' lang='lat' dir='ltr'>illum</span> <span class='ocrx_word' id='word_1_200' title='bbox 1456 1428 1511 1469; x_wconf 93' lang='lat' dir='ltr'>non</span> <span class='ocrx_word' id='word_1_201' title='bbox 1532 1413 1610 1468; x_wconf 78' lang='lat' dir='ltr'>aliter</span> <span class='ocrx_word' id='word_1_202' title='bbox 1632 1428 1715 1484; x_wconf 82' lang='lat' dir='ltr'>quem</span> 
     </span>
     <span class='ocr_line' id='line_1_14' title="bbox 44 1493 1710 1574; baseline 0.003 -23"><span class='ocrx_word' id='word_1_203' title='bbox 44 1494 115 1552; x_wconf 85' lang='lat' dir='ltr'>leben</span> <span class='ocrx_word' id='word_1_204' title='bbox 133 1493 341 1573; x_wconf 71' lang='lat' dir='ltr'>confingere</span> <span class='ocrx_word' id='word_1_205' title='bbox 369 1497 529 1571; x_wconf 77' lang='lat' dir='ltr'>poterimus,</span> <span class='ocrx_word' id='word_1_206' title='bbox 556 1501 637 1572; x_wconf 84' lang='lat' dir='ltr'>qnasi</span> <span class='ocrx_word' id='word_1_207' title='bbox 668 1501 770 1571; x_wconf 87' lang='lat' dir='ltr'>iecerit,</span> <span class='ocrx_word' id='word_1_208' title='bbox 801 1503 863 1573; x_wconf 84' lang='lat' dir='ltr'>quia</span> <span class='ocrx_word' id='word_1_209' title='bbox 916 1501 1052 1573; x_wconf 78' lang='lat' dir='ltr'>disposuit</span> <span class='ocrx_word' id='word_1_210' title='bbox 1073 1499 1274 1574; x_wconf 76' lang='lat' dir='ltr'>pronuntiasse,</span> <span class='ocrx_word' id='word_1_211' title='bbox 1292 1515 1342 1556; x_wconf 90' lang='lat' dir='ltr'>nec</span> <span class='ocrx_word' id='word_1_212' title='bbox 1355 1499 1432 1557; x_wconf 90' lang='lat' dir='ltr'>aliter</span> <span class='ocrx_word' id='word_1_213' title='bbox 1445 1499 1615 1572; x_wconf 88' lang='lat' dir='ltr'>disposuisse</span> <span class='ocrx_word' id='word_1_214' title='bbox 1627 1516 1710 1574; x_wconf 90' lang='lat' dir='ltr'>qaam</span> 
     </span>
     <span class='ocr_line' id='line_1_15' title="bbox 44 1584 1715 1664; baseline 0 -21"><span class='ocrx_word' id='word_1_215' title='bbox 44 1584 97 1643; x_wconf 71' lang='lat' dir='ltr'>tres</span> <span class='ocrx_word' id='word_1_216' title='bbox 112 1585 266 1657; x_wconf 82' lang='lat' dir='ltr'>potnerit.</span> <span class='ocrx_word' id='word_1_217' title='bbox 312 1586 387 1644; x_wconf 85' lang='lat' dir='ltr'>Non</span> <span class='ocrx_word' id='word_1_218' title='bbox 401 1595 489 1644; x_wconf 89' lang='lat' dir='ltr'>entem</span> <span class='ocrx_word' id='word_1_219' title='bbox 517 1588 581 1661; x_wconf 87' lang='lat' dir='ltr'>quie</span> <span class='ocrx_word' id='word_1_220' title='bbox 603 1589 693 1646; x_wconf 87' lang='lat' dir='ltr'>omnia</span> <span class='ocrx_word' id='word_1_221' title='bbox 717 1590 862 1662; x_wconf 83' lang='lat' dir='ltr'>potestte·</span> <span class='ocrx_word' id='word_1_222' title='bbox 916 1589 1109 1664; x_wconf 85' lang='lat' dir='ltr'>pronuntiavit.</span> <span class='ocrx_word' id='word_1_223' title='bbox 1131 1589 1171 1644; x_wconf 86' lang='lat' dir='ltr'>Tu</span> <span class='ocrx_word' id='word_1_224' title='bbox 1187 1602 1270 1662; x_wconf 85' lang='lat' dir='ltr'>porro</span> <span class='ocrx_word' id='word_1_225' title='bbox 1290 1603 1353 1645; x_wconf 90' lang='lat' dir='ltr'>eum</span> <span class='ocrx_word' id='word_1_226' title='bbox 1375 1587 1534 1644; x_wconf 87' lang='lat' dir='ltr'>mendacem</span> <span class='ocrx_word' id='word_1_227' title='bbox 1555 1587 1660 1644; x_wconf 81' lang='lat' dir='ltr'>efficias</span> <span class='ocrx_word' id='word_1_228' title='bbox 1686 1595 1715 1644; x_wconf 87' lang='lat' dir='ltr'>et</span> 
     </span>
     <span class='ocr_line' id='line_1_16' title="bbox 44 1674 1715 1753; baseline 0.001 -23"><span class='ocrx_word' id='word_1_229' title='bbox 44 1687 86 1739; x_wconf 80' lang='lat' dir='ltr'>ort,</span> <span class='ocrx_word' id='word_1_230' title='bbox 103 1674 162 1731; x_wconf 89' lang='lat' dir='ltr'>ideo</span> <span class='ocrx_word' id='word_1_231' title='bbox 196 1675 333 1748; x_wconf 85' lang='lat' dir='ltr'>utique</span> <span class='ocrx_word' id='word_1_232' title='bbox 360 1675 389 1714; x_wconf 87' lang='lat'>⁵⁰</span> <span class='ocrx_word' id='word_1_233' title='bbox 412 1676 577 1734; x_wconf 90' lang='lat' dir='ltr'>credendam</span> <span class='ocrx_word' id='word_1_234' title='bbox 600 1686 641 1735; x_wconf 90' lang='lat' dir='ltr'>est</span> <span class='ocrx_word' id='word_1_235' title='bbox 659 1678 733 1736; x_wconf 87' lang='lat' dir='ltr'>illurn</span> <span class='ocrx_word' id='word_1_236' title='bbox 755 1680 860 1753; x_wconf 84' lang='lat' dir='ltr'>iecisse,</span> <span class='ocrx_word' id='word_1_237' title='bbox 916 1678 1039 1736; x_wconf 86' lang='lat' dir='ltr'>fallacem</span> <span class='ocrx_word' id='word_1_238' title='bbox 1063 1686 1090 1734; x_wconf 92' lang='lat' dir='ltr'>et</span> <span class='ocrx_word' id='word_1_239' title='bbox 1113 1677 1285 1750; x_wconf 85' lang='lat' dir='ltr'>deceptorem</span> <span class='ocrx_word' id='word_1_240' title='bbox 1307 1676 1371 1732; x_wconf 84' lang='lat' dir='ltr'>fidei</span> <span class='ocrx_word' id='word_1_241' title='bbox 1401 1678 1495 1748; x_wconf 86' lang='lat' dir='ltr'>hujus,</span> <span class='ocrx_word' id='word_1_242' title='bbox 1519 1677 1542 1732; x_wconf 92' lang='lat' dir='ltr'>si</span> <span class='ocrx_word' id='word_1_243' title='bbox 1565 1691 1627 1733; x_wconf 87' lang='lat' dir='ltr'>eum</span> <span class='ocrx_word' id='word_1_244' title='bbox 1654 1676 1715 1749; x_wconf 88' lang='lat' dir='ltr'>ipse</span> 
     </span>
     <span class='ocr_line' id='line_1_17' title="bbox 45 1736 1711 1843; baseline 0.001 -24"><span class='ocrx_word' id='word_1_245' title='bbox 45 1763 92 1819; x_wconf 74' lang='lat' dir='ltr'>tt&#39;eu</span> <span class='ocrx_word' id='word_1_246' title='bbox 106 1763 183 1836; x_wconf 84' lang='lat' dir='ltr'>quod</span> <span class='ocrx_word' id='word_1_247' title='bbox 211 1779 300 1820; x_wconf 86' lang='lat' dir='ltr'>nou</span> <span class='ocrx_word' id='word_1_248' title='bbox 320 1762 447 1831; x_wconf 77' lang='lat' dir='ltr'>iecerit3</span> <span class='ocrx_word' id='word_1_249' title='bbox 475 1765 571 1821; x_wconf 90' lang='lat' dir='ltr'>sedan</span> <span class='ocrx_word' id='word_1_250' title='bbox 594 1767 695 1836; x_wconf 90' lang='lat' dir='ltr'>lecerit,</span> <span class='ocrx_word' id='word_1_251' title='bbox 717 1770 858 1843; x_wconf 83' lang='lat' dir='ltr'>requiren-</span> <span class='ocrx_word' id='word_1_252' title='bbox 878 1736 988 1825; x_wconf 60' lang='lat' dir='ltr'>&#39;esset</span> <span class='ocrx_word' id='word_1_253' title='bbox 1005 1768 1055 1825; x_wconf 86' lang='lat' dir='ltr'>sibi</span> <span class='ocrx_word' id='word_1_254' title='bbox 1070 1767 1165 1832; x_wconf 76' lang='lat' dir='ltr'>Filius,</span> <span class='ocrx_word' id='word_1_255' title='bbox 1181 1765 1224 1822; x_wconf 90' lang='lat' dir='ltr'>alii</span> <span class='ocrx_word' id='word_1_256' title='bbox 1246 1765 1327 1822; x_wconf 89' lang='lat' dir='ltr'>dabat</span> <span class='ocrx_word' id='word_1_257' title='bbox 1347 1765 1418 1822; x_wconf 72' lang='lat' dir='ltr'>Filii</span> <span class='ocrx_word' id='word_1_258' title='bbox 1431 1779 1585 1837; x_wconf 85' lang='lat' dir='ltr'>personam,</span> <span class='ocrx_word' id='word_1_259' title='bbox 1601 1767 1711 1839; x_wconf 89' lang='lat' dir='ltr'>qnando</span> 
     </span>
     <span class='ocr_line' id='line_1_18' title="bbox 46 1851 1713 1930; baseline 0.001 -22"><span class='ocrx_word' id='word_1_260' title='bbox 46 1851 187 1910; x_wconf 68' lang='lat' dir='ltr'>miamin</span> <span class='ocrx_word' id='word_1_261' title='bbox 208 1852 262 1923; x_wconf 83' lang='lat'>⁵¹,</span> <span class='ocrx_word' id='word_1_262' title='bbox 286 1851 339 1907; x_wconf 80' lang='lat' dir='ltr'>ite</span> <span class='ocrx_word' id='word_1_263' title='bbox 357 1852 454 1911; x_wconf 83' lang='lat' dir='ltr'>selune</span> <span class='ocrx_word' id='word_1_264' title='bbox 466 1851 527 1918; x_wconf 86' lang='lat' dir='ltr'>sim,</span> <span class='ocrx_word' id='word_1_265' title='bbox 548 1854 622 1912; x_wconf 80' lang='lat' dir='ltr'>Deus</span> <span class='ocrx_word' id='word_1_266' title='bbox 645 1855 745 1928; x_wconf 91' lang='lat' dir='ltr'>pennis</span> <span class='ocrx_word' id='word_1_267' title='bbox 768 1857 861 1914; x_wconf 90' lang='lat' dir='ltr'>harni-</span> <span class='ocrx_word' id='word_1_268' title='bbox 915 1858 1063 1930; x_wconf 73' lang='lat' dir='ltr'>Scripturas</span> <span class='ocrx_word' id='word_1_269' title='bbox 1083 1871 1178 1913; x_wconf 90' lang='lat' dir='ltr'>omnes</span> <span class='ocrx_word' id='word_1_270' title='bbox 1197 1864 1225 1912; x_wconf 89' lang='lat' dir='ltr'>et</span> <span class='ocrx_word' id='word_1_271' title='bbox 1242 1854 1498 1913; x_wconf 75' lang='lat' dir='ltr'>dencnstrationem</span> <span class='ocrx_word' id='word_1_272' title='bbox 1513 1862 1540 1911; x_wconf 91' lang='lat' dir='ltr'>et</span> <span class='ocrx_word' id='word_1_273' title='bbox 1562 1854 1713 1910; x_wconf 86' lang='lat' dir='ltr'>distinetio-</span> 
     </span>
     <span class='ocr_line' id='line_1_19' title="bbox 48 1941 1709 2019; baseline -0.001 -20"><span class='ocrx_word' id='word_1_274' title='bbox 48 1943 123 1999; x_wconf 75' lang='lat' dir='ltr'>aad</span> <span class='ocrx_word' id='word_1_275' title='bbox 136 1941 334 1999; x_wconf 83' lang='lat' dir='ltr'>rolandum</span> <span class='ocrx_word' id='word_1_276' title='bbox 353 1941 531 2016; x_wconf 80' lang='lat' dir='ltr'>instruxisse,</span> <span class='ocrx_word' id='word_1_277' title='bbox 549 1945 624 2016; x_wconf 90' lang='lat' dir='ltr'>quad</span> <span class='ocrx_word' id='word_1_278' title='bbox 642 1945 771 2003; x_wconf 87' lang='lat' dir='ltr'>etmilris</span> <span class='ocrx_word' id='word_1_279' title='bbox 789 1962 861 2019; x_wconf 77' lang='lat' dir='ltr'>prae·</span> <span class='ocrx_word' id='word_1_280' title='bbox 915 1960 977 2002; x_wconf 89' lang='lat' dir='ltr'>uem</span> <span class='ocrx_word' id='word_1_281' title='bbox 1006 1946 1133 2002; x_wconf 73' lang='lat' dir='ltr'>trinitatis</span> <span class='ocrx_word' id='word_1_282' title='bbox 1159 1944 1312 2002; x_wconf 67' lang='lat' dir='ltr'>osmndant.</span> <span class='ocrx_word' id='word_1_283' title='bbox 1341 1945 1365 2001; x_wconf 80' lang='grc' dir='ltr'><strong>Α</strong></span> <span class='ocrx_word' id='word_1_284' title='bbox 1394 1941 1494 2015; x_wconf 87' lang='lat' dir='ltr'>quibus</span> <span class='ocrx_word' id='word_1_285' title='bbox 1519 1949 1547 1998; x_wconf 93' lang='lat' dir='ltr'>et</span> <span class='ocrx_word' id='word_1_286' title='bbox 1579 1942 1709 2014; x_wconf 81' lang='lat' dir='ltr'>praeeri-</span> 
     </span>
     <span class='ocr_line' id='line_1_20' title="bbox 49 2028 1707 2108; baseline -0.001 -22"><span class='ocrx_word' id='word_1_287' title='bbox 49 2028 156 2098; x_wconf 78' lang='lat' dir='ltr'>tt&#39;t&#39;t3noa</span> <span class='ocrx_word' id='word_1_288' title='bbox 171 2039 320 2100; x_wconf 69' lang='lat' dir='ltr'>mem,</span> <span class='ocrx_word' id='word_1_289' title='bbox 341 2029 413 2103; x_wconf 84' lang='lat' dir='ltr'>quia</span> <span class='ocrx_word' id='word_1_290' title='bbox 426 2031 522 2103; x_wconf 91' lang='lat' dir='ltr'>potuit,</span> <span class='ocrx_word' id='word_1_291' title='bbox 538 2033 630 2088; x_wconf 88' lang='lat' dir='ltr'>statim</span> <span class='ocrx_word' id='word_1_292' title='bbox 643 2041 671 2090; x_wconf 89' lang='lat' dir='ltr'>et</span> <span class='ocrx_word' id='word_1_293' title='bbox 684 2033 756 2091; x_wconf 84' lang='lat' dir='ltr'>feeit.</span> <span class='ocrx_word' id='word_1_294' title='bbox 773 2034 862 2092; x_wconf 87' lang='lat' dir='ltr'>Potuit</span> <span class='ocrx_word' id='word_1_295' title='bbox 916 2036 973 2108; x_wconf 92' lang='lat' dir='ltr'>ptic</span> <span class='ocrx_word' id='word_1_296' title='bbox 991 2043 1083 2092; x_wconf 89' lang='lat' dir='ltr'>nostra</span> <span class='ocrx_word' id='word_1_297' title='bbox 1093 2035 1245 2102; x_wconf 83' lang='lat' dir='ltr'>deducitur,</span> <span class='ocrx_word' id='word_1_298' title='bbox 1262 2048 1316 2090; x_wconf 86' lang='lat' dir='ltr'>nou</span> <span class='ocrx_word' id='word_1_299' title='bbox 1331 2047 1412 2105; x_wconf 87' lang='lat' dir='ltr'>passe</span> <span class='ocrx_word' id='word_1_300' title='bbox 1433 2046 1518 2087; x_wconf 92' lang='lat' dir='ltr'>unum</span> <span class='ocrx_word' id='word_1_301' title='bbox 1531 2038 1612 2104; x_wconf 81' lang='lat' dir='ltr'>atque</span> <span class='ocrx_word' id='word_1_302' title='bbox 1626 2046 1707 2087; x_wconf 90' lang='lat' dir='ltr'>eum-</span> 
     </span>
     <span class='ocr_line' id='line_1_21' title="bbox 51 2119 1713 2198; baseline 0 -23"><span class='ocrx_word' id='word_1_303' title='bbox 51 2119 206 2187; x_wconf 73' lang='lat' dir='ltr'>ennam,</span> <span class='ocrx_word' id='word_1_304' title='bbox 251 2128 294 2176; x_wconf 80' lang='lat' dir='ltr'>et</span> <span class='ocrx_word' id='word_1_305' title='bbox 332 2133 436 2177; x_wconf 87' lang='lat' dir='ltr'>ornnes</span> <span class='ocrx_word' id='word_1_306' title='bbox 467 2121 569 2192; x_wconf 85' lang='lat' dir='ltr'>pariter</span> <span class='ocrx_word' id='word_1_307' title='bbox 593 2122 737 2179; x_wconf 81' lang='lat' dir='ltr'>haereticas</span> <span class='ocrx_word' id='word_1_308' title='bbox 770 2124 861 2180; x_wconf 86' lang='lat' dir='ltr'>statim</span> <span class='ocrx_word' id='word_1_309' title='bbox 916 2124 978 2180; x_wconf 89' lang='lat' dir='ltr'>dem</span> <span class='ocrx_word' id='word_1_310' title='bbox 991 2125 1078 2182; x_wconf 85' lang='lat' dir='ltr'>videri</span> <span class='ocrx_word' id='word_1_311' title='bbox 1091 2124 1139 2198; x_wconf 85' lang='lat' dir='ltr'>qui</span> <span class='ocrx_word' id='word_1_312' title='bbox 1161 2123 1290 2196; x_wconf 79' lang='lat' dir='ltr'>loquitur,</span> <span class='ocrx_word' id='word_1_313' title='bbox 1305 2129 1332 2179; x_wconf 91' lang='lat' dir='ltr'>et</span> <span class='ocrx_word' id='word_1_314' title='bbox 1352 2123 1387 2179; x_wconf 91' lang='lat' dir='ltr'>de</span> <span class='ocrx_word' id='word_1_315' title='bbox 1410 2136 1466 2195; x_wconf 91' lang='lat' dir='ltr'>quo</span> <span class='ocrx_word' id='word_1_316' title='bbox 1486 2119 1615 2193; x_wconf 87' lang='lat' dir='ltr'>loquitar,</span> <span class='ocrx_word' id='word_1_317' title='bbox 1630 2126 1658 2176; x_wconf 87' lang='lat' dir='ltr'>et</span> <span class='ocrx_word' id='word_1_318' title='bbox 1680 2120 1713 2175; x_wconf 88' lang='lat' dir='ltr'>ed</span> 
     </span>
     <span class='ocr_line' id='line_1_22' title="bbox 53 2206 1714 2288; baseline -0.001 -21"><span class='ocrx_word' id='word_1_319' title='bbox 53 2207 194 2284; x_wconf 59' lang='lat' dir='ltr'>athrim</span> <span class='ocrx_word' id='word_1_320' title='bbox 234 2223 318 2268; x_wconf 83' lang='lat' dir='ltr'>nou</span> <span class='ocrx_word' id='word_1_321' title='bbox 353 2218 457 2281; x_wconf 85' lang='lat' dir='ltr'>tamen,</span> <span class='ocrx_word' id='word_1_322' title='bbox 491 2211 554 2283; x_wconf 88' lang='lat' dir='ltr'>quia</span> <span class='ocrx_word' id='word_1_323' title='bbox 586 2212 685 2285; x_wconf 89' lang='lat' dir='ltr'>potuit,</span> <span class='ocrx_word' id='word_1_324' title='bbox 723 2212 862 2271; x_wconf 72' lang='lat' dir='ltr'>exstinxit</span> <span class='ocrx_word' id='word_1_325' title='bbox 915 2213 1127 2287; x_wconf 87' lang='lat' dir='ltr'>quemlcquitur</span> <span class='ocrx_word' id='word_1_326' title='bbox 1141 2230 1149 2270; x_wconf 92' lang='lat'>:</span> <span class='ocrx_word' id='word_1_327' title='bbox 1164 2213 1229 2288; x_wconf 88' lang='lat' dir='ltr'>quia</span> <span class='ocrx_word' id='word_1_328' title='bbox 1246 2226 1335 2286; x_wconf 85' lang='lat' dir='ltr'>neque</span> <span class='ocrx_word' id='word_1_329' title='bbox 1348 2210 1522 2284; x_wconf 80' lang='lat' dir='ltr'>perversitas,</span> <span class='ocrx_word' id='word_1_330' title='bbox 1537 2224 1626 2282; x_wconf 84' lang='lat' dir='ltr'>neque</span> <span class='ocrx_word' id='word_1_331' title='bbox 1639 2206 1714 2265; x_wconf 81' lang='lat' dir='ltr'>fella·</span> 
     </span>
     <span class='ocr_line' id='line_1_23' title="bbox 55 2295 1714 2377; baseline -0.001 -21"><span class='ocrx_word' id='word_1_332' title='bbox 55 2295 160 2369; x_wconf 77' lang='lat' dir='ltr'>Optsebn</span> <span class='ocrx_word' id='word_1_333' title='bbox 176 2298 273 2356; x_wconf 83' lang='lat' dir='ltr'>enim</span> <span class='ocrx_word' id='word_1_334' title='bbox 292 2297 538 2368; x_wconf 72' lang='lat' dir='ltr'>armilausam,</span> <span class='ocrx_word' id='word_1_335' title='bbox 555 2308 582 2357; x_wconf 88' lang='lat' dir='ltr'>et</span> <span class='ocrx_word' id='word_1_336' title='bbox 595 2300 737 2359; x_wconf 79' lang='lat' dir='ltr'>baereticae</span> <span class='ocrx_word' id='word_1_337' title='bbox 753 2320 759 2358; x_wconf 76' lang='grc' dir='ltr'><strong>ε</strong></span> <span class='ocrx_word' id='word_1_338' title='bbox 776 2315 862 2373; x_wconf 91' lang='lat' dir='ltr'>opor·</span> <span class='ocrx_word' id='word_1_339' title='bbox 916 2304 957 2361; x_wconf 89' lang='lat' dir='ltr'>eie</span> <span class='ocrx_word' id='word_1_340' title='bbox 971 2305 1028 2362; x_wconf 86' lang='lat' dir='ltr'>Deo</span> <span class='ocrx_word' id='word_1_341' title='bbox 1042 2311 1173 2377; x_wconf 72' lang='lat' dir='ltr'>eangmet</span> <span class='ocrx_word' id='word_1_342' title='bbox 1189 2311 1238 2360; x_wconf 88' lang='lat' dir='ltr'>:ut</span> <span class='ocrx_word' id='word_1_343' title='bbox 1251 2318 1313 2360; x_wconf 91' lang='lat' dir='ltr'>eum</span> <span class='ocrx_word' id='word_1_344' title='bbox 1327 2303 1388 2376; x_wconf 89' lang='lat' dir='ltr'>ipse</span> <span class='ocrx_word' id='word_1_345' title='bbox 1401 2307 1474 2359; x_wconf 88' lang='lat' dir='ltr'>esset</span> <span class='ocrx_word' id='word_1_346' title='bbox 1486 2300 1609 2374; x_wconf 84' lang='lat' dir='ltr'>adquam</span> <span class='ocrx_word' id='word_1_347' title='bbox 1622 2299 1714 2373; x_wconf 88' lang='lat' dir='ltr'>laque·</span> 
     </span>
     <span class='ocr_line' id='line_1_24' title="bbox 56 2383 1712 2465; baseline 0.001 -23"><span class='ocrx_word' id='word_1_348' title='bbox 56 2385 101 2442; x_wconf 80' lang='lat' dir='ltr'>tte</span> <span class='ocrx_word' id='word_1_349' title='bbox 116 2393 140 2444; x_wconf 82' lang='lat' dir='ltr'>et</span> <span class='ocrx_word' id='word_1_350' title='bbox 155 2387 294 2444; x_wconf 79' lang='lat' dir='ltr'>Patrem</span> <span class='ocrx_word' id='word_1_351' title='bbox 318 2383 462 2461; x_wconf 71' lang='lat' dir='ltr'>cruciligi.</span> <span class='ocrx_word' id='word_1_352' title='bbox 487 2387 542 2444; x_wconf 89' lang='lat' dir='ltr'>llac</span> <span class='ocrx_word' id='word_1_353' title='bbox 565 2389 670 2445; x_wconf 88' lang='lat' dir='ltr'>ratione</span> <span class='ocrx_word' id='word_1_354' title='bbox 694 2387 746 2445; x_wconf 89' lang='lat' dir='ltr'>erit</span> <span class='ocrx_word' id='word_1_355' title='bbox 759 2389 862 2462; x_wconf 82' lang='lat' dir='ltr'>aliquid</span> <span class='ocrx_word' id='word_1_356' title='bbox 916 2391 1004 2458; x_wconf 90' lang='lat' dir='ltr'>batur,</span> <span class='ocrx_word' id='word_1_357' title='bbox 1019 2391 1053 2448; x_wconf 87' lang='lat' dir='ltr'>ad</span> <span class='ocrx_word' id='word_1_358' title='bbox 1068 2392 1148 2449; x_wconf 88' lang='lat' dir='ltr'>aliurn</span> <span class='ocrx_word' id='word_1_359' title='bbox 1163 2393 1262 2465; x_wconf 90' lang='lat' dir='ltr'>potius,</span> <span class='ocrx_word' id='word_1_360' title='bbox 1275 2399 1302 2449; x_wconf 88' lang='lat' dir='ltr'>et</span> <span class='ocrx_word' id='word_1_361' title='bbox 1316 2405 1370 2447; x_wconf 93' lang='lat' dir='ltr'>nou</span> <span class='ocrx_word' id='word_1_362' title='bbox 1384 2391 1418 2447; x_wconf 87' lang='lat' dir='ltr'>ed</span> <span class='ocrx_word' id='word_1_363' title='bbox 1432 2389 1608 2460; x_wconf 89' lang='lat' dir='ltr'>semetipsam</span> <span class='ocrx_word' id='word_1_364' title='bbox 1619 2391 1712 2461; x_wconf 88' lang='lat' dir='ltr'>loqua-</span> 
     </span>
     <span class='ocr_line' id='line_1_25' title="bbox 59 2474 1705 2556; baseline 0.003 -27"><span class='ocrx_word' id='word_1_365' title='bbox 59 2474 180 2534; x_wconf 75' lang='lat' dir='ltr'>einata</span> <span class='ocrx_word' id='word_1_366' title='bbox 194 2476 295 2544; x_wconf 67' lang='lat' dir='ltr'>Deir,</span> <span class='ocrx_word' id='word_1_367' title='bbox 323 2475 354 2531; x_wconf 91' lang='lat' dir='ltr'>id</span> <span class='ocrx_word' id='word_1_368' title='bbox 380 2476 482 2534; x_wconf 87' lang='lat' dir='ltr'>scilicet</span> <span class='ocrx_word' id='word_1_369' title='bbox 506 2475 589 2535; x_wconf 70' lang='grc'>106</span> <span class='ocrx_word' id='word_1_370' title='bbox 606 2478 788 2553; x_wconf 87' lang='lat' dir='ltr'>quodeunque</span> <span class='ocrx_word' id='word_1_371' title='bbox 807 2494 861 2535; x_wconf 90' lang='lat' dir='ltr'>non</span> <span class='ocrx_word' id='word_1_372' title='bbox 916 2481 1007 2540; x_wconf 78' lang='lat' dir='ltr'>tur⁵².</span> <span class='ocrx_word' id='word_1_373' title='bbox 1022 2483 1124 2552; x_wconf 78' lang='lat' dir='ltr'>Accipe</span> <span class='ocrx_word' id='word_1_374' title='bbox 1146 2480 1231 2556; x_wconf 77' lang='lat' dir='ltr'>igitur</span> <span class='ocrx_word' id='word_1_375' title='bbox 1253 2491 1281 2538; x_wconf 88' lang='lat' dir='ltr'>et</span> <span class='ocrx_word' id='word_1_376' title='bbox 1301 2479 1368 2536; x_wconf 82' lang='lat' dir='ltr'>alias</span> <span class='ocrx_word' id='word_1_377' title='bbox 1381 2492 1461 2536; x_wconf 78' lang='lat' dir='ltr'>voces</span> <span class='ocrx_word' id='word_1_378' title='bbox 1482 2477 1571 2534; x_wconf 85' lang='lat' dir='ltr'>Patris</span> <span class='ocrx_word' id='word_1_379' title='bbox 1586 2477 1621 2532; x_wconf 90' lang='lat' dir='ltr'>de</span> <span class='ocrx_word' id='word_1_380' title='bbox 1636 2477 1705 2534; x_wconf 84' lang='lat' dir='ltr'>Filio</span> 
     </span>
     <span class='ocr_line' id='line_1_26' title="bbox 58 2559 1714 2642; baseline 0.002 -24"><span class='ocrx_word' id='word_1_381' title='bbox 58 2559 132 2632; x_wconf 75' lang='lat' dir='ltr'>leaeit,</span> <span class='ocrx_word' id='word_1_382' title='bbox 149 2580 212 2623; x_wconf 86' lang='lat' dir='ltr'>uon</span> <span class='ocrx_word' id='word_1_383' title='bbox 239 2567 326 2640; x_wconf 79' lang='lat' dir='ltr'>quie</span> <span class='ocrx_word' id='word_1_384' title='bbox 349 2581 408 2623; x_wconf 91' lang='lat' dir='ltr'>nau</span> <span class='ocrx_word' id='word_1_385' title='bbox 432 2567 559 2640; x_wconf 90' lang='lat' dir='ltr'>potuerit,</span> <span class='ocrx_word' id='word_1_386' title='bbox 579 2567 627 2624; x_wconf 90' lang='lat' dir='ltr'>scd</span> <span class='ocrx_word' id='word_1_387' title='bbox 645 2569 712 2640; x_wconf 87' lang='lat' dir='ltr'>qnia</span> <span class='ocrx_word' id='word_1_388' title='bbox 733 2568 860 2626; x_wconf 88' lang='lat' dir='ltr'>noluerit.</span> <span class='ocrx_word' id='word_1_389' title='bbox 919 2567 998 2628; x_wconf 71' lang='lat' dir='ltr'>m</span> <span class='ocrx_word' id='word_1_390' title='bbox 1025 2585 1072 2641; x_wconf 93' lang='lat' dir='ltr'>per</span> <span class='ocrx_word' id='word_1_391' title='bbox 1085 2568 1182 2627; x_wconf 85' lang='lat' dir='ltr'>isaiam</span> <span class='ocrx_word' id='word_1_392' title='bbox 1196 2569 1277 2642; x_wconf 84' lang='grc' dir='ltr'>(ιιιιι,</span> <span class='ocrx_word' id='word_1_393' title='bbox 1294 2568 1427 2639; x_wconf 76' lang='lat' dir='ltr'>tlzllccc</span> <span class='ocrx_word' id='word_1_394' title='bbox 1440 2566 1520 2639; x_wconf 70' lang='lat' dir='ltr'>filius</span> <span class='ocrx_word' id='word_1_395' title='bbox 1533 2581 1613 2624; x_wconf 84' lang='lat' dir='ltr'>meas</span> <span class='ocrx_word' id='word_1_396' title='bbox 1631 2581 1714 2640; x_wconf 77' lang='lat' dir='ltr'>anem</span> 
     </span>
     <span class='ocr_line' id='line_1_27' title="bbox 59 2651 1715 2734; baseline 0.003 -26"><span class='ocrx_word' id='word_1_397' title='bbox 59 2651 94 2708; x_wconf 78' lang='lat' dir='ltr'>tei</span> <span class='ocrx_word' id='word_1_398' title='bbox 108 2655 176 2711; x_wconf 78' lang='lat' dir='ltr'>enirn</span> <span class='ocrx_word' id='word_1_399' title='bbox 200 2671 320 2730; x_wconf 80' lang='lat' dir='ltr'>posse,</span> <span class='ocrx_word' id='word_1_400' title='bbox 346 2656 418 2712; x_wconf 80' lang='lat' dir='ltr'>nelle</span> <span class='ocrx_word' id='word_1_401' title='bbox 441 2663 501 2724; x_wconf 77' lang='lat' dir='ltr'>est3</span> <span class='ocrx_word' id='word_1_402' title='bbox 523 2666 551 2712; x_wconf 89' lang='lat' dir='ltr'>et</span> <span class='ocrx_word' id='word_1_403' title='bbox 572 2670 626 2713; x_wconf 93' lang='lat' dir='ltr'>non</span> <span class='ocrx_word' id='word_1_404' title='bbox 645 2671 738 2728; x_wconf 87' lang='lat' dir='ltr'>posse,</span> <span class='ocrx_word' id='word_1_405' title='bbox 763 2656 860 2727; x_wconf 84' lang='lat' dir='ltr'>nolle3</span> <span class='ocrx_word' id='word_1_406' title='bbox 916 2661 995 2732; x_wconf 76' lang='lat' dir='ltr'>slepi,</span> <span class='ocrx_word' id='word_1_407' title='bbox 1011 2658 1131 2717; x_wconf 82' lang='lat' dir='ltr'>dilectae</span> <span class='ocrx_word' id='word_1_408' title='bbox 1140 2676 1220 2718; x_wconf 86' lang='lat' dir='ltr'>meas</span> <span class='ocrx_word' id='word_1_409' title='bbox 1233 2661 1356 2734; x_wconf 74' lang='lat' dir='ltr'>inquam</span> <span class='ocrx_word' id='word_1_410' title='bbox 1367 2657 1715 2728; x_wconf 70' lang='lat' dir='ltr'>iecessaril’oeamspi·</span> 
     </span>
     <span class='ocr_line' id='line_1_28' title="bbox 58 2743 1715 2821; baseline 0 -21"><span class='ocrx_word' id='word_1_411' title='bbox 58 2743 113 2814; x_wconf 83' lang='lat' dir='ltr'>quod</span> <span class='ocrx_word' id='word_1_412' title='bbox 135 2753 232 2802; x_wconf 86' lang='lat' dir='ltr'>autem</span> <span class='ocrx_word' id='word_1_413' title='bbox 253 2743 366 2815; x_wconf 81' lang='lat' dir='ltr'>voluit,</span> <span class='ocrx_word' id='word_1_414' title='bbox 395 2755 422 2801; x_wconf 87' lang='lat' dir='ltr'>et</span> <span class='ocrx_word' id='word_1_415' title='bbox 447 2745 545 2817; x_wconf 91' lang='lat' dir='ltr'>patuit,</span> <span class='ocrx_word' id='word_1_416' title='bbox 574 2756 601 2802; x_wconf 92' lang='lat' dir='ltr'>et</span> <span class='ocrx_word' id='word_1_417' title='bbox 629 2747 757 2803; x_wconf 91' lang='lat' dir='ltr'>ostendit.</span> <span class='ocrx_word' id='word_1_418' title='bbox 787 2748 862 2820; x_wconf 77' lang='lat' dir='ltr'>Ergo</span> <span class='ocrx_word' id='word_1_419' title='bbox 916 2750 1006 2805; x_wconf 76' lang='lat' dir='ltr'>sitam</span> <span class='ocrx_word' id='word_1_420' title='bbox 1021 2764 1119 2805; x_wconf 84' lang='lat' dir='ltr'>meam</span> <span class='ocrx_word' id='word_1_421' title='bbox 1132 2751 1331 2821; x_wconf 78' lang='lat' dir='ltr'>sapae-ipsam,</span> <span class='ocrx_word' id='word_1_422' title='bbox 1349 2745 1532 2818; x_wconf 75' lang='lat' dir='ltr'>adjudicium</span> <span class='ocrx_word' id='word_1_423' title='bbox 1549 2745 1715 2801; x_wconf 61' lang='lat' dir='ltr'>audacibus</span> 
     </span>
     <span class='ocr_line' id='line_1_29' title="bbox 59 2832 1715 2910; baseline -0.003 -17"><span class='ocrx_word' id='word_1_424' title='bbox 59 2832 110 2903; x_wconf 70' lang='lat' dir='ltr'>tuis</span> <span class='ocrx_word' id='word_1_425' title='bbox 128 2834 153 2892; x_wconf 84' lang='lat' dir='ltr'>si</span> <span class='ocrx_word' id='word_1_426' title='bbox 171 2834 270 2893; x_wconf 81' lang='lat' dir='ltr'>uoluit</span> <span class='ocrx_word' id='word_1_427' title='bbox 296 2834 480 2909; x_wconf 85' lang='lat' dir='ltr'>semetipsum</span> <span class='ocrx_word' id='word_1_428' title='bbox 504 2836 557 2892; x_wconf 88' lang='lat' dir='ltr'>sibi</span> <span class='ocrx_word' id='word_1_429' title='bbox 580 2835 679 2892; x_wconf 83' lang='lat' dir='ltr'>Filium</span> <span class='ocrx_word' id='word_1_430' title='bbox 693 2835 792 2903; x_wconf 69' lang='lat' dir='ltr'>iecere</span> <span class='ocrx_word' id='word_1_431' title='bbox 810 2850 862 2910; x_wconf 89' lang='lat' dir='ltr'>po·</span> <span class='ocrx_word' id='word_1_432' title='bbox 916 2837 1114 2895; x_wconf 74' lang='lat' dir='ltr'>annuntiabit.</span> <span class='ocrx_word' id='word_1_433' title='bbox 1132 2837 1266 2909; x_wconf 76' lang='lat' dir='ltr'>Accipeet</span> <span class='ocrx_word' id='word_1_434' title='bbox 1278 2837 1312 2892; x_wconf 88' lang='lat' dir='ltr'>ad</span> <span class='ocrx_word' id='word_1_435' title='bbox 1326 2836 1437 2909; x_wconf 89' lang='lat' dir='ltr'>ipsum:</span> <span class='ocrx_word' id='word_1_436' title='bbox 1457 2834 1589 2907; x_wconf 76' lang='lat' dir='ltr'>llapnam</span> <span class='ocrx_word' id='word_1_437' title='bbox 1606 2833 1715 2890; x_wconf 76' lang='lat' dir='ltr'>titiant</span> 
     </span>
     <span class='ocr_line' id='line_1_30' title="bbox 61 2921 1714 2998; baseline 0.001 -20"><span class='ocrx_word' id='word_1_438' title='bbox 61 2921 119 2994; x_wconf 69' lang='lat' dir='ltr'>luit,</span> <span class='ocrx_word' id='word_1_439' title='bbox 139 2934 166 2982; x_wconf 88' lang='lat' dir='ltr'>et</span> <span class='ocrx_word' id='word_1_440' title='bbox 180 2925 253 2997; x_wconf 73' lang='lat' dir='ltr'>quia</span> <span class='ocrx_word' id='word_1_441' title='bbox 272 2924 301 2982; x_wconf 81' lang='lat' dir='ltr'>si</span> <span class='ocrx_word' id='word_1_442' title='bbox 329 2923 430 2996; x_wconf 88' lang='lat' dir='ltr'>potuit,</span> <span class='ocrx_word' id='word_1_443' title='bbox 456 2923 520 2981; x_wconf 85' lang='lat' dir='ltr'>iecit</span> <span class='ocrx_word' id='word_1_444' title='bbox 536 2942 544 2982; x_wconf 88' lang='lat'>:</span> <span class='ocrx_word' id='word_1_445' title='bbox 562 2934 626 2983; x_wconf 91' lang='lat' dir='ltr'>tunc</span> <span class='ocrx_word' id='word_1_446' title='bbox 641 2927 768 2998; x_wconf 86' lang='lat' dir='ltr'>probabis</span> <span class='ocrx_word' id='word_1_447' title='bbox 787 2926 861 2981; x_wconf 91' lang='lat' dir='ltr'>illum</span> <span class='ocrx_word' id='word_1_448' title='bbox 915 2931 950 2984; x_wconf 84' lang='lat' dir='ltr'>ut</span> <span class='ocrx_word' id='word_1_449' title='bbox 964 2929 1068 2986; x_wconf 71' lang='lat' dir='ltr'>vocems</span> <span class='ocrx_word' id='word_1_450' title='bbox 1078 2927 1153 2998; x_wconf 76' lang='lat' dir='ltr'>filias</span> <span class='ocrx_word' id='word_1_451' title='bbox 1163 2926 1289 2985; x_wconf 77' lang='lat' dir='ltr'>maced</span> <span class='ocrx_word' id='word_1_452' title='bbox 1302 2924 1471 2984; x_wconf 80' lang='lat' dir='ltr'>statuendae</span> <span class='ocrx_word' id='word_1_453' title='bbox 1485 2924 1574 2981; x_wconf 83' lang='lat' dir='ltr'>tribas</span> <span class='ocrx_word' id='word_1_454' title='bbox 1584 2923 1675 2991; x_wconf 79' lang='lat' dir='ltr'>tarot,</span> <span class='ocrx_word' id='word_1_455' title='bbox 1686 2927 1714 2980; x_wconf 87' lang='lat' dir='ltr'>et</span> 
     </span>
     <span class='ocr_line' id='line_1_31' title="bbox 71 3012 1716 3108; baseline -0.002 -37"><span class='ocrx_word' id='word_1_456' title='bbox 71 3019 95 3062; x_wconf 88' lang='lat' dir='ltr'>et</span> <span class='ocrx_word' id='word_1_457' title='bbox 113 3013 230 3083; x_wconf 67' lang='lat' dir='ltr'>pamma</span> <span class='ocrx_word' id='word_1_458' title='bbox 257 3023 288 3071; x_wconf 87' lang='lat' dir='ltr'>et</span> <span class='ocrx_word' id='word_1_459' title='bbox 314 3013 447 3085; x_wconf 83' lang='lat' dir='ltr'>voluisse,</span> <span class='ocrx_word' id='word_1_460' title='bbox 475 3014 499 3071; x_wconf 91' lang='lat' dir='ltr'>si</span> <span class='ocrx_word' id='word_1_461' title='bbox 530 3016 688 3087; x_wconf 87' lang='lat' dir='ltr'>probareris</span> <span class='ocrx_word' id='word_1_462' title='bbox 713 3016 792 3073; x_wconf 92' lang='lat' dir='ltr'>illum</span> <span class='ocrx_word' id='word_1_463' title='bbox 821 3012 861 3070; x_wconf 86' lang='lat' dir='ltr'>le·</span> <span class='ocrx_word' id='word_1_464' title='bbox 879 3026 901 3108; x_wconf 64' lang='lat' dir='ltr'>c</span> <span class='ocrx_word' id='word_1_465' title='bbox 916 3015 952 3072; x_wconf 88' lang='lat' dir='ltr'>ad</span> <span class='ocrx_word' id='word_1_466' title='bbox 970 3015 1186 3074; x_wconf 71' lang='lat' dir='ltr'>aanomteadam</span> <span class='ocrx_word' id='word_1_467' title='bbox 1205 3014 1407 3087; x_wconf 81' lang='lat' dir='ltr'>dispersionem</span> <span class='ocrx_word' id='word_1_468' title='bbox 1417 3014 1627 3073; x_wconf 82' lang='lat' dir='ltr'>lsraalia.Pcaai</span> <span class='ocrx_word' id='word_1_469' title='bbox 1641 3019 1668 3069; x_wconf 90' lang='lat' dir='ltr'>te</span> <span class='ocrx_word' id='word_1_470' title='bbox 1683 3013 1716 3068; x_wconf 81' lang='lat' dir='ltr'>in</span> 
     </span>
    </p>

    <p class='ocr_par' dir='ltr' id='par_1_5' title="bbox 73 3096 1712 3167">
     <span class='ocr_line' id='line_1_32' title="bbox 73 3096 1712 3167; baseline -0.002 -6"><span class='ocrx_word' id='word_1_471' title='bbox 73 3096 146 3153; x_wconf 59' lang='lat' dir='ltr'>dt*-</span> <span class='ocrx_word' id='word_1_472' title='bbox 919 3103 1011 3161; x_wconf 84' lang='lat' dir='ltr'>locem</span> <span class='ocrx_word' id='word_1_473' title='bbox 1027 3104 1189 3167; x_wconf 77' lang='lat' dir='ltr'>aetianam,</span> <span class='ocrx_word' id='word_1_474' title='bbox 1207 3107 1242 3157; x_wconf 82' lang='lat' dir='ltr'>nt</span> <span class='ocrx_word' id='word_1_475' title='bbox 1261 3105 1299 3158; x_wconf 88' lang='lat' dir='ltr'>sis</span> <span class='ocrx_word' id='word_1_476' title='bbox 1317 3103 1394 3159; x_wconf 85' lang='lat' dir='ltr'>satas</span> <span class='ocrx_word' id='word_1_477' title='bbox 1404 3105 1435 3158; x_wconf 83' lang='lat' dir='ltr'>ia</span> <span class='ocrx_word' id='word_1_478' title='bbox 1450 3106 1612 3160; x_wconf 77' lang='lat' dir='ltr'>extremam</span> <span class='ocrx_word' id='word_1_479' title='bbox 1627 3105 1712 3157; x_wconf 79' lang='lat' dir='ltr'>terra</span> 
     </span>
    </p>

    <p class='ocr_par' dir='ltr' id='par_1_6' title="bbox 372 3189 1709 3264">
     <span class='ocr_line' id='line_1_33' title="bbox 372 3189 1709 3264; baseline -0.006 -14"><span class='ocrx_word' id='word_1_480' title='bbox 372 3192 486 3250; x_wconf 85' lang='lat' dir='ltr'>CAPUT</span> <span class='ocrx_word' id='word_1_481' title='bbox 504 3193 554 3250; x_wconf 88' lang='lat' dir='ltr'>Xl.</span> <span class='ocrx_word' id='word_1_482' title='bbox 917 3194 981 3264; x_wconf 86' lang='lat' dir='ltr'>(isa.</span> <span class='ocrx_word' id='word_1_483' title='bbox 993 3207 1069 3256; x_wconf 82' lang='lat' dir='ltr'>xurr,</span> <span class='ocrx_word' id='word_1_484' title='bbox 1083 3192 1137 3261; x_wconf 83' lang='lat' dir='ltr'>lb).</span> <span class='ocrx_word' id='word_1_485' title='bbox 1154 3189 1255 3262; x_wconf 77' lang='lat' dir='ltr'>Accipe</span> <span class='ocrx_word' id='word_1_486' title='bbox 1268 3205 1342 3246; x_wconf 93' lang='lat' dir='ltr'>nunc</span> <span class='ocrx_word' id='word_1_487' title='bbox 1356 3199 1383 3245; x_wconf 89' lang='lat' dir='ltr'>et</span> <span class='ocrx_word' id='word_1_488' title='bbox 1397 3190 1454 3244; x_wconf 85' lang='lat' dir='ltr'>Filii</span> <span class='ocrx_word' id='word_1_489' title='bbox 1469 3205 1551 3245; x_wconf 86' lang='lat' dir='ltr'>voces</span> <span class='ocrx_word' id='word_1_490' title='bbox 1564 3190 1599 3244; x_wconf 91' lang='lat' dir='ltr'>de</span> <span class='ocrx_word' id='word_1_491' title='bbox 1611 3189 1709 3245; x_wconf 81' lang='lat' dir='ltr'>Patre:</span> 
     </span>
    </p>

    <p class='ocr_par' dir='ltr' id='par_1_7' title="bbox 99 3276 1714 3360">
     <span class='ocr_line' id='line_1_34' title="bbox 99 3276 1714 3360; baseline -0.002 -24"><span class='ocrx_word' id='word_1_492' title='bbox 99 3276 217 3337; x_wconf 74' lang='lat' dir='ltr'>Prodere</span> <span class='ocrx_word' id='word_1_493' title='bbox 236 3285 328 3337; x_wconf 60' lang='lat' dir='ltr'>cuam</span> <span class='ocrx_word' id='word_1_494' title='bbox 350 3289 406 3339; x_wconf 71' lang='lat' dir='ltr'>mm</span> <span class='ocrx_word' id='word_1_495' title='bbox 420 3289 513 3350; x_wconf 86' lang='lat' dir='ltr'>aperte</span> <span class='ocrx_word' id='word_1_496' title='bbox 526 3283 639 3342; x_wconf 89' lang='lat' dir='ltr'>debebis</span> <span class='ocrx_word' id='word_1_497' title='bbox 654 3300 687 3342; x_wconf 83' lang='lat' dir='ltr'>er</span> <span class='ocrx_word' id='word_1_498' title='bbox 701 3283 861 3360; x_wconf 83' lang='lat' dir='ltr'>scripturis,</span> <span class='ocrx_word' id='word_1_499' title='bbox 918 3283 1041 3356; x_wconf 74' lang='lat' dir='ltr'>Spiritus</span> <span class='ocrx_word' id='word_1_500' title='bbox 1051 3281 1324 3354; x_wconf 81' lang='lat' dir='ltr'>Dominisaperme,</span> <span class='ocrx_word' id='word_1_501' title='bbox 1335 3279 1666 3354; x_wconf 75' lang='lat' dir='ltr'>quaprapteraaaitme,</span> <span class='ocrx_word' id='word_1_502' title='bbox 1677 3278 1714 3332; x_wconf 88' lang='lat' dir='ltr'>ad</span> 
     </span>
    </p>

    <p class='ocr_par' dir='ltr' id='par_1_8' title="bbox 10 3365 1716 5322">
     <span class='ocr_line' id='line_1_35' title="bbox 10 3365 1716 3444; baseline -0.004 -18"><span class='ocrx_word' id='word_1_503' title='bbox 10 3408 12 3413; x_wconf 68' lang='lat'>,</span> <span class='ocrx_word' id='word_1_504' title='bbox 66 3379 141 3437; x_wconf 69' lang='lat' dir='ltr'>dum</span> <span class='ocrx_word' id='word_1_505' title='bbox 154 3382 208 3426; x_wconf 82' lang='lat' dir='ltr'>ncs</span> <span class='ocrx_word' id='word_1_506' title='bbox 228 3369 382 3442; x_wconf 82' lang='lat' dir='ltr'>pmbamds</span> <span class='ocrx_word' id='word_1_507' title='bbox 398 3369 476 3428; x_wconf 89' lang='lat' dir='ltr'>illam</span> <span class='ocrx_word' id='word_1_508' title='bbox 497 3370 549 3430; x_wconf 88' lang='lat' dir='ltr'>sibi</span> <span class='ocrx_word' id='word_1_509' title='bbox 573 3373 672 3430; x_wconf 85' lang='lat' dir='ltr'>Filium</span> <span class='ocrx_word' id='word_1_510' title='bbox 686 3372 780 3430; x_wconf 85' lang='lat' dir='ltr'>iecisse</span> <span class='ocrx_word' id='word_1_511' title='bbox 802 3375 864 3432; x_wconf 87' lang='lat' dir='ltr'>Ser·</span> <span class='ocrx_word' id='word_1_512' title='bbox 917 3369 1168 3444; x_wconf 79' lang='lat' dir='ltr'>eaanpeliaandum</span> <span class='ocrx_word' id='word_1_513' title='bbox 1179 3370 1338 3428; x_wconf 76' lang='lat' dir='ltr'>bominibus</span> <span class='ocrx_word' id='word_1_514' title='bbox 1348 3368 1413 3441; x_wconf 79' lang='lat' dir='ltr'>(lea.</span> <span class='ocrx_word' id='word_1_515' title='bbox 1424 3368 1534 3437; x_wconf 81' lang='lat' dir='ltr'>uxr,l).</span> <span class='ocrx_word' id='word_1_516' title='bbox 1544 3367 1612 3422; x_wconf 89' lang='lat' dir='ltr'>item</span> <span class='ocrx_word' id='word_1_517' title='bbox 1625 3365 1660 3422; x_wconf 88' lang='lat' dir='ltr'>ad</span> <span class='ocrx_word' id='word_1_518' title='bbox 1668 3366 1716 3421; x_wconf 86' lang='lat' dir='ltr'>Pe·</span> 
     </span>
     <span class='ocr_line' id='line_1_36' title="bbox 67 3454 1715 3534; baseline -0.004 -17"><span class='ocrx_word' id='word_1_519' title='bbox 67 3469 275 3515; x_wconf 70' lang='lat' dir='ltr'>manum.</span> <span class='ocrx_word' id='word_1_520' title='bbox 301 3459 332 3516; x_wconf 91' lang='lat' dir='ltr'>Si</span> <span class='ocrx_word' id='word_1_521' title='bbox 346 3459 415 3518; x_wconf 89' lang='lat' dir='ltr'>enim</span> <span class='ocrx_word' id='word_1_522' title='bbox 436 3459 536 3518; x_wconf 77' lang='lat' dir='ltr'>Filium</span> <span class='ocrx_word' id='word_1_523' title='bbox 557 3464 689 3534; x_wconf 86' lang='lat' dir='ltr'>nominat,</span> <span class='ocrx_word' id='word_1_524' title='bbox 714 3463 796 3521; x_wconf 81' lang='lat' dir='ltr'>Filius</span> <span class='ocrx_word' id='word_1_525' title='bbox 810 3479 863 3522; x_wconf 82' lang='lat' dir='ltr'>au·</span> <span class='ocrx_word' id='word_1_526' title='bbox 916 3465 984 3517; x_wconf 91' lang='lat' dir='ltr'>trem</span> <span class='ocrx_word' id='word_1_527' title='bbox 999 3460 1027 3514; x_wconf 93' lang='lat' dir='ltr'>in</span> <span class='ocrx_word' id='word_1_528' title='bbox 1045 3458 1162 3528; x_wconf 80' lang='lat' dir='ltr'>Psalmo,</span> <span class='ocrx_word' id='word_1_529' title='bbox 1178 3458 1213 3514; x_wconf 89' lang='lat' dir='ltr'>de</span> <span class='ocrx_word' id='word_1_530' title='bbox 1226 3460 1339 3517; x_wconf 89' lang='lat' dir='ltr'>eodem:</span> <span class='ocrx_word' id='word_1_531' title='bbox 1350 3460 1392 3533; x_wconf 70' lang='grc' dir='ltr'>Νι</span> <span class='ocrx_word' id='word_1_532' title='bbox 1401 3456 1586 3530; x_wconf 82' lang='lat' dir='ltr'>dereliqueris</span> <span class='ocrx_word' id='word_1_533' title='bbox 1599 3472 1655 3522; x_wconf 85' lang='lat' dir='ltr'>me,</span> <span class='ocrx_word' id='word_1_534' title='bbox 1666 3454 1715 3510; x_wconf 89' lang='lat' dir='ltr'>do·</span> 
     </span>
     <span class='ocr_line' id='line_1_37' title="bbox 69 3547 1715 3627; baseline 0 -27"><span class='ocrx_word' id='word_1_535' title='bbox 69 3551 116 3600; x_wconf 86' lang='lat' dir='ltr'>tem</span> <span class='ocrx_word' id='word_1_536' title='bbox 131 3560 187 3606; x_wconf 87' lang='lat' dir='ltr'>nan</span> <span class='ocrx_word' id='word_1_537' title='bbox 195 3547 272 3605; x_wconf 80' lang='lat' dir='ltr'>alius</span> <span class='ocrx_word' id='word_1_538' title='bbox 286 3548 338 3606; x_wconf 89' lang='lat' dir='ltr'>erit</span> <span class='ocrx_word' id='word_1_539' title='bbox 351 3564 433 3625; x_wconf 86' lang='lat' dir='ltr'>quam</span> <span class='ocrx_word' id='word_1_540' title='bbox 446 3551 494 3624; x_wconf 87' lang='lat' dir='ltr'>qai</span> <span class='ocrx_word' id='word_1_541' title='bbox 507 3566 541 3609; x_wconf 83' lang='lat' dir='ltr'>ex</span> <span class='ocrx_word' id='word_1_542' title='bbox 554 3552 615 3627; x_wconf 91' lang='lat' dir='ltr'>ipso</span> <span class='ocrx_word' id='word_1_543' title='bbox 627 3551 749 3625; x_wconf 89' lang='lat' dir='ltr'>prodiit;</span> <span class='ocrx_word' id='word_1_544' title='bbox 769 3556 862 3611; x_wconf 90' lang='lat' dir='ltr'>Sermo</span> <span class='ocrx_word' id='word_1_545' title='bbox 916 3563 969 3607; x_wconf 83' lang='lat' dir='ltr'>nec</span> <span class='ocrx_word' id='word_1_546' title='bbox 983 3552 1153 3606; x_wconf 73' lang='lat' dir='ltr'>annuebam</span> <span class='ocrx_word' id='word_1_547' title='bbox 1164 3548 1310 3606; x_wconf 69' lang='lat' dir='ltr'>barbiani</span> <span class='ocrx_word' id='word_1_548' title='bbox 1325 3553 1408 3606; x_wconf 85' lang='lat' dir='ltr'>taam</span> <span class='ocrx_word' id='word_1_549' title='bbox 1415 3547 1568 3604; x_wconf 65' lang='lat' dir='ltr'>ecaritate·</span> <span class='ocrx_word' id='word_1_550' title='bbox 1575 3547 1715 3602; x_wconf 82' lang='lat' dir='ltr'>aninersoe</span> 
     </span>
     <span class='ocr_line' id='line_1_38' title="bbox 70 3632 1715 3714; baseline -0.001 -23"><span class='ocrx_word' id='word_1_551' title='bbox 70 3646 150 3693; x_wconf 71' lang='lat' dir='ltr'>uteru</span> <span class='ocrx_word' id='word_1_552' title='bbox 171 3635 279 3710; x_wconf 85' lang='lat' dir='ltr'>prodiit</span> <span class='ocrx_word' id='word_1_553' title='bbox 301 3652 336 3695; x_wconf 87' lang='lat' dir='ltr'>ex</span> <span class='ocrx_word' id='word_1_554' title='bbox 359 3639 490 3711; x_wconf 86' lang='lat' dir='ltr'>ipso,bic</span> <span class='ocrx_word' id='word_1_555' title='bbox 503 3639 554 3698; x_wconf 90' lang='lat' dir='ltr'>crit</span> <span class='ocrx_word' id='word_1_556' title='bbox 571 3640 665 3711; x_wconf 81' lang='lat' dir='ltr'>Filius,</span> <span class='ocrx_word' id='word_1_557' title='bbox 681 3655 736 3698; x_wconf 92' lang='lat' dir='ltr'>noa</span> <span class='ocrx_word' id='word_1_558' title='bbox 751 3640 810 3714; x_wconf 89' lang='lat' dir='ltr'>ipse</span> <span class='ocrx_word' id='word_1_559' title='bbox 828 3643 863 3699; x_wconf 89' lang='lat' dir='ltr'>de</span> <span class='ocrx_word' id='word_1_560' title='bbox 916 3639 1137 3710; x_wconf 82' lang='lat' dir='ltr'>oeataroe(l’aal.</span> <span class='ocrx_word' id='word_1_561' title='bbox 1149 3640 1280 3707; x_wconf 82' lang='lat' dir='ltr'>nxx1,8).</span> <span class='ocrx_word' id='word_1_562' title='bbox 1295 3638 1361 3694; x_wconf 90' lang='lat' dir='ltr'>ltem</span> <span class='ocrx_word' id='word_1_563' title='bbox 1378 3636 1405 3691; x_wconf 92' lang='lat' dir='ltr'>in</span> <span class='ocrx_word' id='word_1_564' title='bbox 1419 3636 1472 3692; x_wconf 87' lang='lat' dir='ltr'>alio</span> <span class='ocrx_word' id='word_1_565' title='bbox 1489 3635 1636 3702; x_wconf 77' lang='lat' dir='ltr'>altcmiae,</span> <span class='ocrx_word' id='word_1_566' title='bbox 1647 3632 1715 3708; x_wconf 78' lang='lat' dir='ltr'>quid</span> 
     </span>
     <span class='ocr_line' id='line_1_39' title="bbox 71 3720 1715 3804; baseline -0.004 -22"><span class='ocrx_word' id='word_1_567' title='bbox 71 3725 239 3798; x_wconf 74' lang='lat' dir='ltr'>amprodiit.</span> <span class='ocrx_word' id='word_1_568' title='bbox 263 3726 327 3785; x_wconf 84' lang='lat' dir='ltr'>Non</span> <span class='ocrx_word' id='word_1_569' title='bbox 349 3728 422 3786; x_wconf 90' lang='lat' dir='ltr'>enim</span> <span class='ocrx_word' id='word_1_570' title='bbox 436 3729 496 3802; x_wconf 91' lang='lat' dir='ltr'>ipse</span> <span class='ocrx_word' id='word_1_571' title='bbox 517 3729 619 3801; x_wconf 76' lang='lat' dir='ltr'>prodiit</span> <span class='ocrx_word' id='word_1_572' title='bbox 644 3746 679 3787; x_wconf 89' lang='lat' dir='ltr'>err</span> <span class='ocrx_word' id='word_1_573' title='bbox 702 3730 858 3804; x_wconf 89' lang='lat' dir='ltr'>semetipso.</span> <span class='ocrx_word' id='word_1_574' title='bbox 915 3720 1715 3802; x_wconf 68' lang='lat' dir='ltr'>matttptaattsaatqataampmmaatme‘ttesatnrr,a.)</span> 
     </span>
     <span class='ocr_line' id='line_1_40' title="bbox 73 3808 1714 3889; baseline -0.004 -16"><span class='ocrx_word' id='word_1_575' title='bbox 73 3808 159 3885; x_wconf 75' lang='lat' dir='ltr'>Pano,</span> <span class='ocrx_word' id='word_1_576' title='bbox 179 3816 228 3888; x_wconf 88' lang='lat' dir='ltr'>qui</span> <span class='ocrx_word' id='word_1_577' title='bbox 250 3818 379 3874; x_wconf 88' lang='lat' dir='ltr'>eamdem</span> <span class='ocrx_word' id='word_1_578' title='bbox 397 3818 502 3876; x_wconf 83' lang='lat' dir='ltr'>Patrem</span> <span class='ocrx_word' id='word_1_579' title='bbox 516 3818 584 3876; x_wconf 89' lang='lat' dir='ltr'>dicis</span> <span class='ocrx_word' id='word_1_580' title='bbox 606 3825 634 3877; x_wconf 89' lang='lat' dir='ltr'>et</span> <span class='ocrx_word' id='word_1_581' title='bbox 656 3819 766 3889; x_wconf 75' lang='lat' dir='ltr'>litium,</span> <span class='ocrx_word' id='word_1_582' title='bbox 783 3837 861 3879; x_wconf 84' lang='lat' dir='ltr'>eum·</span> <span class='ocrx_word' id='word_1_583' title='bbox 916 3817 1011 3874; x_wconf 87' lang='lat' dir='ltr'>Sedet</span> <span class='ocrx_word' id='word_1_584' title='bbox 1024 3831 1122 3874; x_wconf 87' lang='lat' dir='ltr'>omnes</span> <span class='ocrx_word' id='word_1_585' title='bbox 1135 3831 1205 3888; x_wconf 87' lang='lat' dir='ltr'>pene</span> <span class='ocrx_word' id='word_1_586' title='bbox 1223 3815 1323 3872; x_wconf 83' lang='lat' dir='ltr'>Psalmi</span> <span class='ocrx_word' id='word_1_587' title='bbox 1337 3814 1437 3871; x_wconf 83' lang='lat' dir='ltr'>Christi</span> <span class='ocrx_word' id='word_1_588' title='bbox 1460 3827 1605 3886; x_wconf 89' lang='lat' dir='ltr'>personam</span> <span class='ocrx_word' id='word_1_589' title='bbox 1629 3810 1714 3868; x_wconf 89' lang='lat' dir='ltr'>susti-</span> 
     </span>
     <span class='ocr_line' id='line_1_41' title="bbox 73 3899 1714 3982; baseline -0.005 -19"><span class='ocrx_word' id='word_1_590' title='bbox 73 3899 126 3957; x_wconf 84' lang='lat' dir='ltr'>dem</span> <span class='ocrx_word' id='word_1_591' title='bbox 153 3910 180 3962; x_wconf 81' lang='lat' dir='ltr'>et</span> <span class='ocrx_word' id='word_1_592' title='bbox 201 3905 349 3977; x_wconf 86' lang='lat' dir='ltr'>protulisse</span> <span class='ocrx_word' id='word_1_593' title='bbox 368 3922 402 3964; x_wconf 83' lang='lat' dir='ltr'>ex</span> <span class='ocrx_word' id='word_1_594' title='bbox 423 3907 569 3979; x_wconf 85' lang='lat' dir='ltr'>semetipso</span> <span class='ocrx_word' id='word_1_595' title='bbox 589 3907 666 3979; x_wconf 84' lang='lat' dir='ltr'>iscis,</span> <span class='ocrx_word' id='word_1_596' title='bbox 693 3916 721 3966; x_wconf 88' lang='lat' dir='ltr'>el</span> <span class='ocrx_word' id='word_1_597' title='bbox 737 3909 863 3982; x_wconf 85' lang='lat' dir='ltr'>prodisse</span> <span class='ocrx_word' id='word_1_598' title='bbox 915 3913 999 3978; x_wconf 81' lang='lat' dir='ltr'>nent3</span> <span class='ocrx_word' id='word_1_599' title='bbox 1015 3904 1161 3963; x_wconf 72' lang='lat' dir='ltr'>iiliumad</span> <span class='ocrx_word' id='word_1_600' title='bbox 1176 3906 1292 3971; x_wconf 86' lang='lat' dir='ltr'>Patrem,</span> <span class='ocrx_word' id='word_1_601' title='bbox 1307 3902 1390 3960; x_wconf 89' lang='lat' dir='ltr'>idest</span> <span class='ocrx_word' id='word_1_602' title='bbox 1412 3903 1548 3959; x_wconf 83' lang='lat' dir='ltr'>Christum</span> <span class='ocrx_word' id='word_1_603' title='bbox 1571 3900 1605 3957; x_wconf 86' lang='lat' dir='ltr'>ad</span> <span class='ocrx_word' id='word_1_604' title='bbox 1627 3900 1714 3957; x_wconf 87' lang='lat' dir='ltr'>Deum</span> 
     </span>
     <span class='ocr_line' id='line_1_42' title="bbox 74 3989 1715 4068; baseline -0.004 -17"><span class='ocrx_word' id='word_1_605' title='bbox 74 3991 224 4061; x_wconf 69' lang='lat' dir='ltr'>modbens</span> <span class='ocrx_word' id='word_1_606' title='bbox 242 4002 294 4052; x_wconf 88' lang='lat' dir='ltr'>est.</span> <span class='ocrx_word' id='word_1_607' title='bbox 318 3995 347 4052; x_wconf 90' lang='lat' dir='ltr'>Si</span> <span class='ocrx_word' id='word_1_608' title='bbox 369 3997 458 4068; x_wconf 89' lang='lat' dir='ltr'>potnit</span> <span class='ocrx_word' id='word_1_609' title='bbox 480 3996 587 4063; x_wconf 85' lang='lat' dir='ltr'>iecisse,</span> <span class='ocrx_word' id='word_1_610' title='bbox 612 4013 666 4055; x_wconf 91' lang='lat' dir='ltr'>nan</span> <span class='ocrx_word' id='word_1_611' title='bbox 681 4004 772 4055; x_wconf 73' lang='lat' dir='ltr'>maren</span> <span class='ocrx_word' id='word_1_612' title='bbox 786 3998 861 4057; x_wconf 88' lang='lat' dir='ltr'>iecit.</span> <span class='ocrx_word' id='word_1_613' title='bbox 914 3995 997 4051; x_wconf 86' lang='lat' dir='ltr'>rerba</span> <span class='ocrx_word' id='word_1_614' title='bbox 1022 3993 1164 4052; x_wconf 81' lang='lat' dir='ltr'>facientem</span> <span class='ocrx_word' id='word_1_615' title='bbox 1188 3999 1393 4065; x_wconf 73' lang='lat' dir='ltr'>representem.</span> <span class='ocrx_word' id='word_1_616' title='bbox 1417 3991 1612 4049; x_wconf 76' lang='lat' dir='ltr'>Animaduerte</span> <span class='ocrx_word' id='word_1_617' title='bbox 1635 3989 1715 4047; x_wconf 88' lang='lat' dir='ltr'>etiam</span> 
     </span>
     <span class='ocr_line' id='line_1_43' title="bbox 76 4078 1716 4158; baseline -0.001 -25"><span class='ocrx_word' id='word_1_618' title='bbox 76 4078 120 4134; x_wconf 86' lang='lat' dir='ltr'>lut</span> <span class='ocrx_word' id='word_1_619' title='bbox 138 4081 237 4139; x_wconf 84' lang='lat' dir='ltr'>exhibe</span> <span class='ocrx_word' id='word_1_620' title='bbox 259 4082 450 4154; x_wconf 76' lang='lat' dir='ltr'>probationem</span> <span class='ocrx_word' id='word_1_621' title='bbox 472 4099 553 4158; x_wconf 88' lang='lat' dir='ltr'>quem</span> <span class='ocrx_word' id='word_1_622' title='bbox 572 4087 718 4157; x_wconf 85' lang='lat' dir='ltr'>expostulo</span> <span class='ocrx_word' id='word_1_623' title='bbox 740 4103 808 4144; x_wconf 77' lang='lat' dir='ltr'>mem</span> <span class='ocrx_word' id='word_1_624' title='bbox 822 4089 860 4145; x_wconf 88' lang='lat' dir='ltr'>si·</span> <span class='ocrx_word' id='word_1_625' title='bbox 914 4082 1043 4156; x_wconf 88' lang='lat' dir='ltr'>Spiritum</span> <span class='ocrx_word' id='word_1_626' title='bbox 1067 4084 1220 4156; x_wconf 84' lang='lat' dir='ltr'>toquentem</span> <span class='ocrx_word' id='word_1_627' title='bbox 1248 4098 1281 4140; x_wconf 83' lang='lat' dir='ltr'>ex</span> <span class='ocrx_word' id='word_1_628' title='bbox 1306 4080 1386 4138; x_wconf 90' lang='lat' dir='ltr'>tertia</span> <span class='ocrx_word' id='word_1_629' title='bbox 1409 4095 1526 4153; x_wconf 87' lang='lat' dir='ltr'>persana</span> <span class='ocrx_word' id='word_1_630' title='bbox 1540 4080 1574 4135; x_wconf 91' lang='lat' dir='ltr'>de</span> <span class='ocrx_word' id='word_1_631' title='bbox 1595 4079 1674 4134; x_wconf 84' lang='lat' dir='ltr'>Patre</span> <span class='ocrx_word' id='word_1_632' title='bbox 1689 4083 1716 4135; x_wconf 89' lang='lat' dir='ltr'>et</span> 
     </span>
     <span class='ocr_line' id='line_1_44' title="bbox 75 4165 1714 4246; baseline 0.001 -22"><span class='ocrx_word' id='word_1_633' title='bbox 75 4165 172 4235; x_wconf 71' lang='lat' dir='ltr'>uilem</span> <span class='ocrx_word' id='word_1_634' title='bbox 193 4169 223 4225; x_wconf 93' lang='lat' dir='ltr'>id</span> <span class='ocrx_word' id='word_1_635' title='bbox 245 4178 298 4242; x_wconf 85' lang='lat' dir='ltr'>est,</span> <span class='ocrx_word' id='word_1_636' title='bbox 322 4171 362 4230; x_wconf 88' lang='lat' dir='ltr'>sic</span> <span class='ocrx_word' id='word_1_637' title='bbox 383 4172 538 4246; x_wconf 77' lang='lat' dir='ltr'>Scripturas</span> <span class='ocrx_word' id='word_1_638' title='bbox 561 4175 688 4232; x_wconf 88' lang='lat' dir='ltr'>eumdem</span> <span class='ocrx_word' id='word_1_639' title='bbox 713 4175 812 4232; x_wconf 86' lang='lat' dir='ltr'>Filium</span> <span class='ocrx_word' id='word_1_640' title='bbox 836 4184 864 4233; x_wconf 86' lang='lat' dir='ltr'>et</span> <span class='ocrx_word' id='word_1_641' title='bbox 915 4172 1249 4232; x_wconf 76' lang='lat' dir='ltr'>Fili021liaitltamt&#39;aus</span> <span class='ocrx_word' id='word_1_642' title='bbox 1268 4174 1385 4230; x_wconf 83' lang='lat' dir='ltr'>Domina</span> <span class='ocrx_word' id='word_1_643' title='bbox 1399 4186 1471 4238; x_wconf 84' lang='lat' dir='ltr'>mea,</span> <span class='ocrx_word' id='word_1_644' title='bbox 1484 4168 1599 4229; x_wconf 86' lang='lat' dir='ltr'>Sedcad</span> <span class='ocrx_word' id='word_1_645' title='bbox 1612 4169 1714 4226; x_wconf 82' lang='lat' dir='ltr'>dexte-</span> 
     </span>
     <span class='ocr_line' id='line_1_45' title="bbox 77 4254 1716 4335; baseline 0 -21"><span class='ocrx_word' id='word_1_646' title='bbox 77 4254 172 4314; x_wconf 82' lang='lat' dir='ltr'>latren</span> <span class='ocrx_word' id='word_1_647' title='bbox 193 4260 347 4329; x_wconf 83' lang='lat' dir='ltr'>ostendere,</span> <span class='ocrx_word' id='word_1_648' title='bbox 375 4260 603 4335; x_wconf 77' lang='lat' dir='ltr'>quemadmodum</span> <span class='ocrx_word' id='word_1_649' title='bbox 630 4264 701 4334; x_wconf 90' lang='lat' dir='ltr'>apud</span> <span class='ocrx_word' id='word_1_650' title='bbox 729 4279 780 4321; x_wconf 92' lang='lat' dir='ltr'>nas</span> <span class='ocrx_word' id='word_1_651' title='bbox 803 4264 863 4322; x_wconf 91' lang='lat' dir='ltr'>dis·</span> <span class='ocrx_word' id='word_1_652' title='bbox 916 4279 980 4321; x_wconf 83' lang='lat' dir='ltr'>ram</span> <span class='ocrx_word' id='word_1_653' title='bbox 992 4278 1096 4328; x_wconf 86' lang='lat' dir='ltr'>meam,</span> <span class='ocrx_word' id='word_1_654' title='bbox 1112 4262 1200 4320; x_wconf 82' lang='lat' dir='ltr'>donec</span> <span class='ocrx_word' id='word_1_655' title='bbox 1218 4278 1325 4334; x_wconf 82' lang='lat' dir='ltr'>ponam</span> <span class='ocrx_word' id='word_1_656' title='bbox 1339 4262 1468 4320; x_wconf 78' lang='lat' dir='ltr'>inimicos</span> <span class='ocrx_word' id='word_1_657' title='bbox 1482 4263 1546 4317; x_wconf 80' lang='lat' dir='ltr'>taos</span> <span class='ocrx_word' id='word_1_658' title='bbox 1561 4257 1716 4316; x_wconf 82' lang='lat' dir='ltr'>scabellum</span> 
     </span>
     <span class='ocr_line' id='line_1_46' title="bbox 74 4343 1715 4447; baseline -0.002 -44"><span class='ocrx_word' id='word_1_659' title='bbox 74 4343 146 4403; x_wconf 65' lang='lat' dir='ltr'>linae</span> <span class='ocrx_word' id='word_1_660' title='bbox 170 4346 254 4405; x_wconf 80' lang='lat' dir='ltr'>Pater</span> <span class='ocrx_word' id='word_1_661' title='bbox 279 4355 307 4406; x_wconf 88' lang='lat' dir='ltr'>et</span> <span class='ocrx_word' id='word_1_662' title='bbox 346 4348 430 4407; x_wconf 78' lang='lat' dir='ltr'>Filius</span> <span class='ocrx_word' id='word_1_663' title='bbox 459 4350 696 4422; x_wconf 71' lang='lat' dir='ltr'>demonstrantur,</span> <span class='ocrx_word' id='word_1_664' title='bbox 725 4352 860 4422; x_wconf 91' lang='lat' dir='ltr'>distincte,</span> <span class='ocrx_word' id='word_1_665' title='bbox 878 4352 1019 4447; x_wconf 59' lang='lat' dir='ltr'>opedam</span> <span class='ocrx_word' id='word_1_666' title='bbox 1041 4356 1157 4408; x_wconf 80' lang='lat' dir='ltr'>tuorum</span> <span class='ocrx_word' id='word_1_667' title='bbox 1176 4351 1264 4420; x_wconf 86' lang='lat' dir='ltr'>(Psal.</span> <span class='ocrx_word' id='word_1_668' title='bbox 1288 4367 1336 4417; x_wconf 86' lang='lat' dir='ltr'>cx,</span> <span class='ocrx_word' id='word_1_669' title='bbox 1361 4354 1388 4419; x_wconf 85' lang='lat' dir='ltr'>t,</span> <span class='ocrx_word' id='word_1_670' title='bbox 1411 4349 1449 4423; x_wconf 73' lang='lat'>2).</span> <span class='ocrx_word' id='word_1_671' title='bbox 1473 4349 1540 4406; x_wconf 90' lang='lat' dir='ltr'>Item</span> <span class='ocrx_word' id='word_1_672' title='bbox 1556 4363 1604 4421; x_wconf 91' lang='lat' dir='ltr'>per</span> <span class='ocrx_word' id='word_1_673' title='bbox 1618 4345 1715 4403; x_wconf 87' lang='lat' dir='ltr'>isaiam</span> 
     </span>
     <span class='ocr_line' id='line_1_47' title="bbox 72 4429 1715 4515; baseline 0.001 -23"><span class='ocrx_word' id='word_1_674' title='bbox 72 4429 186 4507; x_wconf 71' lang='grc' dir='ltr'>ἱηιιιιιι,</span> <span class='ocrx_word' id='word_1_675' title='bbox 210 4450 267 4493; x_wconf 93' lang='lat' dir='ltr'>non</span> <span class='ocrx_word' id='word_1_676' title='bbox 294 4436 388 4510; x_wconf 73' lang='lat' dir='ltr'>dinsa,</span> <span class='ocrx_word' id='word_1_677' title='bbox 410 4439 481 4498; x_wconf 90' lang='lat' dir='ltr'>sicut</span> <span class='ocrx_word' id='word_1_678' title='bbox 500 4455 553 4515; x_wconf 77' lang='lat' dir='ltr'>ega</span> <span class='ocrx_word' id='word_1_679' title='bbox 583 4440 693 4514; x_wconf 84' lang='lat' dir='ltr'>pmiero</span> <span class='ocrx_word' id='word_1_680' title='bbox 719 4441 819 4498; x_wconf 91' lang='lat' dir='ltr'>dictum</span> <span class='ocrx_word' id='word_1_681' title='bbox 847 4460 862 4499; x_wconf 88' lang='lat' dir='ltr'>a</span> <span class='ocrx_word' id='word_1_682' title='bbox 916 4442 1029 4514; x_wconf 80' lang='lat' dir='ltr'>(uun,</span> <span class='ocrx_word' id='word_1_683' title='bbox 1057 4442 1098 4510; x_wconf 83' lang='lat' dir='ltr'>l)</span> <span class='ocrx_word' id='word_1_684' title='bbox 1124 4456 1131 4495; x_wconf 91' lang='lat'><strong>:</strong></span> <span class='ocrx_word' id='word_1_685' title='bbox 1157 4442 1220 4497; x_wconf 85' lang='lat' dir='ltr'>lloec</span> <span class='ocrx_word' id='word_1_686' title='bbox 1246 4439 1317 4495; x_wconf 85' lang='lat' dir='ltr'>dicit</span> <span class='ocrx_word' id='word_1_687' title='bbox 1345 4441 1481 4496; x_wconf 70' lang='lat' dir='ltr'>beatam</span> <span class='ocrx_word' id='word_1_688' title='bbox 1509 4439 1626 4496; x_wconf 77' lang='lat' dir='ltr'>camina</span> <span class='ocrx_word' id='word_1_689' title='bbox 1653 4451 1715 4494; x_wconf 86' lang='lat' dir='ltr'>mea</span> 
     </span>
     <span class='ocr_line' id='line_1_48' title="bbox 70 4518 1713 4606; baseline -0.002 -23"><span class='ocrx_word' id='word_1_690' title='bbox 70 4518 121 4580; x_wconf 73' lang='lat' dir='ltr'>Deo</span> <span class='ocrx_word' id='word_1_691' title='bbox 141 4540 150 4578; x_wconf 77' lang='lat' dir='ltr'><em>t</em></span> <span class='ocrx_word' id='word_1_692' title='bbox 174 4528 325 4587; x_wconf 75' lang='lat' dir='ltr'>Eructavit</span> <span class='ocrx_word' id='word_1_693' title='bbox 345 4545 393 4586; x_wconf 86' lang='lat' dir='ltr'>car</span> <span class='ocrx_word' id='word_1_694' title='bbox 414 4543 510 4589; x_wconf 73' lang='lat' dir='ltr'>mcum</span> <span class='ocrx_word' id='word_1_695' title='bbox 534 4531 697 4590; x_wconf 71' lang='lat' dir='ltr'>seratam</span> <span class='ocrx_word' id='word_1_696' title='bbox 719 4532 862 4606; x_wconf 83' lang='lat' dir='ltr'>optimam</span> <span class='ocrx_word' id='word_1_697' title='bbox 917 4529 1038 4589; x_wconf 76' lang='lat' dir='ltr'>cbristo.</span> <span class='ocrx_word' id='word_1_698' title='bbox 1062 4531 1128 4586; x_wconf 91' lang='lat' dir='ltr'>Item</span> <span class='ocrx_word' id='word_1_699' title='bbox 1153 4543 1201 4599; x_wconf 93' lang='lat' dir='ltr'>per</span> <span class='ocrx_word' id='word_1_700' title='bbox 1226 4527 1355 4585; x_wconf 87' lang='lat' dir='ltr'>eumdem</span> <span class='ocrx_word' id='word_1_701' title='bbox 1378 4526 1415 4582; x_wconf 89' lang='lat' dir='ltr'>ad</span> <span class='ocrx_word' id='word_1_702' title='bbox 1436 4528 1544 4582; x_wconf 88' lang='lat' dir='ltr'>Patrem</span> <span class='ocrx_word' id='word_1_703' title='bbox 1560 4526 1594 4580; x_wconf 92' lang='lat' dir='ltr'>de</span> <span class='ocrx_word' id='word_1_704' title='bbox 1620 4524 1713 4580; x_wconf 80' lang='lat' dir='ltr'>Filia:</span> 
     </span>
     <span class='ocr_line' id='line_1_49' title="bbox 68 4610 1715 4693; baseline -0.002 -24"><span class='ocrx_word' id='word_1_705' title='bbox 68 4612 146 4680; x_wconf 79' lang='lat' dir='ltr'>(Ptol.</span> <span class='ocrx_word' id='word_1_706' title='bbox 176 4628 257 4688; x_wconf 83' lang='lat' dir='ltr'>xtrr,</span> <span class='ocrx_word' id='word_1_707' title='bbox 286 4616 324 4689; x_wconf 88' lang='lat' dir='ltr'>l).</span> <span class='ocrx_word' id='word_1_708' title='bbox 354 4616 399 4676; x_wconf 81' lang='lat' dir='ltr'>Sia</span> <span class='ocrx_word' id='word_1_709' title='bbox 424 4624 455 4674; x_wconf 90' lang='lat' dir='ltr'>tu</span> <span class='ocrx_word' id='word_1_710' title='bbox 481 4627 575 4676; x_wconf 82' lang='lat' dir='ltr'>contm</span> <span class='ocrx_word' id='word_1_711' title='bbox 602 4635 735 4693; x_wconf 84' lang='lat' dir='ltr'>opponas,</span> <span class='ocrx_word' id='word_1_712' title='bbox 763 4620 861 4678; x_wconf 86' lang='lat' dir='ltr'>alicubi</span> <span class='ocrx_word' id='word_1_713' title='bbox 914 4622 1040 4687; x_wconf 81' lang='lat' dir='ltr'>Demeae,</span> <span class='ocrx_word' id='word_1_714' title='bbox 1052 4619 1115 4692; x_wconf 81' lang='lat' dir='ltr'>qais</span> <span class='ocrx_word' id='word_1_715' title='bbox 1124 4615 1246 4676; x_wconf 84' lang='lat' dir='ltr'>credidit</span> <span class='ocrx_word' id='word_1_716' title='bbox 1259 4615 1376 4673; x_wconf 75' lang='lat' dir='ltr'>audititi</span> <span class='ocrx_word' id='word_1_717' title='bbox 1389 4617 1554 4672; x_wconf 73' lang='lat' dir='ltr'>nostraidt</span> <span class='ocrx_word' id='word_1_718' title='bbox 1564 4610 1715 4671; x_wconf 79' lang='lat' dir='ltr'>traebiam</span> 
     </span>
     <span class='ocr_line' id='line_1_50' title="bbox 67 4698 1712 4785; baseline -0.002 -24"><span class='ocrx_word' id='word_1_719' title='bbox 67 4698 161 4761; x_wconf 60' lang='lat' dir='ltr'>dixsse</span> <span class='ocrx_word' id='word_1_720' title='bbox 174 4702 273 4770; x_wconf 81' lang='lat' dir='ltr'>Deum,</span> <span class='ocrx_word' id='word_1_721' title='bbox 288 4707 438 4766; x_wconf 75' lang='lat' dir='ltr'>Eructavit</span> <span class='ocrx_word' id='word_1_722' title='bbox 445 4723 494 4768; x_wconf 85' lang='lat' dir='ltr'>aar</span> <span class='ocrx_word' id='word_1_723' title='bbox 508 4724 603 4766; x_wconf 86' lang='lat' dir='ltr'>meam</span> <span class='ocrx_word' id='word_1_724' title='bbox 613 4709 777 4770; x_wconf 81' lang='lat' dir='ltr'>Sermonem</span> <span class='ocrx_word' id='word_1_725' title='bbox 791 4714 861 4785; x_wconf 79' lang='lat' dir='ltr'>opti·</span> <span class='ocrx_word' id='word_1_726' title='bbox 914 4710 1029 4768; x_wconf 76' lang='lat' dir='ltr'>Domini</span> <span class='ocrx_word' id='word_1_727' title='bbox 1042 4711 1088 4766; x_wconf 83' lang='lat' dir='ltr'>cai</span> <span class='ocrx_word' id='word_1_728' title='bbox 1097 4708 1253 4766; x_wconf 84' lang='lat' dir='ltr'>revelatam</span> <span class='ocrx_word' id='word_1_729' title='bbox 1268 4705 1331 4763; x_wconf 81' lang='lat' dir='ltr'>est?</span> <span class='ocrx_word' id='word_1_730' title='bbox 1345 4704 1587 4762; x_wconf 81' lang='lat' dir='ltr'>Annuntiavimus</span> <span class='ocrx_word' id='word_1_731' title='bbox 1604 4702 1637 4759; x_wconf 89' lang='lat' dir='ltr'>de</span> <span class='ocrx_word' id='word_1_732' title='bbox 1652 4699 1712 4767; x_wconf 88' lang='lat' dir='ltr'>illa,</span> 
     </span>
     <span class='ocr_line' id='line_1_51' title="bbox 67 4792 1715 4872; baseline -0.001 -23"><span class='ocrx_word' id='word_1_733' title='bbox 67 4806 150 4859; x_wconf 79' lang='lat' dir='ltr'>nam,</span> <span class='ocrx_word' id='word_1_734' title='bbox 166 4802 197 4851; x_wconf 90' lang='lat' dir='ltr'>ut</span> <span class='ocrx_word' id='word_1_735' title='bbox 209 4792 270 4866; x_wconf 91' lang='lat' dir='ltr'>ipse</span> <span class='ocrx_word' id='word_1_736' title='bbox 287 4795 323 4851; x_wconf 86' lang='lat' dir='ltr'>eit</span> <span class='ocrx_word' id='word_1_737' title='bbox 336 4795 384 4867; x_wconf 89' lang='lat' dir='ltr'>qai</span> <span class='ocrx_word' id='word_1_738' title='bbox 397 4802 426 4851; x_wconf 92' lang='lat' dir='ltr'>et</span> <span class='ocrx_word' id='word_1_739' title='bbox 447 4797 589 4867; x_wconf 81' lang='lat' dir='ltr'>eructarit,</span> <span class='ocrx_word' id='word_1_740' title='bbox 606 4804 634 4854; x_wconf 92' lang='lat' dir='ltr'>et</span> <span class='ocrx_word' id='word_1_741' title='bbox 656 4799 728 4870; x_wconf 90' lang='lat' dir='ltr'>quod</span> <span class='ocrx_word' id='word_1_742' title='bbox 752 4810 861 4856; x_wconf 86' lang='lat' dir='ltr'>eructa·</span> <span class='ocrx_word' id='word_1_743' title='bbox 914 4800 990 4856; x_wconf 81' lang='lat' dir='ltr'>sicot</span> <span class='ocrx_word' id='word_1_744' title='bbox 1001 4799 1147 4872; x_wconf 78' lang='lat' dir='ltr'>puerulas,</span> <span class='ocrx_word' id='word_1_745' title='bbox 1159 4799 1233 4855; x_wconf 86' lang='lat' dir='ltr'>sicat</span> <span class='ocrx_word' id='word_1_746' title='bbox 1243 4796 1329 4855; x_wconf 82' lang='lat' dir='ltr'>radia</span> <span class='ocrx_word' id='word_1_747' title='bbox 1342 4797 1374 4851; x_wconf 84' lang='lat' dir='ltr'>ia</span> <span class='ocrx_word' id='word_1_748' title='bbox 1390 4800 1467 4854; x_wconf 75' lang='lat' dir='ltr'>terra</span> <span class='ocrx_word' id='word_1_749' title='bbox 1480 4792 1602 4858; x_wconf 85' lang='lat' dir='ltr'>sitienti,</span> <span class='ocrx_word' id='word_1_750' title='bbox 1618 4795 1715 4851; x_wconf 83' lang='lat' dir='ltr'>etaoa</span> 
     </span>
     <span class='ocr_line' id='line_1_52' title="bbox 66 4879 1712 4962; baseline 0.002 -28"><span class='ocrx_word' id='word_1_751' title='bbox 66 4879 116 4944; x_wconf 81' lang='lat' dir='ltr'>rit:</span> <span class='ocrx_word' id='word_1_752' title='bbox 132 4890 161 4938; x_wconf 90' lang='lat' dir='ltr'>et</span> <span class='ocrx_word' id='word_1_753' title='bbox 184 4880 245 4956; x_wconf 86' lang='lat' dir='ltr'>ipse</span> <span class='ocrx_word' id='word_1_754' title='bbox 267 4884 312 4956; x_wconf 85' lang='lat' dir='ltr'>qui</span> <span class='ocrx_word' id='word_1_755' title='bbox 335 4883 484 4954; x_wconf 86' lang='lat' dir='ltr'>protulerit,</span> <span class='ocrx_word' id='word_1_756' title='bbox 508 4895 536 4942; x_wconf 94' lang='lat' dir='ltr'>et</span> <span class='ocrx_word' id='word_1_757' title='bbox 557 4887 605 4960; x_wconf 90' lang='lat' dir='ltr'>qui</span> <span class='ocrx_word' id='word_1_758' title='bbox 630 4889 749 4961; x_wconf 89' lang='lat' dir='ltr'>prolatus</span> <span class='ocrx_word' id='word_1_759' title='bbox 775 4889 821 4954; x_wconf 89' lang='lat' dir='ltr'>sit,</span> <span class='ocrx_word' id='word_1_760' title='bbox 836 4889 860 4946; x_wconf 90' lang='lat' dir='ltr'>si</span> <span class='ocrx_word' id='word_1_761' title='bbox 914 4893 979 4947; x_wconf 86' lang='lat' dir='ltr'>erat</span> <span class='ocrx_word' id='word_1_762' title='bbox 993 4890 1087 4960; x_wconf 75' lang='lat' dir='ltr'>forma</span> <span class='ocrx_word' id='word_1_763' title='bbox 1110 4889 1181 4960; x_wconf 82' lang='lat' dir='ltr'>ejas,</span> <span class='ocrx_word' id='word_1_764' title='bbox 1202 4903 1255 4944; x_wconf 85' lang='lat' dir='ltr'>aec</span> <span class='ocrx_word' id='word_1_765' title='bbox 1274 4888 1366 4962; x_wconf 77' lang='lat' dir='ltr'>plaria</span> <span class='ocrx_word' id='word_1_766' title='bbox 1384 4885 1450 4959; x_wconf 86' lang='lat' dir='ltr'>(isa.</span> <span class='ocrx_word' id='word_1_767' title='bbox 1473 4896 1534 4949; x_wconf 85' lang='lat' dir='ltr'>mu,</span> <span class='ocrx_word' id='word_1_768' title='bbox 1549 4887 1576 4950; x_wconf 92' lang='lat' dir='ltr'>l,</span> <span class='ocrx_word' id='word_1_769' title='bbox 1592 4882 1631 4956; x_wconf 76' lang='lat'>2).</span> <span class='ocrx_word' id='word_1_770' title='bbox 1646 4879 1712 4938; x_wconf 77' lang='lat' dir='ltr'>ldae</span> 
     </span>
     <span class='ocr_line' id='line_1_53' title="bbox 64 4966 1713 5053; baseline 0 -27"><span class='ocrx_word' id='word_1_771' title='bbox 64 4966 117 5040; x_wconf 89' lang='lat' dir='ltr'>ipse</span> <span class='ocrx_word' id='word_1_772' title='bbox 137 4978 180 5026; x_wconf 87' lang='lat' dir='ltr'>est</span> <span class='ocrx_word' id='word_1_773' title='bbox 199 4978 227 5029; x_wconf 85' lang='lat' dir='ltr'>et</span> <span class='ocrx_word' id='word_1_774' title='bbox 250 4971 346 5030; x_wconf 86' lang='lat' dir='ltr'>Sermo</span> <span class='ocrx_word' id='word_1_775' title='bbox 367 4985 394 5031; x_wconf 91' lang='lat' dir='ltr'>et</span> <span class='ocrx_word' id='word_1_776' title='bbox 407 4975 490 5031; x_wconf 84' lang='lat' dir='ltr'>Deus.</span> <span class='ocrx_word' id='word_1_777' title='bbox 518 4974 587 5033; x_wconf 86' lang='lat' dir='ltr'>Bcce</span> <span class='ocrx_word' id='word_1_778' title='bbox 601 4992 654 5049; x_wconf 75' lang='lat' dir='ltr'>ego</span> <span class='ocrx_word' id='word_1_779' title='bbox 669 4994 793 5049; x_wconf 90' lang='lat' dir='ltr'>propono</span> <span class='ocrx_word' id='word_1_780' title='bbox 807 4980 859 5036; x_wconf 87' lang='lat' dir='ltr'>Pa·</span> <span class='ocrx_word' id='word_1_781' title='bbox 912 4991 1000 5053; x_wconf 85' lang='lat' dir='ltr'>pauca</span> <span class='ocrx_word' id='word_1_782' title='bbox 1020 4977 1055 5035; x_wconf 95' lang='lat' dir='ltr'>de</span> <span class='ocrx_word' id='word_1_783' title='bbox 1080 4977 1184 5035; x_wconf 89' lang='lat' dir='ltr'>multis.</span> <span class='ocrx_word' id='word_1_784' title='bbox 1206 4977 1266 5035; x_wconf 90' lang='lat' dir='ltr'>Nea</span> <span class='ocrx_word' id='word_1_785' title='bbox 1292 4976 1364 5032; x_wconf 91' lang='lat' dir='ltr'>enim</span> <span class='ocrx_word' id='word_1_786' title='bbox 1391 4974 1549 5031; x_wconf 71' lang='lat' dir='ltr'>alienamus</span> <span class='ocrx_word' id='word_1_787' title='bbox 1572 4971 1713 5031; x_wconf 81' lang='lat' dir='ltr'>universas</span> 
     </span>
     <span class='ocr_line' id='line_1_54' title="bbox 66 5061 1712 5142; baseline 0.002 -29"><span class='ocrx_word' id='word_1_788' title='bbox 66 5064 127 5115; x_wconf 85' lang='lat' dir='ltr'>trem</span> <span class='ocrx_word' id='word_1_789' title='bbox 141 5061 212 5118; x_wconf 86' lang='lat' dir='ltr'>Filio</span> <span class='ocrx_word' id='word_1_790' title='bbox 233 5061 360 5120; x_wconf 80' lang='lat' dir='ltr'>dixisse:</span> <span class='ocrx_word' id='word_1_791' title='bbox 386 5064 478 5122; x_wconf 82' lang='lat' dir='ltr'>Filias</span> <span class='ocrx_word' id='word_1_792' title='bbox 500 5083 580 5124; x_wconf 86' lang='lat' dir='ltr'>meas</span> <span class='ocrx_word' id='word_1_793' title='bbox 604 5082 632 5124; x_wconf 87' lang='lat' dir='ltr'>cs</span> <span class='ocrx_word' id='word_1_794' title='bbox 649 5072 690 5136; x_wconf 87' lang='lat' dir='ltr'>tu,</span> <span class='ocrx_word' id='word_1_795' title='bbox 707 5085 755 5142; x_wconf 76' lang='lat' dir='ltr'>epa</span> <span class='ocrx_word' id='word_1_796' title='bbox 780 5069 859 5127; x_wconf 83' lang='lat' dir='ltr'>badia</span> <span class='ocrx_word' id='word_1_797' title='bbox 913 5069 1065 5141; x_wconf 84' lang='lat' dir='ltr'>Scripturas</span> <span class='ocrx_word' id='word_1_798' title='bbox 1098 5067 1233 5134; x_wconf 72' lang='lat' dir='ltr'>evolvere,</span> <span class='ocrx_word' id='word_1_799' title='bbox 1259 5082 1319 5124; x_wconf 91' lang='lat' dir='ltr'>cum</span> <span class='ocrx_word' id='word_1_800' title='bbox 1343 5074 1370 5122; x_wconf 95' lang='lat' dir='ltr'>et</span> <span class='ocrx_word' id='word_1_801' title='bbox 1396 5065 1424 5121; x_wconf 91' lang='lat' dir='ltr'>in</span> <span class='ocrx_word' id='word_1_802' title='bbox 1448 5063 1564 5138; x_wconf 79' lang='lat' dir='ltr'>singulis</span> <span class='ocrx_word' id='word_1_803' title='bbox 1587 5061 1712 5135; x_wconf 86' lang='lat' dir='ltr'>capitulis</span> 
     </span>
     <span class='ocr_line' id='line_1_55' title="bbox 64 5152 1712 5232; baseline -0.001 -23"><span class='ocrx_word' id='word_1_804' title='bbox 64 5153 193 5221; x_wconf 71' lang='lat' dir='ltr'>neaeram</span> <span class='ocrx_word' id='word_1_805' title='bbox 207 5152 334 5224; x_wconf 74' lang='lat' dir='ltr'>tetPsal.</span> <span class='ocrx_word' id='word_1_806' title='bbox 349 5169 380 5224; x_wconf 91' lang='lat' dir='ltr'>u,</span> <span class='ocrx_word' id='word_1_807' title='bbox 404 5154 443 5223; x_wconf 81' lang='grc'>7).</span> <span class='ocrx_word' id='word_1_808' title='bbox 458 5153 484 5212; x_wconf 91' lang='lat' dir='ltr'>Si</span> <span class='ocrx_word' id='word_1_809' title='bbox 504 5154 573 5212; x_wconf 84' lang='lat' dir='ltr'>velis</span> <span class='ocrx_word' id='word_1_810' title='bbox 595 5163 627 5212; x_wconf 92' lang='lat' dir='ltr'>ut</span> <span class='ocrx_word' id='word_1_811' title='bbox 649 5158 756 5216; x_wconf 84' lang='lat' dir='ltr'>credam</span> <span class='ocrx_word' id='word_1_812' title='bbox 770 5158 860 5230; x_wconf 89' lang='lat' dir='ltr'>ipsum</span> <span class='ocrx_word' id='word_1_813' title='bbox 913 5160 1022 5232; x_wconf 85' lang='lat' dir='ltr'>plenem</span> <span class='ocrx_word' id='word_1_814' title='bbox 1049 5158 1215 5228; x_wconf 78' lang='lat' dir='ltr'>maiestatem</span> <span class='ocrx_word' id='word_1_815' title='bbox 1243 5167 1269 5215; x_wconf 92' lang='lat' dir='ltr'>et</span> <span class='ocrx_word' id='word_1_816' title='bbox 1297 5155 1483 5214; x_wconf 88' lang='lat' dir='ltr'>auctoritatem</span> <span class='ocrx_word' id='word_1_817' title='bbox 1516 5159 1712 5217; x_wconf 88' lang='lat' dir='ltr'>coutestantes,</span> 
     </span>
     <span class='ocr_line' id='line_1_56' title="bbox 65 5240 1714 5322; baseline -0.001 -24"><span class='ocrx_word' id='word_1_818' title='bbox 65 5253 118 5298; x_wconf 82' lang='lat' dir='ltr'>esse</span> <span class='ocrx_word' id='word_1_819' title='bbox 144 5242 251 5300; x_wconf 80' lang='lat' dir='ltr'>Patrem</span> <span class='ocrx_word' id='word_1_820' title='bbox 272 5250 301 5300; x_wconf 91' lang='lat' dir='ltr'>et</span> <span class='ocrx_word' id='word_1_821' title='bbox 325 5243 433 5310; x_wconf 82' lang='lat' dir='ltr'>lilium,</span> <span class='ocrx_word' id='word_1_822' title='bbox 456 5244 569 5302; x_wconf 74' lang='lat' dir='ltr'>osoendc</span> <span class='ocrx_word' id='word_1_823' title='bbox 591 5245 630 5304; x_wconf 90' lang='lat' dir='ltr'>sic</span> <span class='ocrx_word' id='word_1_824' title='bbox 655 5247 859 5322; x_wconf 87' lang='lat' dir='ltr'>pronuntiatum</span> <span class='ocrx_word' id='word_1_825' title='bbox 916 5250 1046 5320; x_wconf 83' lang='lat' dir='ltr'>majorem</span> <span class='ocrx_word' id='word_1_826' title='bbox 1064 5260 1239 5320; x_wconf 76' lang='lat' dir='ltr'>congressum</span> <span class='ocrx_word' id='word_1_827' title='bbox 1262 5244 1288 5301; x_wconf 94' lang='lat' dir='ltr'>in</span> <span class='ocrx_word' id='word_1_828' title='bbox 1311 5242 1498 5301; x_wconf 87' lang='lat' dir='ltr'>retractatibus</span> <span class='ocrx_word' id='word_1_829' title='bbox 1516 5244 1665 5299; x_wconf 86' lang='lat' dir='ltr'>babeamus</span> <span class='ocrx_word' id='word_1_830' title='bbox 1688 5240 1714 5278; x_wconf 79' lang='lat'>⁵³</span> 
     </span>
    </p>
   </div>
   <div class='ocr_carea' id='block_1_3' title="bbox 755 5421 1030 5493">
    <p class='ocr_par' dir='ltr' id='par_1_9' title="bbox 755 5421 1030 5493">
     <span class='ocr_line' id='line_1_57' title="bbox 755 5421 1030 5493; baseline 0 -6"><span class='ocrx_word' id='word_1_831' title='bbox 755 5421 853 5491; x_wconf 75' lang='lat' dir='ltr'>vnis</span> <span class='ocrx_word' id='word_1_832' title='bbox 873 5428 1030 5493; x_wconf 87' lang='lat' dir='ltr'>lectiones.</span> 
     </span>
    </p>
   </div>
   <div class='ocr_carea' id='block_1_4' title="bbox 66 5547 1713 5723">
    <p class='ocr_par' dir='ltr' id='par_1_10' title="bbox 66 5547 1713 5723">
     <span class='ocr_line' id='line_1_58' title="bbox 95 5547 1713 5631; baseline -0.01 -10"><span class='ocrx_word' id='word_1_833' title='bbox 95 5556 265 5631; x_wconf 62' lang='lat' dir='ltr'>”Sapientia</span> <span class='ocrx_word' id='word_1_834' title='bbox 277 5558 371 5618; x_wconf 76' lang='lat' dir='ltr'>libert.</span> <span class='ocrx_word' id='word_1_835' title='bbox 393 5558 478 5618; x_wconf 77' lang='lat' dir='ltr'>secel.</span> <span class='ocrx_word' id='word_1_836' title='bbox 494 5558 606 5617; x_wconf 84' lang='lat' dir='ltr'>ctertt.</span> <span class='ocrx_word' id='word_1_837' title='bbox 622 5555 647 5596; x_wconf 77' lang='lat'>⁴⁹</span> <span class='ocrx_word' id='word_1_838' title='bbox 665 5552 952 5617; x_wconf 56' lang='lat' dir='ltr'>illicitatorem</span> <span class='ocrx_word' id='word_1_839' title='bbox 967 5556 1054 5619; x_wconf 73' lang='lat' dir='ltr'>namt.</span> <span class='ocrx_word' id='word_1_840' title='bbox 1065 5559 1090 5599; x_wconf 84' lang='lat'>⁵⁰</span> <span class='ocrx_word' id='word_1_841' title='bbox 1104 5557 1169 5616; x_wconf 90' lang='lat' dir='ltr'>ldec</span> <span class='ocrx_word' id='word_1_842' title='bbox 1191 5550 1425 5614; x_wconf 66' lang='lat' dir='ltr'>animasset.</span> <span class='ocrx_word' id='word_1_843' title='bbox 1449 5552 1560 5613; x_wconf 84' lang='lat' dir='ltr'>Odertb.</span> <span class='ocrx_word' id='word_1_844' title='bbox 1576 5550 1601 5590; x_wconf 75' lang='lat'>⁸¹</span> <span class='ocrx_word' id='word_1_845' title='bbox 1626 5547 1713 5609; x_wconf 81' lang='lat' dir='ltr'>Siro-</span> 
     </span>
     <span class='ocr_line' id='line_1_59' title="bbox 66 5620 1711 5723; baseline -0.007 -33"><span class='ocrx_word' id='word_1_846' title='bbox 66 5624 155 5690; x_wconf 71' lang='lat' dir='ltr'>lei-et</span> <span class='ocrx_word' id='word_1_847' title='bbox 165 5631 230 5690; x_wconf 77' lang='lat' dir='ltr'>ald</span> <span class='ocrx_word' id='word_1_848' title='bbox 240 5631 332 5693; x_wconf 81' lang='lat' dir='ltr'>ttlen.</span> <span class='ocrx_word' id='word_1_849' title='bbox 351 5628 380 5670; x_wconf 79' lang='lat'>⁵²</span> <span class='ocrx_word' id='word_1_850' title='bbox 391 5629 564 5703; x_wconf 57' lang='lat' dir='ltr'>mouentur</span> <span class='ocrx_word' id='word_1_851' title='bbox 578 5629 667 5688; x_wconf 70' lang='lat' dir='ltr'>litem</span> <span class='ocrx_word' id='word_1_852' title='bbox 683 5629 768 5689; x_wconf 81' lang='lat' dir='ltr'>Semi.</span> <span class='ocrx_word' id='word_1_853' title='bbox 792 5629 903 5690; x_wconf 69' lang='lat' dir='ltr'>aenea</span> <span class='ocrx_word' id='word_1_854' title='bbox 929 5629 1086 5723; x_wconf 83' lang='lat' dir='ltr'>loqueretur</span> <span class='ocrx_word' id='word_1_855' title='bbox 1099 5631 1168 5687; x_wconf 81' lang='lat' dir='ltr'>Ian.</span> <span class='ocrx_word' id='word_1_856' title='bbox 1203 5626 1367 5685; x_wconf 64' lang='lat' dir='ltr'>sumamus</span> <span class='ocrx_word' id='word_1_857' title='bbox 1386 5624 1473 5684; x_wconf 72' lang='lat' dir='ltr'>alm.</span> <span class='ocrx_word' id='word_1_858' title='bbox 1493 5621 1578 5682; x_wconf 77' lang='lat' dir='ltr'>send.</span> <span class='ocrx_word' id='word_1_859' title='bbox 1599 5620 1711 5682; x_wconf 72' lang='lat' dir='ltr'>cteta</span> 
     </span>
    </p>
   </div>
   <div class='ocr_carea' id='block_1_5' title="bbox 0 0 1929 6132">
    <p class='ocr_par' dir='ltr' id='par_1_11' title="bbox 0 0 1929 6132">
     <span class='ocr_line' id='line_1_60' title="bbox 0 0 1929 6132; baseline 0 0"><span class='ocrx_word' id='word_1_860' title='bbox 0 0 1929 6132; x_wconf 95' lang='lat' dir='ltr'> </span> 
     </span>
    </p>
   </div>
  </div>
 </body>
</html>
