3840 6134
131 286 200 350 litt
664 278 709 339 dl)
725 269 872 339 stabilit
890 271 1112 338 militiast
1130 270 1248 332 orani.
1714 264 1785 326 ¹2ss

128 414 183 482 rit,
205 406 327 466 nonnihil
350 404 501 462 accuratius
523 403 705 478 perspiciant;
721 415 778 461 tum
800 412 831 460 ut
858 403 927 460 snti-
979 399 1129 467 immorari,
1141 414 1195 454 non
1209 408 1298 453 tamen
1311 395 1359 453 uni
1372 395 1514 466 eidemque
1528 394 1641 467 penitae
1652 393 1787 464 immori,

131 512 246 574 quorum
262 498 371 552 Petrum
385 494 484 566 scripta
508 507 562 550 non
583 492 683 549 cursim
702 493 837 562 nimisque
859 505 925 564 pre-
979 490 1102 556 disemt3
1118 488 1157 542 sic
1171 486 1305 543 culmillis
1318 484 1408 541 debita
1422 484 1583 554 aestimabat
1603 481 1703 554 bisque
1717 482 1788 554 ipsis

131 594 257 661 potenter
288 582 481 646 transmittere,
511 582 559 637 sed
595 581 692 637 iisdem
729 581 811 650 paulo
838 581 926 652 magis
979 578 1074 651 ingens
1087 577 1189 632 utilitas
1203 575 1380 645 voluptasque
1394 574 1517 630 accedat.
1536 572 1639 628 »Bam

681 917 943 999 ELENCHUS
986 917 1207 999 capituti

171 1473 262 1542 Caput
273 1472 294 1528 l.
311 1469 458 1526 Utilitatem
478 1475 504 1523 et
522 1466 691 1524 occasionem
705 1466 788 1536 hujus
806 1465 934 1538 scriptio·
1023 1469 1147 1526 Deliciis.
1171 1467 1232 1522 Non
1255 1463 1357 1536 peccati
1386 1472 1485 1521 tantum
1514 1463 1666 1536 cripinalir
1691 1464 1785 1534 (unum

132 1576 174 1618 urs
187 1559 284 1631 aperit.
990 1556 1061 1611 enim
1080 1555 1205 1624 idemque
1219 1554 1246 1609 ld
1269 1555 1297 1609 in
1312 1553 1437 1610 omnibus
1451 1553 1514 1625 est),
1529 1554 1578 1609 sed
1589 1555 1786 1628 personalium

170 1652 204 1706 11.
221 1646 356 1703 lncreduli
370 1643 541 1716 simplicitate
564 1641 692 1714 baptismi
707 1651 734 1698 et
750 1644 935 1716 magnitudine
988 1658 1107 1714 quoqne,
1123 1650 1153 1699 ut
1164 1640 1234 1697 inira
1251 1657 1311 1712 cap.
1326 1643 1353 1695 5.

133 1738 249 1796 allectus
277 1735 473 1803 offenduntur,
496 1746 556 1804 quas
579 1733 665 1802 magis
687 1731 859 1789 admirationi
882 1717 974 1805 ipsiB
1027 1731 1182 1787 Coecilalis.
1202 1729 1275 1785 Sicut
1289 1730 1362 1785 onim
1377 1731 1491 1785 coecilus
1512 1736 1553 1784 est
1568 1728 1694 1801 quaedam
1711 1747 1784 1788 neers

137 1840 198 1885 esse
212 1824 351 1878 deberent.
984 1818 1053 1876 oculi
1073 1820 1198 1886 carnalis,
1223 1817 1346 1874 cumdem
1366 1817 1439 1874 omni
1458 1832 1509 1873 suo
1534 1817 1629 1888 rigore
1653 1833 1686 1874 ac
1709 1818 1784 1875 velut

172 1913 218 1968 lll.
234 1910 374 1963 Elementa
388 1922 465 1978 aquae
478 1908 533 1976 jam
547 1905 575 1960 iu
589 1904 684 1961 mundi
704 1905 857 1979 primordiis
872 1906 931 1962 sin·
985 1905 1038 1964 rita
1054 1908 1165 1978 orbans,
1183 1908 1252 1962 sice
1276 1903 1412 1963 contrario
1431 1920 1479 1976 per
1502 1906 1669 1978 baptismum
1691 1907 1785 1964 anima

136 2000 261 2074 qularcm
277 1997 331 2053 rim
346 2004 372 2051 et
387 1995 507 2052 ellaciam
528 1994 679 2053 aniruandi
695 1995 825 2052 insertam
847 1994 934 2053 luisse
984 1995 1073 2064 oculo,
1089 2003 1291 2069 perpetuatum
1307 1990 1586 2067 ttaojexcaecato,
1601 1997 1681 2052 visus
1706 1995 1786 2051 resti·

137 2089 314 2144 demonstrat.
986 2083 1080 2154 luitur,
1097 2085 1173 2155 isque
1188 2098 1258 2139 nova
1273 2083 1369 2155 graliae
1386 2082 1446 2140 luce
1471 2080 1653 2153 perfunditur,
1669 2091 1697 2140 ut
1720 2084 1786 2139 adeo

175 2175 225 2232 ll.
242 2174 415 2229 Elemeutum
429 2188 505 2244 aqnae
516 2187 573 2245 prae
586 2171 703 2240 catoris,
719 2179 749 2228 ut
771 2171 807 2229 ad
829 2172 933 2229 tancti-
986 2170 1019 2227 de
1033 2171 1175 2244 baptizatis
1199 2170 1265 2227 illud
1290 2171 1415 2242 Apostoli
1431 2173 1468 2227 ad
1483 2171 1558 2243 Epi.
1579 2186 1605 2240 r,
1622 2189 1650 2228 o.
1677 2175 1704 2242 8,
1725 2187 1787 2229 rere

64 2258 68 2265 ’
140 2260 274 2318 ficandam
286 2259 406 2314 animam
420 2267 613 2327 assumeretur,
634 2259 762 2316 idoneum
784 2258 867 2314 luisse
886 2274 932 2316 os·
986 2259 1040 2316 dici
1056 2263 1157 2331 possit:
1171 2264 1266 2318 Eratis
1284 2261 1438 2332 aliquando
1455 2260 1585 2326 tenebra,
1596 2277 1678 2316 nnnc
1691 2266 1787 2318 autem

135 2350 230 2407 tendit.
985 2364 1038 2407 nux
1054 2352 1086 2406 ira
1111 2351 1238 2407 Domino.
1265 2348 1341 2406 Unde
1361 2350 1439 2405 iacile
1462 2348 1623 2423 intelligitur
1642 2348 1708 2405 illud
1728 2350 1788 2408 Cle·

179 2433 505 2505 V.lllajoriuliqucjure
528 2448 546 2487 a
566 2432 736 2500 Christianis,
762 2449 842 2505 quam
865 2450 934 2508 gon·
985 2437 1083 2492 mentis
1099 2436 1185 2492 'Alea
1210 2436 1258 2491 lib.
1288 2454 1298 2492 ι
1325 2439 1467 2512 Paedapep.
1497 2453 1556 2509 cap.
1591 2443 1618 2506 li,
1646 2438 1749 2496 dictum
1780 2456 1788 2493 ι

143 2524 248 2592 lilibus,
278 2522 334 2578 vim
359 2521 621 2595 explandipeecata,
647 2521 675 2576 in
707 2539 777 2593 aqua
804 2524 933 2580 constitui
984 2524 1155 2592 Βαπιιζόμινοι
1194 2527 1365 2597 qoarldpela,
1390 2529 1552 2600 φωτιζόμειοι
1591 2527 1789 2600 olonaudpete,

136 2613 228 2669 docet.
983 2611 1168 2684 ulonotolpatot
1222 2616 1378 2687 tetranepos
1407 2659 1414 2687 ,
1455 2617 1617 2690 intercipitur
1659 2619 1788 2670 dentata·

171 2700 217 2758 tt.
238 2702 269 2756 ln
283 2714 355 2770 aqua
372 2714 419 2770 per
431 2697 594 2770 baptismum
610 2698 768 2756 emundatos
781 2698 815 2754 ad
828 2700 931 2770 majora
982 2700 1105 2771 τιζόμεθα,
1125 2704 1144 2757 i.
1159 2716 1185 2760 c.
1196 2705 1340 2776 baptizali
1353 2706 1567 2772 illuminamur,
1581 2706 1745 2762 illuminati
1759 2708 1788 2761 in

120 2790 246 2862 ,Spiritus
261 2787 347 2845 sancti
362 2787 431 2845 dona
444 2802 495 2843 nos
510 2787 658 2859 praeparari
673 2787 763 2844 docet.
980 2786 1053 2861 filios
1063 2790 1243 2863 adoptamur,
1260 2795 1392 2868 adoptati
1404 2796 1585 2869 perficimur,
1598 2796 1725 2867 perlecti
1734 2798 1786 2851 im·

171 2879 229 2934 vll.
245 2879 283 2934 Dc
298 2877 426 2933 unctione
439 2883 502 2947 post
527 2875 692 2947 baptismum
716 2877 837 2934 adbiberi
860 2891 930 2935 con·
984 2883 1119 2938 mortales
1143 2882 1297 2941 reddimur.
1322 2885 1430 2940 Etmox
1458 2884 1624 2955 baptismum
1654 2884 1784 2958 thaapa,

134 2972 220 3021 sucta.
985 2967 1242 3042 illuminationem,
1260 2971 1388 3044 appellat,
1407 2994 1418 3024 r
1436 2989 1485 3043 per
1497 2987 1590 3046 quam,
1607 2980 1732 3031 sanctam
1752 2973 1785 3029 il·

177 3052 251 3110 tt11.
269 3050 499 3124 Dolimposltione
523 3067 651 3109 mannum
676 3063 735 3124 post
757 3052 931 3126 baptismum,
948 3047 971 3126 c
987 3058 1039 3109 lem
1062 3065 1088 3111 et
1117 3057 1260 3115 salutarem
1288 3061 1376 3119 lucem
1404 3061 1550 3130 intuemur,
1579 3061 1633 3118 boc
1662 3070 1716 3128 cat,
1741 3077 1786 3134 par

140 3140 267 3212 illiusque
280 3139 487 3215 significatione.
987 3159 1067 3214 qnam
1081 3144 1107 3199 id
1118 3148 1191 3217 quod
1206 3157 1246 3205 est
1261 3149 1393 3218 ditinum,
1407 3149 1586 3224 perspicimus
1598 3171 1606 3220 ;
1623 3150 1677 3207 sed
1691 3149 1727 3207 de
1737 3150 1784 3221 bqr

172 3230 223 3287 tx.
245 3228 330 3286 Variis
345 3229 493 3302 baptismus
507 3228 602 3301 liguris
616 3230 644 3285 in
658 3231 752 3287 lateri
765 3233 934 3289 Testamenta
988 3230 1104 3289 fortasse
1118 3233 1197 3293 alibi.

137 3325 371 3390 premonstratur,
388 3324 415 3375 et
430 3318 456 3372 iu
471 3318 548 3374 Novo
562 3316 749 3375 confirmatur.
1023 3321 1197 3381 liberamur.
1212 3325 1300 3396 Atque
1320 3323 1382 3381 ideo
1405 3325 1457 3382 hoc
1480 3325 1690 3381 Sacramentum
1715 3327 1785 3398 sciis

171 3408 208 3463 X.
225 3407 366 3476 Quomodo
376 3406 475 3464 Christi
483 3406 631 3479 baptismus
645 3407 752 3466 diflerat
771 3423 787 3464 a
800 3408 933 3485 baptism
986 3423 1048 3466 esse
1063 3410 1140 3483 dixit,
1160 3414 1235 3484 quod
1247 3429 1298 3471 nos
1310 3414 1439 3470 nimirum
1447 3414 1487 3471 sic
1500 3415 1601 3487 [elices
1612 3415 1728 3473 reddat.

137 3495 274 3553 hanniel
436 3570 438 3575 .
1021 3500 1176 3572 depastam.
1206 3501 1377 3560 Substantias
1405 3504 1448 3559 hic
1476 3502 1624 3575 accipitur,
1655 3511 1687 3559 ut
1715 3501 1785 3576 apud

171 3584 220 3641 Xl.
236 3585 373 3643 Christum
390 3598 443 3639 non
458 3583 569 3655 quidem
584 3601 632 3655 per
646 3592 741 3650 semet,
752 3556 933 3659 attamen*
985 3588 1064 3646 lCtos
1078 3592 1221 3662 otpertum
1241 3593 1322 3650 Velm
1333 3598 1361 3651 ct
1375 3609 1499 3661 nouum,·
1515 3593 1555 3648 sic
1568 3592 1656 3650 ctiam
1679 3593 1783 3661 Noster,

134 3672 448 3746 apostolosbapticssse.
984 3678 1003 3733 l.
1017 3694 1046 3734 tv
1070 3680 1131 3735 ado,
1154 3680 1239 3737 llarc.
1265 3697 1290 3737 c.
1316 3684 1341 3748 3,
1367 3681 1480 3739 Litteras
1503 3682 1616 3752 llipetta
1642 3688 1735 3755 accat,
1754 3693 1784 3739 eo

170 3760 233 3816 ΧΗ.
248 3761 291 3816 An
302 3757 416 3828 apostoli
426 3756 507 3813 etlam
518 3757 581 3829 ipsi,
593 3766 621 3814 et
634 3774 688 3830 quo
701 3759 835 3832 baptismo
845 3760 931 3819 abluti
985 3767 1056 3839 quod
1072 3769 1099 3823 in
1113 3767 1167 3824 illis
1178 3768 1241 3826 fidei
1256 3778 1356 3826 nostras
1371 3771 1494 3828 doctrina
1516 3785 1565 3828 suo
1581 3770 1683 3833 ordine
1695 3769 1783 3835 distri·

134 3843 257 3905 tuerint?
986 3856 1053 3915 buta
1070 3866 1149 3930 atquo
1161 3857 1270 3933 dipcsta
1285 3859 1430 3919 habeatur.

118 3986 123 3992 .
169 3934 247 3991 xlii.
265 3932 306 3987 Do
321 3931 478 3987 necessitate
492 3930 618 4003 baptismi
632 3931 759 3990 omnibns
773 3935 932 3997 hominibus
1023 3946 1093 4002 Cum
1107 3947 1243 4004 munitae.
1259 3946 1315 4002 Seu
1329 3965 1415 4021 qaam
1428 3950 1569 4019 manime,
1584 3957 1615 4005 nt
1631 3947 1708 4022 apud
1726 3945 1778 4006 nic.

131 4020 254 4078 inducia·
981 4049 1035 4107 pro
1052 4034 1184 4094 Cluentio
1200 4044 1227 4090 el
1241 4034 1314 4090 alibi.

117 4160 121 4165 .
169 4112 244 4168 xit.
261 4109 401 4180 Quomodo
423 4106 624 4182 intelligendum
648 4110 683 4167 sil
703 4111 768 4170 illud
783 4114 813 4171 S.
827 4115 929 4173 Paulli
1019 4124 1200 4181 Formantur.
1216 4123 1268 4180 Pro
1283 4126 1490 4197 infor-muniar,
1506 4140 1557 4182 sen
1576 4123 1696 4199 pleniori
1718 4139 1781 4198 qua-

135 4199 200 4259 Cor.
222 4216 243 4271 r,
260 4203 304 4267 li,
319 4199 382 4257 Non
395 4199 476 4255 misit
486 4216 531 4258 mc
546 4200 675 4259 cbristus
690 4201 848 4275 baptizare,
862 4208 930 4266 etei
983 4209 1046 4267 dam
1060 4213 1250 4283 mysteriorum
1262 4210 1324 4267 fidei
1335 4213 1432 4268 notitia
1446 4213 1614 4270 imbuuntur.

117 4338 122 4346 .
169 4289 229 4347 XV.
249 4290 337 4346 Unum
352 4302 429 4360 aquae
444 4287 604 4360 baptismum
620 4304 691 4356 esse,
707 4305 739 4346 ac
757 4291 928 4364 proindeita·
1018 4302 1153 4358 Portant.
1171 4300 1301 4373 Loquitur
1314 4301 1348 4357 de
1364 4302 1397 4358 iis
1412 4303 1457 4374 qul
1478 4303 1573 4359 iulide
1588 4302 1679 4360 adhue
1703 4300 1780 4358 rudos

129 4375 187 4433 rari
206 4390 260 4432 non
278 4391 368 4447 posse.
981 4391 1056 4457 sunt,
1083 4404 1170 4464 noque
1192 4389 1320 4460 rationes,
1344 4407 1392 4447 cur
1420 4392 1541 4457 credant,
1567 4391 1636 4448 darc
1660 4396 1777 4465 possunt,

169 4461 255 4520 XVII·
271 4462 311 4518 ΒΘ
323 4460 461 4560 biplisml’
477 4461 625 4560 Quibit·
944 4450 968 4528 ὓ
982 4491 1015 4534 ac
1029 4477 1126 4546 sontes,
1146 4495 1178 4535 et
1192 4478 1292 4552 quibus
1304 4478 1373 4536 fides
1386 4479 1446 4549 ipsa
1458 4478 1570 4552 profluit
1594 4487 1622 4535 et
1646 4479 1709 4537 nias
1726 4485 1776 4535 tra·

152 4548 735 4648 ‘'Wll·130¹¹¹¹¹¹¹⁵²s⁰billll¹⁵¹¹¹¹0rdillario
759 4560 786 4608 θῑ
807 4559 930 4614 exitior-
982 4565 1125 4635 ditionum,
1142 4584 1189 4640 per
1203 4585 1272 4641 quas
1286 4568 1321 4626 ad
1343 4584 1393 4627 uos
1407 4568 1538 4627 veritates
1559 4568 1706 4627 medenda
1727 4567 1776 4622 de·

131 4637 246 4697 &wio-
594 4723 600 4736 ,
982 4651 1098 4725 fluxere,
1120 4655 1247 4729 ignorant
1264 4676 1270 4713 ι
1287 4657 1374 4731 itaque
1389 4656 1455 4713 ildei
1474 4657 1632 4715 intertiata
1651 4653 1777 4727 (nondw

167 4724 268 4783 Xl'ffl·
284 4727 325 4783 ⁰0
337 4726 460 4797 suhissclO
474 4725 615 4825 baptismi.
981 4741 1046 4800 salis
1064 4743 1244 4817 esariinatae),
1264 4755 1383 4807 attamen
1406 4746 1544 4823 probabili
1567 4745 1612 4817 (ah
1637 4744 1710 4816 aliis,
1735 4739 1777 4800 ni·

167 4814 243 4873 Xlx·
258 4816 299 4873 De
313 4824 436 4887 ltmltlre
452 4815 579 4912 llillltml
593 4814 758 4874 θθῐὶῐθΐθῦἃῑ·
824 4828 828 4833 ’
981 4827 1078 4885 mirum
1102 4832 1239 4903 magistris
1262 4834 1329 4902 suis,
1352 4834 1523 4909 approbatae,
1538 4841 1565 4890 ct
1588 4831 1681 4904 reipsa
1700 4831 1776 4888 etiarn

146 4903 233 5002 ’XX
261 4904 301 4961 De
324 4914 519 4977 preparatione
541 4902 576 4959 ad
603 4903 766 4978 baptismum
794 4922 926 4993 neeessa-
980 4918 1116 4975 acunctis
1131 4923 1353 4995 approbandam
1367 4923 1454 4996 prima
1469 4921 1583 4994 pueritia
1597 4921 1686 4978 eidem
1701 4921 1776 4977 innn-

131 5004 182 5047 518·
980 5003 1045 5074 triti,
1062 5023 1112 5079 per
1125 5009 1313 5082 imperitiam,
1330 5027 1377 5067 sen
1392 5027 1426 5067 cx
1444 5010 1551 5069 delectu
1565 5009 1697 5082 planioris
1711 5007 1777 5067 notis

339 5077 419 5134 Nota
434 5077 471 5134 ud
485 5085 572 5152 caput
578 5084 719 5154 primum.
980 5089 1037 5159 tias,
1049 5096 1219 5168 simpliciter
1234 5098 1376 5155 inhaerent.

165 5166 251 5240 Aqttoe
264 5169 380 5263 nostra.
395 5166 523 5240 vulgaris
537 5168 665 5228 nimirum
688 5189 719 5233 ac
740 5170 922 5243 elementaris,
1015 5183 1091 5243 Istic.
1111 5185 1280 5261 Cartbapinc
1301 5187 1429 5243 nimirum
1443 5187 1471 5244 in
1492 5184 1595 5257 Airiea,
1611 5184 1660 5242 ubi
1675 5181 1775 5243 Tertul-

126 5268 179 5313 ceu
197 5251 360 5326 quotidianis
374 5258 480 5315 nostris
498 5256 595 5316 miluc
609 5258 696 5319 ubivis
720 5262 816 5331 obvia,
831 5273 858 5322 ct
872 5281 922 5337 pro
977 5268 1067 5330 banus
1080 5273 1140 5331 hoec
1156 5275 1274 5333 scribens
1284 5277 1393 5350 agebat.

127 5341 322 5442 baptismatae
336 5341 451 5401 salutem
465 5352 585 5403 nostram
609 5354 664 5404 tam
678 5352 844 5424 namstede,
871 5370 924 5429 pa·
1017 5361 1311 5423 tirasonensem
1334 5363 1576 5438 propudiosissima
1598 5363 1657 5421 hac
1680 5358 1775 5419 narmi

126 5435 185 5487 ratu
199 5428 341 5530 facillimae.
531 5521 536 5532 Ι
977 5446 1039 5505 vide
1053 5450 1250 5508 Tertullianum
1262 5462 1388 5511 nostrum
1401 5454 1434 5513 dc
1447 5453 1614 5525 Preteripl.
1631 5467 1693 5525 cap.
1705 5453 1739 5507 33
1748 5455 1774 5504 ct

165 5519 247 5588 Quia.
262 5519 349 5592 Prope
362 5528 403 5577 est
427 5528 456 5577 ut
475 5521 566 5579 malim
581 5540 658 5596 qua,
683 5526 809 5588 tidelicct
828 5547 920 5606 apae.
977 5537 1023 5592 l'l.
1037 5537 1094 5595 llos
1107 5546 1196 5598 autern
1213 5542 1366 5613 Calanaos,
1382 5559 1431 5600 seu
1445 5543 1606 5611 damalius,
1621 5539 1697 5597 inter
1711 5526 1773 5596 alios
