3840 6134
128 271 184 342 995
468 264 694 329 TElelbblle
712 266 847 335 optabit
864 267 950 338 PARS
966 266 1002 333 lt.
1021 299 1056 315 ·-
1074 267 1185 330 mutas
1203 265 1237 340 11,
1256 266 1416 330 bostut
1719 267 1775 331 tto

127 395 218 455 menie
235 392 319 451 adde
333 392 509 464 deprehensi,
525 393 685 452 terebantur
703 409 738 449 ne
751 407 803 450 non
832 392 924 452 liceret
941 409 965 490 Α
981 395 1148 452 demonstrat
1170 393 1385 468 intelligendam,
1408 409 1479 467 ‚quoe
1501 394 1608 467 etipsa
1629 393 1671 451 sic
1692 393 1776 452 luerit

128 485 168 543 eis
195 483 365 539 matrimonio
379 495 430 539 suo
466 481 563 538 exinde
586 482 634 550 uti,
660 483 725 553 quia
756 482 785 536 in
817 498 922 538 earnem
977 486 1087 542 incentu
1105 484 1194 543 seluta
1215 485 1315 554 avire,
1343 484 1479 557 quomodo
1502 490 1528 541 et
1551 483 1595 543 vir
1616 482 1776 540 solutusab

129 579 248 632 sanctam
270 571 369 628 Christi
394 571 582 628 credidissent.
598 572 632 628 Et
655 584 744 626 tamen
774 570 924 627 seeundum
978 590 1081 646 uxere3
1098 590 1146 646 per
1158 583 1273 631 mortem
1288 574 1389 646 utique,
1404 590 1456 632 nou
1481 589 1530 646 per
1544 572 1690 644 repudium
1705 570 1776 628 lacta

128 663 236 722 veniam
253 660 387 726 concedit,
404 675 456 714 nuo
476 660 625 716 secundum
641 658 728 718 945
758 660 923 731 imperinm;
978 664 1110 721 solutione
1134 662 1377 736 :quiarepudiatis
1400 677 1454 719 neu
1479 661 1647 733 permitteret
1661 662 1774 732 nubere,

130 752 227 818 idest,
243 748 397 823 indulgens,
414 763 468 804 uon
503 749 660 820 praecipiens
684 749 721 805 ita
742 747 811 804 lieri.
841 748 927 805 Caete·
978 752 1106 808 adversus
1128 749 1275 823 pristinum
1305 758 1479 822 praeceptum.
1502 751 1596 822 ltaque
1631 748 1776 805 muliersi

131 857 200 909 rum,
214 838 332 895 malebat
351 852 447 894 omnes
465 836 495 893 id
507 853 567 893 csse
586 838 659 908 quod
676 846 703 893 et
727 836 795 909 ipse.
811 837 925 895 Proinde
978 839 1108 914 nupserit,
1124 853 1178 896 neu
1193 839 1341 911 delinquet,
1356 840 1419 911 quia
1433 856 1484 897 nec
1502 836 1592 898 ΜΒ
1610 838 1655 896 bic
1672 853 1776 896 secun·

130 940 159 988 st
176 929 210 986 de
226 927 335 998 repudio
365 924 522 992 rescribens,
547 925 713 982 demonstrat
738 928 868 998 quosdam
892 927 926 983 de
979 930 1031 986 dus
1054 928 1164 985 mantua
1186 927 1358 999 deputabitur
1380 928 1428 1000 qui
1451 927 1476 969 ³⁹
1489 936 1565 985 esta
1588 927 1643 983 fide
1658 927 1776 999 primus,

132 1018 185 1075 isto
213 1030 323 1088 quoque
355 1014 513 1085 cogitasse:
542 1013 583 1069 vel
610 1013 739 1085 maxime,
759 1017 823 1088 quia
850 1025 877 1071 et
899 1017 947 1071 in‘
980 1023 1007 1074 et
1021 1017 1089 1072 adeo
1110 1017 1149 1074 sic
1163 1028 1216 1083 est,
1236 1023 1266 1072 ut
1280 1025 1421 1089 prepterea
1434 1016 1586 1088 adjecerit:
1606 1018 1732 1074 Tantum
1745 1017 1777 1074 iu

132 1104 247 1164 ethnicis
261 1100 443 1159 matrimoniis
470 1115 524 1157 non
545 1103 676 1174 putabant
697 1112 757 1173 post
772 1102 853 1159 tidem
875 1103 926 1160 sibi
981 1108 1109 1173 Domino:
1138 1105 1201 1177 quia
1226 1106 1261 1162 de
1275 1121 1307 1160 ea
1330 1106 1470 1177 agebatur,
1495 1120 1555 1176 quae
1577 1104 1721 1163 ethnicum
1734 1105 1778 1161 bu-

133 1191 371 1267 perseverandom.
387 1189 549 1258 Quaerebant
571 1199 598 1246 et
612 1191 646 1246 de
659 1190 809 1263 virginibus
835 1193 927 1247 consi·
981 1195 1084 1262 buerat,
1098 1202 1126 1248 et
1143 1192 1241 1248 amisso
1257 1207 1289 1248 eo
1302 1191 1470 1258 crediderat:
1486 1207 1523 1247 ne
1537 1192 1563 1231 ⁴⁰
1575 1191 1681 1249 scilieet
1697 1193 1778 1249 etiam

41 1334 51 1356 ,
132 1283 198 1340 liunt
215 1284 390 1355 (pracceptum
411 1280 482 1334 enirn
511 1278 620 1334 Domini
647 1295 701 1336 uon
723 1278 800 1353 erat),
823 1277 929 1338 bonum
982 1290 1043 1352 post
1070 1280 1150 1337 fidem
1169 1280 1276 1337 ethnice
1296 1296 1325 1336 se
1348 1282 1451 1337 nubere
1475 1296 1555 1351 posse
1580 1290 1778 1352 praesumeret:

135 1370 388 1432 essebomiuisisie
396 1371 584 1441 permaneam
596 1367 830 1441 utiquequomedo
847 1383 862 1422 a
878 1366 930 1423 fide
983 1369 1046 1425 licet
1060 1385 1110 1427 nec
1123 1370 1175 1426 boe
1201 1369 1322 1441 Psychici
1352 1378 1458 1426 curent.
1483 1369 1608 1426 Sciamus
1631 1370 1713 1442 plane
1727 1385 1780 1426 uon

134 1460 362 1518 lueritiuveutus.
384 1458 498 1514 Vinctus
527 1474 555 1514 es
582 1457 607 1496 ³⁵
622 1459 720 1523 uxori,
736 1475 773 1515 ue
786 1458 929 1530 quesieris
983 1459 1022 1514 sic
1036 1475 1096 1516 essa
1110 1459 1137 1514 in
1153 1458 1248 1515 Groeco
1259 1459 1415 1515 authentico
1429 1458 1487 1531 (33)
1503 1459 1653 1530 (quomedo
1664 1460 1779 1516 inusum

134 1546 428 1609 solutioucmsolutus
438 1560 466 1602 cs
485 1544 518 1602 ub
533 1560 631 1611 atcere,
643 1562 679 1603 ac
697 1546 840 1618 quesieris
859 1561 929 1602 uuo-
944 1575 968 1656 Α
983 1547 1050 1605 exiit
1064 1564 1111 1618 per
1137 1548 1251 1605 duarum
1273 1547 1435 1620 syllabarum
1450 1553 1497 1602 aut
1510 1546 1634 1603 callidam
1649 1556 1699 1603 aut
1715 1549 1779 1604 sint·

134 1637 513 1707 rem:siuutemuueeperis
534 1650 653 1691 auorum
681 1651 738 1692 neu
760 1635 928 1707 deliquisti:
980 1634 1780 1711 Ι11111111111111111111]44(31)·3130111111ιῖ4411111111,

133 1723 368 1797 quiaantefidem
395 1722 485 1779 soluto
504 1723 716 1793 abutere,nou
746 1723 933 1780 numerabitur
984 1724 1211 1799 quasidaluturo
1230 1732 1317 1791 senat,
1347 1724 1509 1794 acperbee
1532 1724 1655 1780 videatur
1671 1723 1780 1780 adeam

135 1820 198 1888 pest
212 1814 293 1869 fidem
312 1810 430 1868 secunda
441 1824 519 1877 uter,
535 1826 595 1881 quae
608 1819 670 1883 post
683 1810 763 1868 fidem
780 1812 866 1884 prima
880 1821 931 1869 est.
986 1813 1131 1887 pertinere,
1159 1827 1220 1885 quae
1247 1813 1302 1881 jam
1326 1812 1354 1868 in
1382 1809 1436 1867 lide
1456 1811 1542 1868 virum
1565 1812 1697 1869 amiserit.
1727 1812 1782 1869 ilnc

138 1902 164 1959 Α
180 1900 233 1956 fide
247 1900 319 1955 enim
334 1897 417 1953 eliam
427 1897 488 1968 ipsa
503 1896 557 1955 vita
570 1901 662 1954 nostra
672 1908 808 1957 censetur.
823 1900 875 1956 Sed
890 1901 933 1957 ltic
986 1903 1096 1975 quidem
1111 1901 1134 1956 si
1149 1901 1185 1957 ita
1198 1909 1279 1966 asset,
1299 1901 1327 1956 in
1341 1899 1474 1956 infinitum
1495 1900 1593 1957 embss
1608 1900 1726 1968 licentia,
1739 1909 1782 1956 to·

140 2005 250 2064 parcere
279 2003 308 2042 se
327 1985 392 2042 dicit
418 1984 492 2042 illis:
518 1987 638 2060 alioquin
667 2005 822 2060 pressuram
846 1990 935 2047 carnis
989 1992 1057 2047 tiens
1075 1991 1161 2047 virum
1182 1989 1310 2057 dedisset,
1334 1991 1459 2062 quotiens
1484 1989 1602 2047 amissus
1625 2000 1710 2057 esset,
1724 1991 1782 2047 sine

137 2079 355 2147 subsecuturam,
364 2091 421 2147 prae
435 2076 568 2152 angustiis
583 2086 734 2148 temporum
744 2078 937 2152 impedimenta

138 2166 303 2223 matrimonii
326 2166 529 2238 recusantibus3
545 2167 610 2237 quin
639 2167 728 2238 potius
746 2168 781 2226 de
818 2168 936 2226 Domino

138 2256 343 2313 sollicitudiuem
359 2256 509 2311 habendam
536 2257 714 2327 promerendo
742 2258 777 2324 ³⁴,
804 2262 935 2329 quamde

139 2347 247 2403 marite.
261 2346 296 2401 Et
308 2345 331 2384 ³⁴
347 2345 384 2399 ita
403 2353 513 2400 revocat
527 2344 600 2417 quod
615 2346 747 2416 permisit.
766 2346 813 2405 Sic
824 2363 892 2420 ergo
908 2350 934 2403 iu

138 2436 235 2494 eedem
249 2435 310 2506 ipso
324 2432 452 2504 capitulo,
468 2447 521 2503 que
537 2433 634 2489 definit
653 2451 884 2507 unumquemque,
909 2437 936 2492 iu

137 2540 190 2595 qua
204 2522 345 2579 vocatione
372 2521 524 2594 vocabitur,
545 2523 572 2578 iu
588 2539 620 2578 ea
646 2540 805 2594 permanere
827 2527 936 2593 debere,

138 2610 285 2681 adjiciens:
301 2610 400 2669 llulicr
414 2613 510 2666 uineta
520 2612 785 2684 est,quuudiuvicit
799 2616 843 2672 vir
852 2618 914 2688 ejus
930 2637 939 2674 .·

138 2700 164 2757 si
175 2702 274 2757 cutem
287 2697 443 2764 dormierit,
461 2699 614 2767 liberauit:
627 2702 675 2756 cui
684 2702 755 2758 uolet
767 2702 938 2769 uubutduu-

141 2791 204 2845 tum
219 2789 251 2843 iu
262 2789 377 2847 Domino
393 2788 414 2858 (1
431 2788 493 2844 Cor.
510 2802 562 2856 vtt,
572 2787 632 2861 33);
646 2789 709 2845 hinc
722 2788 747 2828 ³⁴
760 2805 868 2864 queque
878 2808 937 2849 eam

987 2080 1045 2136 ulle
1071 2079 1175 2150 pudore
1199 2079 1328 2144 nubendi,
1358 2081 1439 2134 etlam
1461 2078 1576 2135 ethnicis
1604 2089 1781 2151 congruente.

989 2170 1043 2228 Sed
1056 2169 1108 2226 etsi
1121 2169 1159 2224 ita
1171 2167 1330 2238 essetquasi
1341 2167 1375 2223 de
1389 2165 1480 2224 futuro
1496 2183 1502 2224 :
1519 2168 1550 2225 si
1562 2164 1644 2239 cujus
1660 2169 1783 2225 mumius

990 2261 1125 2317 mortuus
1148 2257 1249 2327 tuerit,
1279 2254 1444 2310 tantumdem
1466 2264 1494 2310 et
1520 2252 1640 2309 futurum
1663 2254 1697 2308 ad
1726 2270 1783 2310 eant
1807 2272 1810 2278 ·

991 2346 1149 2418 pertineret,
1187 2344 1265 2414 cujus
1295 2348 1358 2397 ante
1386 2340 1465 2397 iidem
1492 2340 1625 2400 morietur
1661 2341 1782 2398 maritus.

989 2433 1097 2505 Quaevis
1111 2431 1247 2503 ⁴³aeoipe,
1258 2430 1427 2486 dumcaetera
1442 2446 1495 2487 nou
1511 2439 1628 2489 evertas.
1638 2430 1708 2487 Naro
1723 2446 1784 2487 cum

991 2533 1018 2581 et
1032 2524 1078 2579 illa
1092 2522 1224 2578 sententia
1238 2520 1342 2590 cedant,
1351 2535 1448 2576 sumtus
1462 2524 1575 2578 vecutus
1587 2537 1626 2591 es,
1641 2537 1681 2578 nc
1696 2536 1783 2577 cure·

991 2616 1065 2672 veiis
1080 2632 1086 2667 :
1099 2612 1332 2684 Impraeputiatus
1345 2611 1459 2666 vecutus
1473 2608 1620 2680 ualidius
1634 2611 1784 2667 cucumul-

992 2703 1070 2759 dnris
1083 2700 1290 2758 :circumcisus
1304 2702 1420 2757 vecutus
1435 2714 1474 2769 es,
1487 2713 1522 2754 ue
1537 2697 1696 2756 adduxeris
1712 2698 1782 2772 (36);

992 2792 1090 2866 quibus
1112 2789 1269 2847 concurrit:
1292 2789 1406 2845 Vinctus
1429 2788 1568 2855 assueri,
1589 2804 1626 2847 us
1642 2791 1784 2861 quesieris

176 2967 200 3005 ³⁵
214 2963 294 3020 Enim
322 2965 410 3021 lllteu.
429 2962 514 3022 Semi.
534 2964 559 3002 ³⁴
572 2965 722 3022 Promeudo
741 2886 1116 3030 Frumiiiiiniiiiuiliitsu.
1133 2967 1158 3004 ³⁴
1176 2965 1250 3020 Hanc
1263 2966 1352 3021 Rieu.
1372 2963 1397 3002 ³⁹
1411 2962 1482 3032 Quia
1505 2964 1568 3036 liiq.
1593 2965 1656 3022 Vm.
1680 2962 1708 3001 ⁴⁰
1731 2964 1785 3020 Ne-

141 3037 227 3095 ubest.
252 3035 339 3092 liban.
355 3032 378 3073 ⁴¹
399 3033 584 3091 Emersiouem
601 3036 687 3095 Scml.
699 3037 724 3075 44
738 3040 835 3094 Autem
849 3041 926 3099 inser
940 3042 1026 3099 libau.
1044 3038 1127 3097 Semi.
1139 3037 1164 3076 ⁴³
1177 3036 1306 3106 Quamvis
1325 3036 1411 3094 Semi.
1425 3035 1503 3093 Pam.

334 3164 339 3171 .
875 3111 1124 3177 Commentarius.

141 3212 477 3271 Auctoremimitatusest
509 3212 541 3272 B.
558 3213 750 3286 Hieronymus,
776 3215 844 3272 lib.t
871 3217 934 3275 ndu.
985 3212 1321 3285 resreperiuntur.Etlib.
1337 3213 1591 3270 obstrudulentum
1607 3210 1784 3283 Numicium,

143 3287 299 3350 luvin.,tar
311 3292 449 3355 quaterve.
464 3284 536 3340 Pttxr.
783 3300 788 3310 ·

177 3357 233 3428 (33)
244 3356 370 3413 Sciamus
379 3356 465 3429 plume
478 3372 537 3413 nuo
546 3357 587 3412 siu
595 3370 653 3412 csse
666 3357 699 3411 iu
711 3357 804 3414 Graeco
815 3358 937 3417 uutbeu·

74 3485 75 3489 ,
145 3430 210 3485 tice.
238 3442 299 3483 curu
323 3443 404 3484 omne
423 3429 564 3483 elucteris
579 3435 605 3482 et
633 3442 710 3482 novae
734 3428 879 3500 Scriptura
893 3431 937 3485 iu-

144 3504 322 3556 strumeutum
338 3499 366 3553 in
380 3496 505 3553 Latinum
521 3513 675 3553 sermenem
699 3498 797 3556 exinde
827 3501 939 3557 transla-

144 3576 200 3625 tum
216 3571 261 3637 sit,
283 3570 369 3626 multo
391 3568 483 3638 purior
508 3583 614 3623 manere
638 3569 774 3624 credenda
801 3580 842 3626 est
856 3571 938 3627 sontis

144 3644 228 3708 nuda,
249 3656 329 3711 quam
345 3638 402 3708 rivi,
418 3648 448 3693 ut
462 3637 498 3692 ait
518 3638 650 3693 adversus
673 3640 826 3696 Helvidium
840 3643 939 3698 Hiere-

142 3727 249 3782 nymus,
265 3711 357 3779 ltaque
369 3715 396 3764 et
410 3708 479 3765 libro
495 3708 528 3765 de
542 3710 707 3780 Proescript.
728 3710 887 3773 haereticus.
904 3715 938 3768 ad

142 3780 270 3841 eeclesias
280 3779 443 3860 apostolicas
456 3787 592 3848 provocat,
611 3781 705 3852 capud
728 3798 796 3852 quas
818 3785 937 3840 authen-

144 3853 216 3920 ticae,
230 3850 328 3921 inquit,
344 3849 439 3906 litteroe
452 3850 637 3920 apostolorum
654 3854 812 3920 recitantur,
838 3870 940 3909 sonan·

145 3931 185 3979 tes
197 3935 303 3986 secem,
321 3931 545 3988 repraesentantes
556 3919 660 3977 taciem.
685 3922 766 3978 «Sed
794 3925 881 3981 Graeci
905 3925 939 3980 il·

143 3989 356 4046 liusauthentici
367 3990 499 4046 editiones
514 3992 584 4047 ltaud
599 3992 684 4047 fuisse
704 4008 800 4050 omnes
825 4011 939 4053 accura-

144 4062 264 4118 tissimus
277 4062 332 4130 jam
355 4061 418 4115 olim
437 4061 587 4119 observavit
613 4063 761 4137 Gregorius
789 4067 938 4139 Nyssenus,

145 4142 214 4189 etat.
226 4136 253 4199 a,
268 4132 301 4189 dc
316 4133 530 4191 Resurrectiouc
553 4136 629 4191 Dum.
654 4135 758 4191 Etenim
786 4139 833 4206 ait,
848 4137 871 4192 ἐν
889 4142 940 4199 τοῖς

145 4201 322 4276 ἀκριίεστίροις
368 4203 530 4276 ἀντιγράφοις.
557 4205 731 4278 Evangelium
774 4209 856 4265 Marci
885 4225 941 4266 non

991 3304 1052 3360 cap.
1069 3289 1098 3350 s,
1113 3285 1159 3342 ulti
1171 3287 1205 3339 de
1219 3283 1296 3339 Pauli
1312 3283 1436 3357 epistolis
1450 3283 1514 3339 citat
1527 3281 1648 3339 codicem
1663 3283 1785 3339 Latinum

990 3357 1174 3427 emendatum,
1190 3363 1215 3411 el
1230 3355 1348 3411 codicem
1362 3356 1488 3412 Graecum
1503 3353 1581 3410 etiam
1602 3354 1785 3425 emendatum,

991 3428 1175 3486 authenticum
1192 3426 1267 3493 dicit,
1283 3426 1355 3497 quod
1369 3434 1411 3481 est
1425 3427 1582 3482 auctoritate
1596 3426 1718 3499 dignius,
1735 3433 1785 3482 tam

990 3501 1018 3556 iu
1033 3500 1136 3557 Graecis
1154 3513 1235 3569 quam
1252 3499 1280 3554 iu
1296 3496 1407 3553 Latinis.
1427 3498 1483 3552 Nee
1498 3496 1583 3569 piguit
1606 3498 1784 3568 Augustinum

992 3571 1083 3644 plures
1106 3570 1239 3640 inspicere
1264 3567 1381 3634 codices,
1402 3575 1432 3622 ut
1454 3567 1512 3637 ipse
1536 3573 1646 3623 testatur
1677 3568 1704 3622 iu
1719 3567 1785 3638 psal.

991 3657 1082 3698 uxvu:
1110 3640 1232 3695 «Plures
1270 3647 1361 3695 autem
1392 3638 1498 3694 codices
1519 3637 1617 3705 Latini,
1644 3639 1785 3708 inquitet

991 3713 1106 3768 maxime
1125 3711 1225 3775 Graeci,
1251 3710 1287 3764 ita
1313 3708 1456 3766 distinctos
1481 3724 1575 3765 versus
1595 3709 1710 3782 habent3
1732 3717 1786 3766 »et

991 3786 1165 3856 paulopost:
1183 3803 1195 3833 r
1212 3779 1279 3848 Quae
1293 3781 1467 3837 distinctione
1482 3781 1627 3836 multorum
1649 3782 1785 3846 codicum,

992 3866 1017 3912 et
1027 3853 1185 3910 auctoritate
1200 3853 1227 3908 di
1249 3853 1358 3908 olorum
1367 3851 1537 3918 consonanti,
1549 3851 1607 3909 sine
1615 3851 1701 3908 dubio
1719 3867 1787 3924 prae·

991 3925 1112 3990 ferenda,
1132 3944 1143 3974 t
1161 3931 1212 3981 ete.
1228 3872 1301 3979 idem
1317 3924 1351 3977 ad
1370 3922 1440 3977 Psal.
1457 3922 1599 3978 eumdem:
1618 3945 1629 3972 ι
1645 3922 1729 3979 Istam
1744 3938 1788 3977 re-

993 3997 1148 4068 petitionem
1171 4007 1225 4050 uou
1240 4009 1333 4051 omues
1354 3993 1460 4049 codices
1474 3992 1585 4059 hubent,
1603 4001 1631 4047 et
1648 4008 1711 4050 eam
1725 3993 1788 4051 dili·

992 4068 1131 4141 gentienus
1145 4066 1221 4123 stella
1234 4063 1359 4136 apposita
1375 4075 1533 4135 praenotant.
1553 4064 1639 4119 tuta.

1027 4139 1086 4210 (31)
1101 4137 1246 4194 Perduur.
1261 4136 1394 4208 syllabur.
1406 4134 1623 4193 eversionumln
1632 4135 1789 4192 authentico

992 4209 1041 4265 illo
1057 4223 1106 4264 sno
1121 4209 1217 4281 legisse
1249 4208 1362 4272 ridetur,
1384 4205 1424 4259 tau
1446 4210 1519 4278 aurpq‘
1537 4201 1578 4274 δὲ,
1614 4205 1638 4260 si
1666 4208 1790 4269 dormiat,

144 4292 258 4348 pergere
287 4274 355 4330 ultra
377 4275 435 4332 haee
454 4276 545 4342 verba,
565 4274 695 4348 deodatum
713 4280 760 4350 γάρ
787 4280 940 4350 cuiusmodi
994 4281 1016 4337 si
1033 4289 1153 4336 mortuus
1168 4281 1214 4342 sit,
1239 4278 1353 4334 maritus
1375 4277 1488 4344 scilicet,
1514 4284 1575 4332 aute
1597 4292 1659 4331 uam
1675 4293 1744 4335 uxor
1760 4277 1790 4331 ad

146 4346 202 4402 ulla
217 4345 296 4402 hodie
309 4357 414 4402 exstare
428 4348 547 4402 nundum
561 4358 603 4403 est
616 4352 851 4420 compertum,nisi
864 4355 938 4423 quod
994 4350 1075 4406 fidem
1098 4358 1248 4406 vocaretur.
1266 4349 1301 4405 Ul
1325 4364 1358 4404 ex
1373 4348 1419 4404 ille
1436 4347 1480 4400 ἓὰν
1498 4349 1571 4420 serpit
1605 4346 1616 4399 ὲ
1644 4364 1698 4419 per
1710 4364 1790 4404 ever-

145 4417 332 4473 iubiblutbeca
348 4418 560 4489 Reginscrvatur
573 4424 711 4490 exeurplar
725 4421 822 4476 litteris
832 4423 938 4479 descri—
993 4422 1095 4477 sionem
1103 4420 1214 4476 duarum
1229 4421 1391 4492 syllabarum
1420 4417 1520 4475 lactum
1533 4419 1588 4474 sit:
1611 4416 1653 4471 ila
1680 4422 1791 4492 καμπῇ,

146 4496 222 4560 ptum
245 4489 296 4558 maj
302 4489 410 4557 usculis,
436 4489 482 4544 ubi
510 4499 572 4559 post
595 4491 650 4560 illa,
673 4489 799 4559 ἐφοὸοῡντο
817 4492 866 4564 γὰρ
878 4501 942 4548 uota
995 4494 1017 4548 si
1031 4491 1181 4560 dormierit,
1189 4491 1220 4563 lsi
1235 4498 1357 4547 mortuus
1372 4489 1463 4545 luerit.
1475 4488 1555 4558 Quod
1562 4488 1641 4544 suam
1656 4490 1694 4547 de
1706 4491 1793 4546 lutum

147 4560 215 4629 finis
229 4559 394 4631 adpingitur.
410 4561 472 4616 Mox
487 4561 521 4614 ab
536 4560 657 4630 ejusdem
684 4561 787 4617 librarii
802 4579 883 4618 manu
900 4565 939 4620 le·
1002 4574 1089 4628 sonat,
1106 4562 1191 4633 inquit
1212 4560 1367 4631 Septimius.
1395 4560 1478 4629 Quasi
1491 4558 1615 4630 Apostoli
1639 4574 1739 4617 sensus
1750 4577 1795 4616 cx·

145 4629 231 4701 gitur,
246 4631 274 4685 in
295 4633 471 4701 quisbusdam
484 4630 558 4685 libris
571 4633 692 4700 reperiri,
713 4633 798 4686 Πάντα
811 4629 839 4686 δὲ
853 4654 948 4707 παρηγ-
964 4622 987 4701 Β
1002 4636 1130 4691 tendatur
1159 4634 1238 4689 etiam
1253 4632 1288 4687 ad
1303 4647 1364 4687 eum
1378 4646 1482 4700 msam,
1502 4645 1556 4702 quo
1581 4629 1668 4687 virum
1684 4634 1748 4703 post
1763 4630 1796 4685 li-

145 4701 253 4824 rapam
266 4704 318 4761 τοῖς
330 4704 384 4774 περ)
404 4705 445 4756 τὸν
462 4703 510 4754 nt:
525 4721 549 4753 ou
570 4704 694 4774 συντόμως
718 4701 864 4776 ἐῆγγειλον.
880 4705 950 4760 Μετὰ
1003 4707 1065 4762 dem
1080 4704 1114 4758 ab
1129 4719 1214 4760 uxore
1228 4713 1378 4772 susceptam
1401 4704 1468 4757 mort
1484 4701 1701 4774 contigeritque
1717 4702 1796 4759 etiarn

163 4771 174 4824 ὲ
190 4777 269 4826 ταῦτα
289 4772 329 4824 καὶ
343 4775 414 4833 abab<
435 4776 487 4833 τοῖς
543 4774 549 4789 “
577 4772 698 4831 asarotos
721 4776 764 4828 καὶ
782 4776 840 4847 typi
858 4773 950 4840 dimne
1003 4792 1068 4832 casu
1083 4776 1163 4830 liceat
1177 4774 1257 4830 uxori
1271 4774 1374 4830 nubere
1386 4773 1506 4829 aliitire.
1521 4773 1556 4828 Et
1570 4779 1659 4828 tamen
1675 4775 1704 4829 in
1714 4789 1798 4828 ment·

146 4843 309 4906 ἐξαπέστιιλεν
323 4839 356 4896 δι’
370 4848 450 4898 αὐτῶν
464 4844 493 4898 ab
506 4846 619 4915 ἱερὸνκαὶ
637 4847 762 4927 ἄφθαρτον
781 4848 895 4921 κήρυγμα
907 4854 950 4916 τῆς
1004 4845 1094 4904 branis
1109 4844 1161 4900 illis
1173 4845 1369 4911 vetustissimis,
1404 4861 1454 4900 uas
1468 4843 1519 4897 viri
1532 4843 1605 4899 decli
1617 4844 1677 4912 jam
1693 4844 1799 4917 pridem

144 4910 225 4968 utdlco
240 4915 368 4985 σωτηρίας.
387 4916 455 4972 Tum
467 4918 552 4970 altera
571 4917 767 4988 libraritinota,
782 4918 808 4972 itt
824 4919 951 4976 nonnulis
1004 4933 1037 4974 cx
1058 4916 1178 4988 ampliss.
1203 4917 1247 4974 Cl.
1260 4916 1372 4972 Puteani
1415 4915 1420 4925 “
1442 4915 1556 4970 liotbeea
1578 4915 1735 4984 laudavere,
1753 4915 1800 4971 di-

143 4986 225 5043 etiam
240 4985 379 5043 codicibus
419 4995 478 5059 post
513 4986 567 5055 illa,
605 4985 731 5060 {puduisse
772 4989 829 5062 γὰρ,
861 4992 949 5059 sequi,
1004 4988 1150 5044 sertissime
1165 4987 1414 5059 scriptumlegitur,
1457 4984 1497 5039 tls
1516 4980 1544 5037 at
1567 4987 1670 5058 κιιμηθῇ
1703 4989 1716 5039 l
1743 4985 1800 5056 ἀνὴρ

150 5055 272 5113 ’11111111
286 5052 314 5109 dl
324 5027 425 5129 spetiei
438 5067 533 5114 coetera
552 5074 612 5128 quae
632 5062 658 5115 iu
692 5062 806 5135 vulgatis
827 5062 951 5119 editioni·
1005 5062 1078 5127 αὺτῆς
1093 5060 1165 5130 qued
1180 5059 1279 5114 ibidem
1295 5059 1512 5130 Latinequoque
1527 5057 1659 5127 redditur,
1674 5060 1703 5116 si
1736 5074 1801 5138 uem

144 5127 280 5186 bus.lltc.
1004 5131 1203 5187 dormitionem
1216 5132 1259 5187 vir
1275 5132 1336 5201 ejus
1350 5131 1500 5200 acceperit.
1512 5126 1578 5197 Quae
1592 5144 1658 5184 sane
1670 5128 1801 5201 loquendi

179 5229 216 5239 —
241 5200 273 5254 lu
295 5200 388 5259 Croecu
414 5201 588 5257 authentico.
617 5200 644 5255 in
672 5201 766 5257 Graeea
785 5203 906 5272 veritate,
922 5205 950 5260 in
1004 5201 1091 5256 forma
1118 5201 1298 5257 Christianum
1322 5198 1447 5255 uraritum
1471 5196 1626 5272 siguificare
1650 5203 1742 5273 magis
1758 5199 1802 5258 ui·

143 5268 240 5327 Graeea
250 5270 629 5398 originailirenymusKroes.
647 5271 803 5344 indivulse,
819 5274 950 5344 Aupusti·
1002 5273 1091 5335 detur,
1103 5287 1183 5343 quam
1198 5273 1343 5328 ethnicum.
1359 5271 1423 5327 Rue.

143 5342 342 5400 beatitudo
364 5345 500 5400 Doctrina
521 5343 539 5399 C
560 5344 760 5420 rist.eap.13.
778 5344 873 5399 Libros
895 5361 947 5402 au·
1039 5343 1098 5414 (311)
1114 5344 1346 5417 impraeputiatus
1359 5346 1474 5400 vecutus
1492 5340 1802 5414 datumoptimum

144 5423 199 5471 tem
213 5414 281 5472 Novi
290 5414 455 5471 Testamenti
468 5456 474 5479 ‚
488 5411 592 5484 siquid
606 5428 635 5467 tu
649 5411 751 5469 belluis
774 5413 948 5473 varietatibus
1001 5412 1158 5488 dapodomtq.
1179 5415 1241 5472 Rxc.

147 5485 246 5554 titulat,
260 5484 366 5542 Graecis
393 5488 490 5542 cedere
503 5490 627 5555 oportere
637 5497 692 5539 nou
705 5483 819 5540 dubium
834 5492 893 5558 est;
921 5496 948 5544 et
1036 5488 1094 5559 (36)
1109 5487 1148 5543 lle
1169 5486 1331 5544 adduxeris.
1357 5485 1523 5554 Praeputium
1536 5483 1647 5543 scilicet.
1662 5483 1802 5560 Praepetia

147 5559 275 5628 mammo,
290 5557 338 5630 qui
351 5556 424 5628 apud
444 5552 573 5612 decimius
594 5553 729 5611 doctiores
747 5563 776 5611 ct
788 5555 946 5629 111111111ιί0-
1000 5559 1110 5627 dusera,
1126 5556 1193 5615 dixit
1205 5557 1355 5628 luvenalis,
1370 5563 1424 5613 sat.
1440 5558 1469 5614 6.
1481 5556 1546 5614 Rue.
