3840 6134
214 306 269 376 aaa
553 305 774 377 rurununn
793 308 927 376 ornus
955 307 1040 374 rsus
1057 307 1277 373 u.-suuns
1295 309 1318 388 1,
1336 308 1511 373 musncr.
1807 285 1863 373 'stt

501 439 615 500 CAPUT
628 438 703 499 xli.
1030 437 1185 535 gstnmin
1201 436 1408 505 carneacnhse,
1427 435 1602 497 etsotrentes
1626 437 1729 506 lesum,
1755 430 1865 498 scilicet

249 528 332 601 (tell
343 529 421 605 Epist
437 528 474 588 nd
498 528 609 601 lbera.)
633 529 767 604 Cogimur
794 530 917 603 quaedam
935 527 1015 585 iden·
1067 528 1098 586 in
1110 529 1167 587 Deo
1179 529 1316 587 Crantore.
1335 526 1488 586 &cundum
1499 541 1564 585 raro
1581 525 1745 584 Marcionem
1766 527 1864 587 namo

136 664 142 674 .
213 617 298 677 tidem
320 617 427 686 iterare,
442 625 473 674 ut
490 619 655 676 coherentia
674 618 715 675 eis
736 617 937 676 confirmemus.
961 617 1012 674 Do·
1068 633 1103 676 ns
1129 619 1253 677 christus
1265 617 1301 675 sit
1312 617 1337 660 ⁹⁹
1351 616 1494 674 creatoris
1509 616 1629 674 nondum
1648 616 1720 674 euim
1734 618 1760 658 99
1786 618 1865 676 uenit

213 707 318 764 minum
334 714 362 762 et
376 707 419 764 hic
444 707 634 764 retributorem
648 706 789 780 utriusque
815 705 904 764 meriti
919 750 927 776 ,
942 703 1013 762 dici·
1064 707 1139 779 spud
1151 706 1237 764 illum.
1249 705 1377 778 Quisquis
1390 713 1433 762 est
1446 705 1472 746 ⁹⁹
1481 715 1570 763 autem
1588 720 1621 762 aa
1635 704 1743 762 duobus
1754 721 1861 780 quern

213 811 275 853 mus
289 794 457 852 circumferri
476 795 511 849 ab
538 794 675 866 Apostolo
690 838 698 862 ,
715 802 763 851 aut
785 794 951 861 Creatorem,
967 800 1015 850 aut
1066 795 1464 854 curomiatiraomrtiairlulc
1474 794 1636 866 etstpniset
1648 797 1768 852 ostentis
1780 812 1863 853 men·

213 883 379 956 (quodnolit
396 882 526 956 Marcion)
545 898 638 954 parem
657 883 812 956 creatoris,
828 883 905 958 apoll
932 899 1014 958 quem
1066 882 1521 956 dcciiiPropterco,inquit,pttoll
1535 882 1864 942 dimotionemcaritctis

209 974 321 1046 justum
334 976 371 1031 sit
380 974 601 1044 afflictatoribus
614 975 720 1031 nostras
733 971 791 1044 (53)
807 973 921 1046 repenti
934 971 1012 1043 otili
1065 972 1439 1046 mnsaaacperirtt,utsclui
1448 976 1557 1040 essem,-
1568 975 1596 1027 el
1604 976 1722 1046 propter
1732 971 1862 1031 ltocrrrt‘t⁹

212 1065 377 1128 clationem,
395 1066 424 1120 et
436 1063 515 1120 eoin
534 1063 585 1134 pati
604 1062 779 1134 afflictemur
799 1062 963 1135 requietem,
978 1061 1012 1116 irs
1065 1062 1291 1136 eisinstinctum
1305 1061 1443 1132 folmcioe,
1458 1065 1493 1117 nt
1502 1059 1673 1133 iudicentur
1694 1077 1791 1118 omnes
1811 1062 1862 1135 pati

212 1153 386 1210 rceclstione
397 1152 512 1209 Domini
522 1151 588 1209 lesu
596 1151 837 1209 venientisncoelo
847 1165 912 1207 eum
922 1165 1011 1222 anpe-
1063 1146 1861 1222 meredianumvenustantemsemeruetmtqnttatt.

151 1238 155 1247 '
215 1237 250 1296 lis
264 1239 383 1296 virtutis
396 1255 463 1305 suo,
480 1240 552 1296 etia
566 1239 685 1308 flammo
701 1240 785 1312 ipen.
802 1238 1012 1307 Sedttommom
1064 1237 1152 1310 Igitur
1167 1235 1191 1292 si
1205 1235 1383 1294 Antichristus
1397 1244 1464 1292 ests
1494 1234 1646 1292 secundum
1668 1235 1823 1293 Creatorem
1836 1236 1860 1303 ³,

214 1331 243 1385 et
252 1330 347 1402 mnam
361 1328 477 1385 delendo
491 1328 549 1401 (tt)
561 1328 705 1391 haereticus
716 1328 897 1394 stabuntne
907 1327 1011 1385 scilicet
1065 1325 1142 1384 Dens
1155 1325 1208 1383 erit
1226 1325 1349 1394 Creator,
1363 1322 1413 1396 qui
1426 1339 1489 1382 eum
1503 1322 1586 1379 mittit
1612 1324 1646 1379 sd
1669 1323 1861 1400 impingendos

214 1425 360 1474 nostratem
380 1419 469 1474 Deum
496 1417 604 1476 laceret.
631 1417 714 1475 hucet
742 1427 832 1475 nmen
859 1418 963 1474 vanitas
977 1416 1010 1471 ii·
1063 1429 1113 1472 eos
1129 1414 1158 1471 in
1184 1429 1327 1481 errorem,
1353 1412 1400 1487 qui
1425 1427 1480 1470 nou
1504 1410 1676 1468 crediderunt
1695 1412 1802 1471 veritati
1830 1419 1863 1469 ut

215 1511 291 1562 turs.
308 1506 377 1562 Cum
387 1507 460 1563 enim
475 1507 512 1562 od
520 1507 659 1566 ultionem
668 1510 821 1564 cauteriem
830 1504 1011 1575 scribatApo·
1064 1499 1456 1572 salriiierent,e1'usdemerit
1476 1499 1576 1557 raritas
1599 1506 1627 1556 et
1647 1499 1731 1571 salus,
1755 1501 1803 1574 qui
1826 1517 1861 1559 ex

215 1595 304 1653 stolus
318 1600 473 1655 minimum
487 1598 656 1670 exigendum
670 1597 704 1652 dc
717 1598 758 1653 eis
771 1596 819 1668 qui
831 1596 921 1651 Deum
931 1594 1010 1665 ipun-
1066 1588 1204 1646 submissu
1217 1589 1317 1647 erroris
1335 1589 1483 1656 ulciscitur,
1500 1587 1527 1643 id
1543 1595 1585 1646 eat
1597 1588 1744 1660 cremaris,
1760 1590 1803 1646 cui
1832 1597 1862 1647 et

216 1687 325 1743 restet
340 1682 798 1758 pninmebaoaiamumnpelio,
818 1697 887 1754 qnos
902 1679 940 1737 ait
955 1698 1013 1755 pte.
1064 1680 1279 1753 competitzelus
1301 1680 1361 1753 ipse
1387 1695 1479 1739 errore
1499 1679 1624 1752 decipere
1650 1696 1719 1753 quos
1745 1679 1861 1739 veritato

213 1787 283 1831 anm
295 1773 321 1812 ⁹³
338 1772 474 1840 luituros,
490 1772 648 1841 exitialem,
664 1775 813 1839 curnam,
830 1769 936 1842 asneis
958 1771 1014 1826 Do·
1028 1747 1053 1829 Β
1066 1785 1123 1826 uon
1138 1769 1221 1842 cepit.
1237 1770 1265 1827 si
1293 1785 1356 1827 vern
1383 1784 1439 1826 uon
1461 1777 1503 1826 est
1520 1768 1694 1826 antichristus
1709 1770 1860 1828 secundum

213 1861 299 1927 misi,
323 1862 353 1917 ct
370 1862 492 1932 oglerio
505 1859 640 1917 achatius
654 1862 732 1933 cium·
760 1857 879 1930 sequitur
893 1864 923 1913 ut
936 1856 1012 1913 llam·
1063 1873 1200 1933 neserga
1214 1857 1337 1916 Christus
1353 1864 1394 1915 est
1413 1856 1547 1914 creatoris
1568 1857 1717 1915 secundnm
1740 1858 1860 1916 Marcio·

214 1961 286 2001 mam
320 1946 393 2019 ignis
420 1946 539 2015 inducat,
564 1947 667 2005 scilicet
694 1945 805 2004 veniens
832 1944 866 2001 sd
893 1943 1011 2016 punien-
1064 1965 1136 2006 uem.
1168 1950 1199 2004 Et
1216 1948 1294 2021 quale
1326 1946 1377 2003 erit
1398 1954 1429 2002 ut
1454 1947 1489 2003 ad
1508 1946 1688 2004 ulciscendam
1717 1949 1860 2006 veritatem

212 2033 278 2089 dum
294 2051 302 2102 ς
316 2033 354 2090 ita
368 2043 396 2090 et
414 2035 442 2090 in
466 2035 526 2103 boc,
555 2035 664 2094 uolente
691 2034 837 2099 Marcione,
853 2032 1012 2090 crematoris
1068 2052 1155 2104 suam,
1168 2035 1305 2094 Christum
1332 2033 1455 2092 Creatori
1469 2035 1482 2073 ⁴
1496 2034 1661 2091 submittat?
1688 2033 1742 2092 Sed
1759 2043 1787 2092 et
1800 2033 1826 2091 si

149 2142 152 2147 “
213 2123 265 2179 Dei
283 2123 408 2181 Christus
422 2123 501 2182 51¹
518 2126 598 2182 ⁹⁸⁹⁹*
617 2125 667 2196 (9).
692 2132 720 2181 99
747 2124 774 2179 999
802 2121 849 2177 ἱΙῙῡ
877 2120 1012 2177 crealoris
1064 2125 1099 2183 de
1113 2125 1278 2182 Antichristo
1305 2122 1447 2192 consentit,
1476 2122 1590 2194 proinde
1611 2123 1738 2191 dixerim,
1772 2122 1860 2182 519

213 2221 267 2279 est,
281 2214 355 2285 quod
383 2215 463 2271 ctiam
486 2214 520 2270 de
539 2213 729 2289 ignorantibus
743 2211 889 2268 Dominum
908 2208 1014 2266 uleisci·
1064 2212 1144 2286 quale
1158 2219 1209 2281 est,
1240 2220 1269 2268 ut
1299 2211 1336 2267 illi
1366 2213 1489 2269 sutum
1516 2211 1631 2284 augelus
1661 2211 1799 2268 creatoris
1826 2211 1862 2269 sit

212 2309 264 2368 tnr,
280 2302 359 2360 idest
370 2302 405 2361 de
419 2303 541 2360 ethnicis.
557 2304 687 2359 Seorsum
706 2300 779 2357 anim
807 2299 898 2371 posuit
922 2302 1014 2355 Euan·
1063 2298 1245 2365 necessarius,
1259 2304 1287 2355 ct
1301 2299 1449 2357 occidutur
1463 2299 1497 2356 nb
1507 2315 1548 2366 eo,
1565 2299 1667 2355 babens
1680 2298 1863 2371 lallsciaeope·

212 2391 284 2463 pelio
310 2406 367 2447 non
389 2390 579 2457 oboedientes,
602 2391 659 2446 site
691 2387 851 2444 christianos
883 2393 1013 2458 peccato·
1064 2387 1168 2444 ratione
1183 2386 1260 2460 iungi
1281 2387 1432 2445 Creatori?
1453 2386 1484 2442 ln
1508 2402 1625 2456 summa,
1640 2386 1664 2443 si
1682 2386 1863 2444 indubitatum

213 2493 267 2545 res,
292 2476 348 2534 sive
365 2478 485 2536 ludaeos.
502 2479 587 2534 Porro
614 2477 648 2533 de
675 2475 790 2533 ethnicis
814 2474 923 2547 exigere
951 2488 1012 2545 poe·
1064 2483 1107 2532 est
1119 2476 1177 2547 ejus
1186 2490 1247 2532 esse
1261 2483 1290 2531 et
1312 2476 1449 2548 angelum,
1462 2482 1490 2531 et
1503 2475 1658 2545 ueritatem,
1679 2483 1706 2532 et
1732 2475 1861 2543 mistam,

214 2581 273 2633 nas,
286 2565 332 2638 qui
350 2565 527 2639 Evangelium
551 2565 620 2622 lorte
637 2580 692 2620 non
715 2562 816 2630 norint,
832 2577 888 2619 non
905 2568 947 2618 est
960 2560 1013 2618 Dei
1065 2566 1143 2634 cujus
1157 2574 1184 2621 et
1196 2563 1247 2632 irs,
1262 2571 1289 2620 et
1303 2563 1451 2630 aemulatio,
1463 2569 1491 2619 ct
1513 2562 1625 2619 taMaciae
1648 2561 1780 2619 immissio
1810 2564 1863 2620 ad·

213 2654 273 2722 eius
301 2653 348 2725 qui
373 2653 532 2710 naturaliter
556 2653 593 2709 sit
612 2652 728 2725 ignotus,
745 2664 795 2706 nec
817 2664 930 2720 usquam
958 2646 1013 2705 nisi
1065 2669 1160 2712 versus
1173 2660 1372 2724 contemptores
1391 2662 1418 2709 et
1445 2652 1605 2720 desultores,
1632 2652 1714 2708 etiam
1732 2653 1864 2711 aduersus

213 2740 241 2796 iu
257 2741 407 2813 Evangelio
430 2741 465 2797 sit
487 2740 640 2812 renelmus,
663 2755 721 2796 uon
737 2738 865 2795 omnibus
896 2735 1011 2793 scibilis.
1064 2743 1220 2816 ignorantes
1242 2743 1283 2812 (ut
1305 2741 1364 2811 jam
1391 2747 1419 2798 et
1443 2740 1564 2797 Marcion
1594 2741 1629 2797 ds
1656 2739 1744 2814 gradu
1771 2740 1862 2810 cedat,

211 2829 335 2887 Creatori
362 2838 452 2887 nutem
475 2830 556 2886 etiam
574 2828 691 2885 naturali
712 2825 815 2901 agnitio
840 2825 958 2882 debetur
978 2840 1012 2881 ex
1066 2831 1154 2887 Deum
1180 2844 1287 2902 quoque
1314 2828 1419 2886 zeloten
1444 2828 1621 2900 concedens),
1657 2828 1720 2902 quis
1752 2827 1863 2902 dignius

213 2917 341 2988 operibus
362 2917 551 2989 inteMigeudo,
575 2924 603 2973 et
619 2915 718 2973 exinde
741 2914 770 2971 iu
795 2913 946 2985 pleniorem
960 2928 1009 2970 uo·
1062 2919 1194 2976 irascetur
1207 2918 1221 2974 i
1236 2918 1316 2982 Puto,
1332 2917 1412 2989 qnia
1440 2916 1589 2989 primordio
1608 2932 1698 2973 rerum
1712 2917 1863 2973 ιιιιιιιιιιιιι9

213 3004 298 3061 titiam
320 3005 492 3078 requirendo.
508 3005 584 3062 Mlius
607 3014 650 3063 est
663 3019 731 3077 ergo
749 3004 830 3060 etism
853 3001 1011 3075 ignorantes
1063 3005 1204 3081 operibns,
1221 3003 1372 3072 maniciis,
1394 3005 1494 3080 plagis,
1517 3003 1755 3076 predicationibus
1768 3003 1791 3075 9,
1821 3010 1863 3060 te·

212 3093 300 3150 ιιοιιιιι
320 3091 450 3166 plectere,
464 3109 545 3166 quem
562 3106 618 3150 nou
641 3092 721 3149 lineat
735 3089 855 3164 ignorari
868 3089 903 3146 ⁹⁵.
918 3090 1011 3163 Ipsum
1063 3095 1151 3153 stibus
1175 3097 1209 3152 ad
1235 3093 1401 3170 agnitionem
1425 3093 1469 3149 sui
1490 3094 1661 3164 praestruxit,
1692 3109 1745 3151 uec
1770 3103 1864 3150 maren

212 3182 286 3255 qnod
298 3182 351 3239 ait:
366 3184 387 3240 A
401 3184 478 3256 socie
491 3183 603 3244 Domini
615 3187 645 3240 et
654 3199 674 3239 a
687 3181 778 3254 picria
790 3180 922 3238 vaenue
936 3182 1009 3252 ejas,
1062 3184 1172 3258 agnitus
1184 3192 1245 3250 est;
1262 3183 1321 3239 an⁹
1338 3181 1386 3255 qui
1414 3182 1498 3239 mmet
1522 3182 1601 3239 unico
1622 3181 1635 3222 ⁹
1650 3182 1795 3255 Evangelii
1816 3182 1863 3240 in-

211 3272 302 3328 terhia
321 3287 387 3328 usus
408 3271 486 3328 lsaiae
509 3273 551 3342 (ιι,
568 3271 635 3343 ts):
652 3285 686 3326 ca
707 3270 766 3340 ipsa
786 3283 868 3324 causa
885 3268 1010 3324 cumdem
1062 3279 1224 3338 strumento,
1240 3278 1268 3327 at
1281 3270 1341 3342 ipso
1355 3270 1469 3342 incerto,
1484 3286 1536 3328 uec
1553 3271 1643 3342 palam
1670 3271 1754 3327 alium
1774 3270 1863 3328 Deum

212 3361 283 3432 sapit
303 3360 446 3417 Dominum
469 3368 686 3432 consurgentem,
699 3361 734 3413 ut
756 3356 932 3415 comminuat
950 3357 1011 3412 ter-
1064 3360 1237 3434 praedicante,
1254 3358 1401 3429 productus
1414 3357 1475 3416 esti
1488 3359 1528 3415 lta
1541 3359 1586 3416 cui
1596 3358 1727 3431 competit
1744 3357 1866 3416 vindicta

212 3464 285 3506 99999·
300 3448 472 3518 0999999999
492 3456 534 3504 999
553 3446 633 3505 Mitt
656 3443 836 3516 9999999059),
852 3442 1010 3515 filinsper·
1063 3445 1513 3519 etoompetetmateriariudictae:
1541 3447 1721 3521 Evangelium
1744 3447 1818 3517 dico,
1836 3455 1865 3503 et

211 3536 435 3611 tilionacum
453 3537 668 3610 revelariprius
686 3536 796 3607 oportet
815 3537 884 3590 orele
896 3532 1012 3589 Domini
1063 3537 1171 3603 renus,
1194 3542 1222 3590 et
1247 3536 1329 3592 seius.
1351 3534 1450 3590 lubere
1471 3540 1562 3591 autem
1580 3536 1694 3608 operari
1725 3551 1795 3594 eum
1812 3538 1866 3608 pati

210 3626 373 3693 maenium,
391 3627 530 3684 extollens
539 3641 569 3683 sc
581 3640 666 3698 super
676 3637 759 3683 amec
773 3620 845 3694 qnod
858 3623 931 3678 Deus
944 3620 1012 3677 dici·
1064 3625 1133 3682 uelit
1142 3623 1327 3689 munducare,
1344 3623 1404 3693 eJus
1416 3622 1562 3696 disciplina
1579 3624 1681 3698 estqui
1698 3622 1761 3680 hori
1775 3623 1864 3680 tritu-

212 3718 272 3778 tur,
283 3718 312 3772 et
321 3731 433 3772 omnem
442 3715 607 3785 religionem
617 3733 627 3782 ,·
636 3714 819 3783 confessurus
828 3709 895 3764 ⁹⁶in
906 3708 1010 3781 inepto
1063 3710 1134 3770 renti
1149 3725 1182 3768 os
1195 3711 1408 3782 liberumJ'ussit.

211 3802 262 3858 Dei
275 3805 304 3860 si
317 3803 406 3859 Deum
420 3818 450 3860 se
462 3803 632 3873 jactaturus
646 3805 659 3857 t
673 3798 828 3856 Secundum
841 3795 1011 3869 nosquidcm

212 3888 401 3953 Antichristus,
426 3899 456 3945 ut
482 3888 579 3946 donent
603 3895 710 3946 ratores
732 3894 760 3943 et
785 3899 863 3942 norae
890 3886 1011 3956 prophe·
1346 3848 1461 3909 CAPUT
1474 3851 1563 3909 XVII·

211 3976 281 4046 tiae,·
307 3986 337 4034 ut
361 3977 481 4034 loannes
501 3977 651 4050 apostolus,
679 3974 727 4048 qrri
751 3976 809 4046 J'am
835 3968 1012 4031 antichristos
1099 3971 1226 4030 Ecclesiae
1252 3972 1365 4047 quidem
1396 3973 1509 4031 assitme
1531 3971 1685 4046 Epistulam
1711 3973 1796 4032 istam
1826 3977 1865 4035 orl

212 4064 277 4121 dicit
291 4066 324 4138 ’(1
347 4067 429 4125 loun.
450 4080 491 4132 tv,
514 4067 541 4132 l,
566 4066 595 4134 2)
621 4062 785 4137 processisse
812 4061 841 4118 in
867 4062 1010 4126 mundum,
1065 4061 1195 4137 Ephesios
1208 4061 1339 4120 habemus
1362 4063 1489 4119 emissam
1508 4063 1613 4136 (Epist.
1635 4063 1672 4120 nal
1696 4063 1864 4136 Ephesust

210 4167 394 4225 precursores
425 4151 587 4211 Andetristi
618 4152 742 4225 spiritus,
765 4155 897 4223 negantes
933 4149 1010 4206 Chri·
1065 4151 1176 4223 tu),non
1193 4151 1407 4212 cameasenus
1423 4152 1480 4226 (56)
1496 4174 1504 4225 ;
1519 4152 1568 4209 sed
1578 4152 1701 4211 Marcion
1714 4153 1865 4211 sidtulum

899 4244 994 4310 Varia
1015 4250 1170 4313 temones.

118 4396 126 4404 ,
247 4350 273 4390 ⁹³
288 4352 397 4408 Poeuam
406 4365 476 4433 quos
484 4353 522 4409 ait
533 4353 595 4408 lat.
610 4350 636 4391 ⁹⁴
649 4350 699 4406 Est
710 4350 804 4408 ornilt.
816 4350 899 4406 Pam.
908 4349 1068 4425 ⁹⁵lgnorare
1077 4354 1156 4410 Pom.
1168 4351 1193 4392 ⁹⁶
1204 4352 1400 4412 consecuturus
1411 4355 1450 4413 al.
1466 4356 1491 4395 99
1500 4354 1602 4412 Nisisit
1614 4355 1736 4413 Christus
1749 4357 1863 4427 moene

160 4416 162 4420 ’
212 4435 248 4477 ue
263 4421 385 4479 Christus
399 4431 434 4478 nt
452 4422 537 4481 Semel.
552 4423 578 4463 ⁹⁹
591 4423 674 4478 Enim
680 4423 779 4490 pmitt.
788 4423 869 4478 Pom.
884 4420 911 4461 ⁹⁹
923 4421 970 4477 Est
988 4425 1081 4481 siniit.
1097 4423 1183 4481 Fron.
1194 4424 1203 4463 9
1216 4424 1298 4480 Dabit
1312 4427 1376 4483 Lat.
1395 4425 1407 4464 9
1422 4427 1456 4482 Et
1470 4429 1550 4484 Pom.
1567 4427 1579 4467 ⁹
1594 4427 1747 4484 Secundum
1762 4443 1826 4492 uos,
1838 4437 1866 4484 et

212 4492 286 4549 Deus
312 4494 373 4552 cod.
396 4495 494 4554 Wnuw.
509 4494 665 4551 *creatoris
677 4492 738 4551 cod.
756 4493 856 4551 Wouw.
872 4490 1030 4552 ⁵Siomitt.
1047 4496 1126 4553 Pom.
1141 4494 1275 4552 ⁹Naturae
1296 4495 1355 4555 cod.
1387 4498 1486 4557 Wouw.
1503 4498 1514 4538 9
1529 4498 1754 4556 Praedicationum
1774 4501 1864 4556 Pom.

212 4563 226 4600 ⁹
239 4565 297 4621 Nec
310 4564 369 4623 cod.
392 4566 492 4625 Wnuw.
507 4565 616 4623 ⁹Uuito
632 4565 693 4622 cod.
711 4565 814 4624 Wnuw.

911 4634 1160 4702 Commentarius.

248 4742 306 4814 (53)
319 4746 431 4801 lustum
453 4745 493 4800 sit
505 4745 542 4815 nt
559 4741 728 4801 intotorllrats
746 4738 860 4801 nostris.
876 4739 922 4798 Sic
935 4739 1009 4798 istud
1025 4757 1049 4839 ῃ
1063 4758 1145 4815 quam
1158 4741 1203 4798 hic
1212 4740 1323 4798 inuuere
1337 4739 1445 4799 ridetur
1458 4758 1492 4798 ex
1502 4742 1635 4800 Marcione
1659 4741 1841 4800 Tertullianus
1856 4759 1865 4797 ε

211 4814 333 4871 tertitll
354 4815 509 4873 Phaseoli.
553 4830 620 4874 raecc
643 4832 651 4871 :
675 4815 705 4870 dt
726 4812 862 4867 insuetam
883 4814 935 4874 nott
953 4813 1010 4867 ttt-
1064 4829 1125 4869 uam
1158 4829 1219 4882 qus
1259 4812 1408 4886 lregmcnta
1431 4812 1549 4871 citantur
1573 4816 1703 4872 hahentur
1734 4829 1796 4884 cap.
1835 4829 1865 4869 ru

213 4885 294 4939 msera
307 4884 383 4958 ἡμᾶς.
398 4885 467 4944 Pru.
874 4937 877 4940 ⁴
1062 4884 1152 4955 Epist.
1176 4883 1209 4940 ad
1233 4883 1331 4956 Ephes.
1355 4883 1482 4942 Errorem
1506 4884 1581 4942 dedit
1599 4885 1784 4956 interpretatio
1814 4899 1866 4956 ps·

249 4954 307 5026 (bt)
327 4956 378 5014 Sed
396 4957 545 5027 flammam
567 4962 596 5014 st
622 4971 716 5029 tpncm
734 4953 861 5014 munds.
881 4953 933 5012 vel
946 4952 1011 5010 hinc
1063 4970 1122 5010 runr
1141 4961 1265 5012 accurata
1279 4970 1308 5012 ru
1321 4954 1357 5011 ad
1370 4955 1473 5013 Coloss.
1489 4955 1536 5012 uhi
1549 4957 1662 5013 habetur
1686 4955 1731 5025 τὴν
1755 4955 1782 5010 is
1795 4960 1866 5010 Asa-

213 5032 289 5097 patct
307 5043 398 5083 verum
421 5043 482 5084 esse
505 5027 580 5101 quod
603 5028 697 5085 scribit
718 5025 749 5080 E.
774 5025 942 5096 Epiphanius
957 5025 1011 5082 otl-
1064 5025 1323 5094 bmlnrtrerterunt
1341 5028 1487 5084 enimcum
1498 5044 1559 5101 pute
1573 5027 1659 5086 estod
1673 5027 1866 5094 modicenses,

212 5112 310 5154 versus
335 5098 503 5157 Marcionem
523 5099 589 5157 nihil
616 5115 645 5156 se
664 5099 744 5156 etiam
764 5103 883 5155 tractare
904 5095 938 5151 de
960 5097 1010 5152 hac
1063 5112 1123 5152 cum
1138 5097 1298 5153 vertendum
1312 5109 1383 5153 asset
1404 5114 1466 5158 cnm
1481 5115 1545 5170 pute
1563 5114 1601 5155 en
1619 5099 1688 5155 urbe
1716 5098 1863 5157 laodicea.

214 5166 344 5238 Epistola,
354 5171 426 5239 quod
441 5170 553 5226 nimium
566 5171 624 5238 jnm
639 5167 779 5240 pervertit.
794 5169 836 5222 ln.
1066 5167 1247 5236 Epistola'illa
1260 5184 1321 5237 quae
1335 5170 1415 5225 bodie
1438 5169 1636 5237 circumfertur,
1650 5182 1718 5241 apoc
1754 5172 1807 5241 pha
1822 5170 1868 5225 vi·

248 5237 307 5311 (55)
332 5242 416 5298 Momo
435 5242 544 5299 delicti.
566 5241 639 5298 Satis
662 5237 780 5321 explicat
799 5235 888 5293 statim
911 5234 957 5307 qui
972 5232 1017 5317 ¹sit
1068 5239 1148 5295 detur
1164 5249 1190 5295 et
1208 5239 1388 5311 supposititia.
1414 5241 1511 5296 Deatus
1532 5240 1644 5297 Hieron.
1660 5247 1694 5296 de
1739 5242 1805 5313 pist.
1822 5239 1867 5295 illa

215 5307 298 5366 horno
325 5312 436 5378 delicti,
461 5311 645 5369 Antichristus
666 5308 793 5374 scilicet3
821 5322 876 5379 quo
905 5320 1015 5362 nomme
1069 5307 1103 5363 ad
1116 5309 1201 5364 Laod.
1221 5310 1288 5364 laisa
1316 5321 1343 5366 et
1362 5311 1533 5380 explodenda
1547 5311 1690 5384 loquitur:
1714 5317 1866 5382 putantque

214 5380 385 5440 Marcionitas
402 5384 530 5456 appellat,
545 5382 592 5454 qui
615 5381 710 5436 eadem
725 5386 897 5451 perpetrasse
917 5375 1014 5433 viden'-
1068 5380 1194 5460 nttnnulli¹
1210 5381 1323 5451 primam
1346 5396 1406 5436 esse
1431 5381 1466 5437 ad
1487 5382 1659 5439 Timotheum
1673 5398 1736 5453 quse
1760 5381 1865 5440 handi-

214 5460 259 5508 tur
276 5469 337 5579 2⁰ae
350 5455 385 5511 de
398 5454 567 5512 Audchristn
581 5450 708 5524 predicta
720 5456 794 5505 sunt.
805 5448 844 5504 hs
857 5449 906 5506 Pu.
1068 5465 1124 5508 ceae
1142 5466 1195 5508 scri
1218 5460 1244 5508 ts
1257 5459 1307 5508 est
1326 5452 1503 5522 Inscripsnrat
1528 5462 1615 5510 autem
1643 5452 1764 5511 Marcion
1782 5452 1866 5526 Epis-

215 5525 280 5650 ms?
296 5523 445 5670 &gamem
471 5523 650 5652 &excreas
659 5521 794 5652 1ιιιιὲἀιιῖὲιιθῃ
795 5535 866 5649 gsans
862 5516 939 5664 angi&
937 5534 1014 5648 eff
1065 5522 1148 5651 1tegitur
1217 5523 1395 5608 melisseus,
1413 5540 1476 5596 quas
1494 5525 1573 5584 nobis
1594 5532 1637 5581 est
1658 5525 1696 5582 ud
1723 5525 1866 5599 Ephesios.
