3840 6134
134 290 186 350 707
483 277 705 342 tuntbutttttt
722 276 857 339 OPERUU
875 276 956 338 clos
973 279 1007 339 lt.
1039 309 1076 323 -
1103 279 1251 352 8881881,
1270 279 1442 341 Potentes.
1725 280 1782 343 788

432 405 545 465 GllPlll'
561 407 624 464 Xll.
941 407 1085 504 fluolunt.
1103 405 1190 466 687
1206 408 1274 463 Nem
1302 415 1329 464 et
1356 423 1453 466 sensus
1472 406 1612 481 passiones
1627 408 1687 478 (to)
1714 407 1781 465 lecit

168 497 295 565 Proinde,
318 505 346 554 ει
372 495 503 568 animum,
527 495 584 553 sira
605 511 684 552 mens
707 502 761 563 est,
776 501 833 557 εεῡς
855 494 926 565 apud
980 495 1149 554 Aristoteles.
1169 495 1268 567 Quidni
1282 497 1297 552 ι
1311 504 1339 552 ει
1356 496 1455 555 sentire
1480 496 1553 554 enim
1570 496 1624 569 pati
1645 505 1700 564 εει,
1715 496 1778 570 εειε

131 590 242 646 crema
256 586 326 658 (73),
342 601 396 642 non
410 584 482 641 eliud
496 584 560 656 quid
577 584 750 659 intelligimus
765 600 845 657 quem
862 600 927 655 suq—
980 586 1036 658 pati
1052 585 1153 642 sentire
1174 592 1224 641 est.
1250 585 1366 641 Proinde
1388 592 1415 640 ει
1434 600 1529 656 sapere
1543 584 1645 643 sentire
1669 594 1723 655 εει,
1752 593 1779 642 ει

131 686 238 752 gestum
260 675 357 731 animae
381 674 531 749 ingenitum
556 683 583 731 et
605 674 725 741 insitum,
750 684 779 730 ει
800 673 927 732 εειιειιεε
979 675 1081 731 moueri
1112 674 1209 730 sentire
1224 682 1294 729 est:
1322 674 1359 729 ita
1380 681 1465 730 totum
1485 674 1539 745 peti
1563 681 1614 731 est.
1646 673 1778 732 Videmus

133 767 285 839 proprium,
302 764 504 836 quoagit,quo
520 762 599 835 sapit,
621 780 701 836 quem
719 778 810 819 secum
826 764 927 820 habens
979 771 1068 818 eutem
1099 762 1165 817 nihil
1194 761 1308 817 istorum
1335 760 1453 817 animem
1481 760 1609 833 experiri,
1635 770 1665 817 ει
1684 777 1741 818 non
1753 771 1780 819 et

136 873 168 914 ex
183 854 325 926 semetipse
352 868 382 907 se
395 863 566 908 commouent
578 853 606 907 in
620 853 777 923 semetipsa,
792 859 873 923 atquc
892 851 926 907 ite
979 853 1070 909 animo
1088 853 1240 925 deputetur,
1268 850 1331 922 quia
1354 867 1403 923 per
1418 850 1492 907 illum
1508 859 1534 906 et
1547 866 1609 908 cum
1624 850 1670 907 illo
1685 858 1779 908 treus-

134 943 239 1003 moveri
262 942 385 1001 videetur
409 943 443 998 ab
465 941 511 998 illo
541 951 669 1015 tanquam
692 942 842 1000 substantia
864 940 925 1011 alia,
981 941 1088 1015 ligatur.
1103 943 1163 996 lam
1186 954 1252 1011 crgo
1268 946 1294 995 et
1314 939 1515 997 commiscibilis
1528 947 1570 996 est
1584 940 1703 1006 animus,
1728 941 1779 999 ed·

131 1046 160 1093 ει
185 1035 281 1091 volunt
305 1031 352 1104 qui
374 1030 454 1086 etiam
477 1029 659 1088 universitatis
684 1040 844 1089 motatorem
866 1029 926 1085 ani·
980 1046 1076 1088 vorsus
1092 1032 1298 1101 Anaxagoram
1322 1037 1350 1085 ει
1364 1026 1510 1100 passibilis,
1526 1029 1658 1085 adversus
1672 1029 1779 1088 Aristo·

131 1140 217 1190 mom,
237 1121 389 1178 decernunt
415 1120 485 1191 (ιι),
510 1119 584 1176 illum
607 1119 689 1176 deum
714 1119 834 1177 Socratis
857 1118 925 1190 (75),
980 1121 1071 1176 ιειειε.
1105 1119 1247 1185 Ceterum,
1272 1117 1296 1172 si
1322 1118 1450 1174 discretio
1481 1115 1631 1174 admittitur
1651 1119 1722 1190 (89),
1751 1129 1780 1177 et

131 1213 206 1270 illetm
222 1209 356 1269 Valentini
369 1209 550 1282 Monogenem
564 1224 598 1266 ex
613 1217 688 1282 petre
700 1208 787 1282 Bytho
802 1215 830 1266 ει
844 1216 927 1266 matre
980 1206 1132 1264 substantie
1144 1207 1205 1263 duae
1228 1221 1273 1263 res
1296 1205 1360 1272 sint,
1380 1206 1487 1262 enimus
1501 1215 1581 1280 utque
1595 1206 1697 1276 anime,
1714 1208 1780 1265 ειιε·

131 1302 195 1378 Siqe
215 1302 251 1359 ⁵¹.
277 1298 406 1372 Quemvis
429 1299 453 1339 ⁵²
476 1298 648 1370 Δεειεεεεε
673 1298 777 1354 turbela
799 1296 927 1354 εεειεειιε
980 1294 1037 1351 rius
1053 1295 1104 1351 crit
1131 1303 1165 1370 ει
1187 1295 1292 1379 εεεειε,
1314 1301 1341 1350 ει
1355 1309 1461 1360 εεεεεε,
1477 1302 1504 1351 ει
1526 1309 1606 1367 sapor
1620 1296 1720 1365 omnis,
1750 1308 1777 1355 ει

132 1398 174 1447 εει
187 1391 245 1463 (te)
261 1405 267 1446 :
284 1387 390 1444 initium
410 1387 483 1444 enirn
505 1386 626 1446 omnium
649 1393 848 1445 commentatus
870 1385 928 1442 ani·
979 1393 1066 1453 ectus,
1081 1391 1109 1440 et
1126 1386 1241 1440 motus:
1262 1378 1370 1438 alterius
1395 1390 1485 1440 eutem
1506 1381 1601 1454 otium,
1615 1392 1644 1441 ει
1657 1384 1740 1457 εειεε
1753 1393 1781 1442 ει

133 1495 216 1550 mum,
241 1486 269 1536 ει
289 1475 469 1536 universitatis
493 1476 618 1534 oscillum
640 1474 710 1531 illiue
736 1489 787 1532 oue
808 1490 926 1546 suspen·
980 1480 1084 1544 stupor,
1099 1480 1127 1529 ει
1140 1471 1280 1541 uullejetn
1297 1486 1401 1537 ceuse3
1426 1478 1454 1527 et
1468 1480 1514 1527 aut
1535 1472 1641 1529 enimus
1662 1473 1778 1543 εεεειιι,

130 1568 198 1626 dens
213 1568 286 1641 (ιι),
301 1581 453 1639 purumque
467 1581 530 1621 eum
547 1563 703 1631 adfirmans,
726 1570 754 1621 et
774 1561 926 1635 simplicem
980 1568 1027 1614 aut
1050 1560 1150 1616 anime.
1162 1559 1240 1630 Quod
1264 1559 1287 1614 si
1315 1566 1422 1614 cunstat
1445 1558 1579 1618 ambobus
1603 1561 1662 1618 baec
1688 1560 1780 1619 emnia

133 1668 160 1716 et
174 1653 439 1720 incommiscibilem,
455 1655 507 1711 bec
518 1653 561 1712 uel
576 1651 690 1708 maxime
712 1650 788 1708 titulo
803 1661 928 1725 segregat
981 1648 1108 1720 reputari,
1123 1661 1190 1722 ergo
1215 1663 1299 1703 onum
1319 1655 1399 1702 erunt
1425 1655 1584 1719 utrumque,
1600 1658 1627 1706 et
1640 1648 1780 1709 Democri·

132 1748 167 1805 ab
195 1747 293 1803 animae
313 1741 522 1809 commixtione3
542 1749 569 1797 et
592 1748 680 1796 temen
710 1740 836 1796 cnmdctu
862 1741 926 1797 elibi
943 1715 966 1793 Β
982 1743 1025 1793 tus
1060 1734 1204 1803 obtinebit,
1232 1734 1416 1792 dillerentiam
1452 1736 1561 1803 tollens,
1589 1745 1616 1793 et
1642 1746 1777 1811 queretur

133 1837 228 1892 anime
243 1831 353 1890 addicit.
366 1831 424 1886 lloc
439 1828 519 1885 etiem
533 1827 693 1886 Aristoteles
706 1828 842 1888 denotavit
858 1831 923 1903 (18),
979 1826 1114 1899 quomodo
1142 1841 1225 1882 unum
1253 1831 1405 1896 utrumque,
1426 1840 1460 1881 ex
1483 1824 1598 1882 duarum
1612 1826 1779 1884 sumentia-

132 1922 225 1980 nascio
240 1935 273 1977 an
295 1934 344 1976 ene
367 1916 486 1989 paratior
508 1914 633 1989 implere,
656 1933 737 1989 quern
759 1916 847 1974 aliena
870 1916 926 1974 ina·
980 1932 1039 1972 rum
1054 1914 1221 1983 confusione,
1239 1930 1273 1969 an
1305 1931 1339 1971 ex
1352 1914 1432 1970 unius
1450 1914 1640 1987 dispositione.
1655 1915 1713 1974 Nos
1734 1932 1781 1973 eu·

133 2013 191 2068 nire
214 2010 248 2064 55.
272 2006 393 2079 Denique
420 2013 447 2064 et
469 2004 527 2077 ipse
549 2002 731 2062 definitionem
753 2005 837 2062 εειιει
864 2022 925 2064 cum
980 2012 1033 2061 tem
1048 2005 1168 2062 enimnrn
1182 2003 1219 2060 ite
1232 2003 1348 2061 dicimus
1374 2006 1472 2061 anime
1496 2015 1662 2076 concretum,
1683 2021 1739 2063 non
1753 2016 1781 2063 ut

132 2099 265 2164 dilierrot,
286 2095 394 2153 interim
418 2095 533 2152 alterum
553 2093 636 2151 enimi
653 2111 743 2166 genus
767 2095 924 2166 pronuntin—
979 2093 1128 2150 substantie
1142 2093 1166 2131 ⁵⁵
1180 2091 1273 2164 alium,
1288 2092 1336 2148 sed
1347 2103 1378 2148 ut
1392 2093 1549 2148 substantiae
1564 2092 1699 2151 cilicium.

132 2191 180 2258 uit,
204 2185 280 2242 illum
307 2184 439 2255 ditinum,
465 2199 548 2256 quem
570 2199 665 2240 rursus
694 2190 722 2241 ot
735 2184 925 2255 impassibilem
1280 2180 1476 2239 CAPUTXlll.

131 2271 342 2341 subostendens,
370 2271 493 2343 abstulit,
523 2271 630 2342 etipse
658 2286 720 2327 eum
747 2287 763 2326 a
791 2272 926 2328 consortio
1017 2271 1058 2327 nd
1086 2273 1138 2328 hoc
1151 2270 1284 2343 dispicere
1298 2277 1433 2340 superest,
1449 2269 1636 2344 principalitas
1659 2272 1706 2329 ubi
1732 2271 1778 2343 eit,

131 2366 239 2422 animae.
256 2362 323 2421 Cum
337 2361 408 2417 enim
432 2361 550 2416 enimam
573 2359 728 2432 passibilem
752 2366 857 2417 constet
879 2375 927 2418 eo-
981 2359 1076 2428 idest,
1101 2361 1148 2432 εει
1175 2359 1201 2400 55
1217 2358 1261 2416 εει
1275 2368 1386 2432 praecst,
1399 2367 1429 2416 ut
1443 2360 1521 2429 cujus
1535 2360 1720 2432 principalitas
1731 2377 1780 2434 ap-

133 2470 194 2510 rum
207 2467 269 2525 quie
283 2449 376 2508 sortita
391 2459 431 2506 est
453 2447 509 2518 pati
522 2467 529 2517 ;
544 2455 590 2506 εει
610 2464 659 2521 per
672 2447 792 2504 animum
816 2458 843 2507 ει
865 2466 926 2507 cum
980 2448 1112 2522 paruerit,
1141 2449 1185 2505 illa
1210 2449 1245 2506 sit
1273 2448 1432 2505 substantie
1463 2464 1572 2515 messa3
1587 2449 1615 2505 id
1628 2458 1718 2508 eutem
1734 2450 1780 2508 cui

132 2541 223 2599 enimc
238 2541 362 2611 patietur,
384 2537 408 2594 ει
423 2544 549 2594 concreta
573 2544 615 2593 εει
636 2536 727 2594 enimc
750 2537 814 2609 (non
838 2547 928 2611 potest
981 2553 1069 2595 messe
1092 2536 1249 2595 substantiae
1271 2539 1379 2609 praeerit
1406 2536 1524 2595 ειιιειεεε
1557 2539 1678 2595 naturale
1714 2539 1779 2597 eub-

131 2631 238 2688 enimus
251 2626 427 2700 impassibilis
441 2626 563 2698 induci);
580 2627 661 2684 antei
675 2642 729 2683 non
743 2643 793 2699 per
806 2627 926 2684 εειιεειε
980 2628 1085 2686 stentiae
1099 2626 1254 2699 deputetur.
1268 2626 1425 2695 Enimvero,
1442 2625 1572 2698 quianon
1586 2627 1685 2683 animae
1703 2627 1779 2684 debit

132 2735 258 2778 neceum
277 2717 367 2774 animo
390 2715 506 2788 patietur
527 2716 627 2783 anime,
646 2731 701 2772 non
725 2716 778 2772 erit
801 2727 928 2775 concreta
981 2733 1114 2775 sommam
1142 2731 1261 2782 omnem,
1288 2716 1367 2785 cujus
1408 2715 1517 2772 nornine
1554 2715 1636 2774 totius
1663 2717 1780 2774 bominis

133 2809 182 2875 illi,
198 2825 260 2866 cum
273 2821 329 2879 quo
345 2805 422 2871 nibil,
438 2812 466 2862 ει
478 2804 525 2879 εει
547 2804 613 2860 nibil
629 2804 730 2877 patitur
743 2807 777 2863 el.
802 2807 885 2864 Porro
905 2806 927 2864 si
982 2805 1083 2863 mentio
1109 2806 1215 2862 titulata
1228 2805 1294 2860 εειι
1318 2803 1437 2870 Quantas
1452 2804 1558 2860 enimes
1580 2819 1674 2878 pasco.
1687 2807 1725 2862 eit
1738 2805 1780 2863 di·

132 2899 197 2956 nibil
213 2896 350 2971 perillum
364 2903 392 2952 et
407 2909 472 2952 cnm
486 2894 535 2952 illo
549 2894 639 2950 anima
656 2894 781 2965 patietur,
805 2897 862 2967 jem
875 2911 926 2953 nec
979 2912 1028 2954 ees
1043 2899 1111 2970 (81),
1136 2912 1193 2954 non
1217 2896 1341 2961 εειειοες
1358 2902 1385 2951 ει
1399 2894 1504 2951 enimes
1518 2895 1608 2952 saluae
1634 2904 1712 2969 optet
1728 2911 1779 2969 gu-

132 2988 242 3053 eentiet,
267 3001 318 3043 nec
341 2983 439 3056 sapiet,
463 2998 513 3039 nec
536 2983 687 3040 movebitur
709 2999 758 3057 per
787 2985 873 3051 illum,
898 2994 928 3041 ut
943 2966 964 3044 8
981 2986 1117 3053 bernator,
1138 3001 1192 3042 uon
1215 2984 1339 3050 animos;
1355 2992 1383 3041 ει
1408 2984 1524 3041 rusticus
1548 2983 1576 3040 in
1592 2999 1690 3058 opere,
1705 2993 1732 3043 et
1751 2985 1779 3042 in

820 3094 917 3156 Varie
937 3096 1092 3158 lectiones.

167 3193 189 3231 ⁵¹
204 3192 238 3248 Et
252 3198 338 3249 matre
352 3191 433 3263 ιννοιᾳ
444 3192 528 3246 Fron.
545 3191 626 3247 Pom.
641 3165 736 3264 ιἰρρήνῃ
752 3193 819 3249 Por.
834 3192 888 3248 alii
901 3190 999 3263 ερεμια.
1017 3193 1041 3229 ⁵²
1056 3190 1145 3260 Quam
1167 3193 1226 3264 Rip.
1251 3192 1344 3248 Venet.
1361 3191 1386 3230 ⁵⁵
1400 3191 1533 3273 Damnare
1549 3190 1587 3247 ut.
1604 3190 1629 3230 ⁵⁴
1643 3192 1714 3249 Cum
1726 3207 1778 3276 qua

131 3265 207 3410 ιιιίιῑιὲιι,
214 3263 306 3393 ιεθιηεθεει
318 3264 383 3319 nihil
400 3261 500 3335 patitur
520 3265 604 3320 lion.
620 3278 682 3319 cum
706 3277 761 3334 quc
781 3262 848 3317 nilril
863 3271 890 3319 et
902 3279 948 3334 pet
962 3278 1044 3335 qoem
1059 3263 1125 3320 nibil
1139 3263 1242 3334 petitur
1255 3264 1324 3320 lon.
1339 3264 1364 3302 55
1379 3263 1544 3320 Substantias
1563 3265 1650 3323 Frate.
1665 3262 1692 3305 ⁵⁵
1705 3262 1778 3335 Quttl

827 3420 1085 3489 Commentarius.

169 3524 224 3596 (73)
241 3523 302 3579 Sive
316 3537 397 3577 oecos
412 3525 463 3585 eet,
478 3512 534 3581 νοις
558 3518 635 3645 “fud
652 3520 767 3577 Graecos.
784 3518 852 3575 Cum
871 3521 928 3577 aui·
981 3521 1049 3578 illud
1071 3529 1176 3578 maneat
1203 3522 1274 3594 quod
1294 3529 1379 3595 reget.
1398 3521 1518 3593 »Neque
1543 3529 1585 3577 εει
1605 3522 1677 3594 quod
1692 3522 1779 3580 obstet

132 3611 194 3650 mus
211 3594 307 3650 Graece
340 3592 379 3647 uti
403 3598 474 3648 recte
497 3591 542 3646 hic

133 3667 246 3722 Grecos
259 3633 374 3728 dicetur,
389 3661 478 3717 anime
491 3675 555 3719 uero
569 3661 646 3734 (εχει,
671 3675 726 3716 non
748 3675 861 3732 possum
876 3663 928 3719 rllis
981 3672 1102 3733 tumeat,
1127 3665 1199 3746 apud
1225 3680 1289 3720 enm
1311 3671 1366 3718 νοῦν
1395 3673 1422 3722 ει
1454 3664 1532 3737 ψυχὴν
1555 3663 1709 3738 frequenter
1729 3681 1778 3737 pro

132 3734 275 3798 assentire,
290 3740 319 3789 ut
333 3733 386 3787 boc
398 3731 487 3787 obiter
497 3731 633 3800 ednotcm,
649 3732 695 3804 qui
719 3731 796 3787 libris
819 3733 927 3792 Aristo·
981 3736 1078 3792 iisdem
1092 3736 1188 3808 accipi.
1198 3736 1271 3792 Pete.

132 3805 193 3861 telis
217 3804 274 3875 περι
288 3807 444 3883 racemate,
461 3801 570 3858 titulum
592 3802 665 3867 dant,
687 3805 726 3860 De
749 3805 927 3871 autemnon
1015 3808 1075 3880 (76)
1091 3808 1222 3876 Quamvis
1243 3807 1424 3885 Anoecooroe
1440 3808 1711 3868 turboteseotcnn‘o
1723 3812 1775 3867 est.

135 3879 171 3933 lie
186 3877 296 3941 animo,
312 3880 350 3927 utt
364 3873 504 3943 uulgatum
518 3881 568 3929 cst.
585 3872 654 3930 Pru.
979 3877 1155 3949 dnuagoras
1178 3878 1361 3935 Clazomenius
1377 3879 1494 3935 Thaletis
1517 3879 1613 3936 Milesii
1630 3879 1680 3936 tuit
1694 3893 1777 3938 secte·

169 3945 227 4017 (14)
241 3945 293 4013 Qui
302 3945 389 4000 etiam
402 3943 600 4001 uniuersitatis
616 3950 683 4003 mot.
699 3945 830 4001 animem
837 3945 927 4003 decer·
980 3957 1030 4015 tor,
1045 3949 1165 4022 dixitque
1189 3950 1276 4006 Deum
1299 3965 1374 4005 essse
1401 3958 1517 4006 mentem
1530 3949 1672 4019 inlinitum,
1686 3967 1749 4024 quae
1762 3967 1778 4006 ε

131 4020 220 4073 nunt.
230 4013 384 4086 lntelliqere
393 4013 500 4071 videtur
509 4014 658 4082 Thaletem,
669 4015 725 4088 qui,
736 4015 847 4072 Aristot.
859 4023 927 4072 teste
978 4036 1009 4076 se
1030 4021 1091 4093 ipsa
1112 4031 1244 4087 innector,
1262 4021 1438 4091 divinumque
1457 4023 1579 4079 animum
1605 4038 1697 4080 rerum
1715 4039 1777 4080 om·

131 4088 161 4159 (ι.
176 4104 185 4142 t
198 4088 231 4143 dc
246 4088 356 4152 enimc,
373 4101 397 4141 c.
417 4085 457 4156 t),
473 4091 558 4143 totum
575 4086 729 4146 universum
744 4086 850 4144 dicebat
864 4088 926 4143 aui·
979 4091 1219 4149 niumeiiectorem
1233 4109 1301 4150 esse.
1318 4092 1357 4148 Lu
1370 4093 1420 4148 Pn.

131 4167 244 4228 matum,
259 4165 286 4214 et
299 4156 414 4239 animam
429 4157 488 4238 ειεε
509 4158 605 4215 Deum.
629 4159 695 4215 item
719 4159 864 4225 Zenonem,
879 4158 926 4231 qui
1015 4166 1072 4234 (17)
1091 4165 1289 4222 &adversitatis
1303 4164 1434 4222 oscillent
1446 4164 1479 4220 dc
1497 4165 1578 4222 illios
1592 4180 1647 4223 nec
1659 4181 1776 4241 suspen·

131 4231 182 4302 (uti
194 4231 252 4300 ipse
265 4229 368 4285 Auctor
381 4235 470 4298 tuqurt
487 4228 508 4282 A
531 4232 600 4300 ειεε.
621 4244 646 4285 c.
663 4231 708 4299 21)
728 4232 925 4301 factitatorem
979 4235 1057 4293 dens.
1072 4236 1113 4291 De
1127 4237 1178 4292 lrac
1192 4235 1285 4308 pbrasi
1296 4235 1359 4292 vide
1374 4252 1456 4308 supra
1470 4236 1490 4293 1.
1501 4236 1644 4303 άεΡειιιε,
1655 4252 1681 4295 c.
1698 4240 1724 4304 1,
1743 4237 1778 4293 ad

130 4301 329 4359 conversatoine
344 4246 564 4382 ἀειενιειεεῖει,
581 4305 608 4359 ει
622 4303 711 4382 Deum
721 4304 855 4383 anserici
865 4303 927 4359 oni·
978 4306 1045 4362 illud
1061 4326 1093 4362 :e
1111 4308 1140 4362 ln
1156 4307 1279 4363 oscillum
1293 4306 1407 4378 penduli
1420 4306 1547 4378 impetus.
1565 4327 1576 4358 e
1597 4309 1669 4366 Pttut.

129 4390 209 4430 mam
226 4373 313 4430 tonia.
329 4374 463 4441 atquibus
480 4385 560 4426 ettam
575 4388 630 4428 non
644 4373 819 4429 dissentiebat
828 4374 924 4443 Pytlra·
1016 4378 1074 4450 (te)
1088 4381 1142 4435 lloc
1157 4380 1418 4436 etiomdrt'stotcles
1432 4377 1777 4437 denotavtnttttudttbauu

130 4459 219 4571 fferas,
234 4443 292 4516 qui,
308 4442 427 4498 baetaut.
444 4448 513 4499 teste
527 4442 555 4515 (1.
572 4459 594 4513 ι,
609 4458 635 4508 ε,
650 4445 687 4510 ὅ),
704 4444 791 4500 Deum
806 4444 923 4500 animum
940 4405 963 4483 υ
979 4448 1059 4505 dnbio
1086 4450 1119 4505 ed
1140 4449 1252 4505 Aristot.
1269 4450 1287 4503 l.
1303 4466 1313 4505 r
1327 4451 1360 4505 de
1392 4451 1504 4506 anterio.
1533 4450 1777 4517 ε.8,ε1)ιιιε(1εει

595 3590 752 3646 crtullienus
778 3595 832 3651 νοῦς
855 3592 928 3673 apud
981 3596 1087 3650 coimoe
1104 3593 1209 3651 mendi
1221 3592 1368 3666 appellatio
1382 3594 1456 3666 apud
1471 3593 1625 3662 Platonem;
1642 3593 1706 3666 quie
1718 3610 1778 3653 eer-

149 4514 244 4580 icebnt,
260 4514 307 4585 qui
322 4529 371 4585 per
384 4513 525 4570 universes
539 4514 634 4569 mundi
655 4522 744 4584 partes
762 4530 924 4587 omnemque
978 4537 1048 4592 pene
1062 4521 1151 4577 verbis
1164 4521 1329 4593 Anaxagorae
1344 4521 1504 4578 sententiam
1516 4521 1635 4580 deducit.
1652 4523 1724 4581 Pete.

130 4594 252 4642 naturam
271 4600 425 4642 commeans
448 4593 530 4656 etque
545 4585 677 4656 dillusns;
704 4600 738 4640 ex
756 4601 810 4658 quo
832 4586 923 4642 omnia
1013 4590 1071 4663 (79)
1097 4592 1168 4648 itata
1187 4596 1215 4646 et
1230 4608 1325 4648 sensus
1342 4593 1493 4665 passiones,
1518 4600 1569 4649 etc.
1592 4592 1680 4649 Habet
1705 4593 1776 4649 istud

129 4673 190 4729 quae
217 4667 365 4714 naseuntur
388 4657 517 4713 animalia
542 4656 625 4714 eitam
653 4655 769 4737 capient.
784 4657 833 4738 'Et
858 4672 922 4715 vcro
976 4661 1046 4719 idem
1062 4663 1221 4720 Aristoteles
1235 4663 1281 4717 lib.
1294 4664 1328 4718 de
1348 4667 1445 4720 animo
1460 4679 1518 4736 cap.
1531 4667 1565 4720 5:
1593 4686 1604 4716 e
1620 4665 1662 4720 Fit
1676 4662 1776 4746 itaque,

129 4729 295 4795 Aristotelis,
319 4728 447 4795 Thaletis,
472 4731 651 4801 Anaxagorae,
675 4728 817 4800 Diogenis,
839 4728 923 4785 llere·
977 4734 1075 4805 inquit,
1092 4749 1263 4789 sensuseum
1286 4744 1407 4792 movetur
1426 4735 1620 4807 atquepatitur
1651 4734 1688 4791 ali
1708 4736 1775 4800 unda

129 4800 196 4867 oliti,
210 4799 376 4856 Alcmeonis
391 4798 491 4854 similos
514 4799 658 4869 opiniones
680 4807 803 4856 recenset
820 4801 850 4870 (l.
867 4800 923 4858 rdc
978 4806 1038 4886 ipse
1052 4820 1150 4860 sensus
1164 4805 1288 4861 alteratio
1312 4806 1436 4877 quaedam
1460 4822 1520 4862 esse
1534 4806 1649 4864 videtur.
1668 4828 1681 4859 u
1723 4806 1776 4863 uod

128 4873 223 4928 Artem.
240 4871 405 4941 ε.8).1ἐιι.
977 4893 1000 4932 st
1033 4892 1129 4933 verum
1156 4886 1207 4947 est,
1236 4875 1322 4949 inquit
1352 4878 1464 4944 Auctor,
1498 4893 1560 4934 cttm
1576 4878 1643 4934 uiuit
1660 4877 1777 4936 istorum

164 4941 222 5013 (tc)
237 4942 322 5022 ltlom
335 4942 423 5020 Deum
438 4942 572 5022 Socratis.
588 4939 667 5010 Quod
682 4940 755 4999 Plato
770 4943 873 5000 debeo
888 4959 922 4998 er
977 4947 1066 5003 anime
1079 4947 1197 5019 patiatur
1212 4947 1270 5005 sine
1291 4947 1391 5013 animo,
1418 4949 1475 5018 jem
1499 4965 1527 5005 er
1548 4964 1565 5006 o
1583 4949 1777 5020 passibilieest

129 5021 263 5069 sententie
277 5012 396 5091 Socratis
420 5014 537 5082 scripsit,
561 5027 615 5068 nen
632 5013 712 5069 modo
737 5015 846 5083 Αεειοε,
875 5013 922 5070 sed
977 5019 1094 5088 animos,
1111 5027 1297 5103 contraquam
1312 5021 1395 5076 sentit
1414 4966 1584 5076 Αιιειοιε1εε.
1597 5021 1668 5076 Pete.

129 5083 210 5164 etiem
225 5082 254 5136 B.
268 5081 395 5164 'tustinus
419 5089 462 5164 (ιιι
489 5084 616 5163 ᾼεειεε.)
640 5085 743 5165 Socrati
765 5085 873 5156 tribute
895 5093 923 5140 at
1012 5092 1069 5158 (8⁰)
1080 5091 1110 5147 Si
1123 5090 1254 5148 discretio
1269 5089 1443 5147 admittetur.
1473 5091 1649 5148 Proiernntur
1675 5108 1773 5151 eornm

128 5153 224 5222 rlle,1n
243 5155 354 5219 Timaeo,
370 5153 573 5209 Joursaurmem
599 5170 645 5223 per
668 5171 823 5213 universum
840 5173 921 5213 mun·
976 5161 1106 5231 deinceps
1130 5164 1249 5217 rationes
1276 5162 1322 5230 qui
1345 5162 1464 5217 animum
1483 5170 1511 5218 et
1536 5163 1653 5220 animem
1673 5164 1777 5221 disem-

128 5225 195 5281 dum
210 5223 339 5281 dillusem
350 5224 431 5306 etiam
446 5225 546 5292 sentit;
566 5241 645 5296 quem
669 5226 757 5297 ipsum
783 5234 921 5300 parantem
977 5248 1042 5305 pere
1055 5248 1086 5289 ac
1100 5231 1209 5289 dillerrc
1225 5232 1317 5289 dicunt
1334 5250 1340 5290 :
1362 5234 1411 5289 lias
1424 5233 1504 5290 hebet
1527 5243 1554 5290 et
1566 5234 1697 5308 proponit
1707 5235 1779 5293 lec·

128 5307 155 5355 et
170 5295 296 5370 opificem
312 5311 499 5352 universorum
515 5297 625 5354 inventu
644 5297 779 5355 dillicilem
795 5314 921 5371 pronun·
975 5306 1083 5372 tentius,
1100 5304 1147 5374 lib,
1164 5306 1208 5368 18,
1223 5304 1258 5359 de
1273 5305 1344 5377 Opis.
1362 5305 1418 5361 lici.
1432 5305 1481 5362 Lu.
1497 5306 1546 5361 Pu.

128 5367 203 5426 tinuit
218 5384 225 5423 τ
241 5368 466 5440 quemadmodum
481 5369 510 5423 B.
525 5368 693 5440 Augustinus
708 5369 788 5426 citato
802 5370 849 5428 lib.
873 5385 921 5425 xrtr
1011 5374 1069 5446 (18)
1094 5377 1222 5445 Quantos
1235 5376 1348 5432 animos
1361 5393 1454 5450 pasco,
1484 5378 1526 5433 uit
1539 5377 1624 5435 dives.
1640 5378 1718 5436 Istud
1746 5394 1778 5435 ex

128 5440 258 5521 dedicit.
275 5440 335 5506 lici,
351 5456 375 5497 c.
392 5440 438 5494 l'i.
454 5438 515 5507 Quo
533 5439 615 5497 etiarn
634 5441 751 5522 pertinet
772 5439 838 5496 illud
853 5440 921 5521 ,Λε-
975 5446 1063 5503 Ριεειι
1080 5448 1175 5513 Pluto,
1188 5454 1235 5504 aut
1253 5447 1305 5504 elin
1332 5447 1458 5518 quopiam
1473 5448 1586 5531 comico,
1603 5449 1779 5524 desumptum

127 5518 210 5567 ctorrs
224 5526 305 5583 snpra
319 5511 432 5583 Apulae.
448 5528 474 5568 c.
495 5513 529 5567 tt
545 5530 552 5568 z
571 5534 583 5564 e
604 5511 733 5591 Platonici
751 5512 838 5568 Deum
852 5520 922 5568 intre
974 5525 1026 5574 εει.
1047 5519 1077 5574 ln
1098 5533 1130 5575 en
1162 5528 1252 5574 eutem
1280 5521 1351 5591 qood
1389 5520 1465 5576 addit
1499 5537 1507 5576 ε
1540 5536 1657 5577 animem
1684 5538 1778 5604 egeo,

127 5583 257 5639 nrnndum
273 5583 418 5654 collocem,
438 5582 485 5657 qui
500 5584 690 5658 gubernetons
713 5583 837 5657 exemplo
851 5582 921 5641 intre
974 5589 1080 5650 ridetur
1093 5588 1192 5648 imitari
1207 5589 1375 5657 Ciceronem,
1391 5588 1411 5655 l,
1429 5596 1456 5661 t,
1474 5591 1583 5650 luccat.
1599 5602 1711 5663 quaest,
1731 5595 1779 5652 εει
