3840 6134
97 332 149 398 117
828 330 872 394 1111
899 328 1045 395 aaroni.
1696 331 1748 395 118

92 461 204 524 amisisti
222 461 377 522 libertatem
400 461 509 533 Christi,
525 479 605 539 quam
626 471 705 538 putas
724 463 893 524 servitutem.
910 474 933 556 Α
1246 461 1357 520 CAPUT
1375 460 1448 520 le.

92 555 231 629 Numquid
247 562 276 612 et
289 556 447 630 agonistica
457 557 896 634 causaedisputabunturlat,quis
984 551 1071 610 'fanto
1084 553 1160 611 abest
1182 562 1213 611 ut
1235 554 1381 625 capitisue
1401 572 1501 614 munus
1520 557 1616 618 inferat
1628 559 1746 621 idolola-

93 646 183 701 statim
196 644 268 703 tituli
283 645 328 702 sui
346 646 498 703 damnant?
514 656 542 705 et
556 664 645 706 sacras
660 658 685 706 11
701 647 830 707 funebres
843 649 897 706 soi·
950 641 1157 716 1111198110
1170 647 1225 716 jani
1247 645 1363 703 dixerim
1379 646 1496 715 Christo,
1511 649 1645 721 siquidem
1665 660 1747 722 caput

93 729 168 794 licet,
190 730 243 785 boc
264 730 337 786 enim
361 740 486 803 superest
512 742 541 789 ut
565 733 708 807 Olympius
726 735 844 806 Jupiter,
869 742 898 792 et
949 734 1134 794 viriCbristus
1149 743 1190 791 est
1205 736 1231 807 (1
1244 738 1305 795 Cor.
1321 751 1362 806 xi,
1375 737 1412 805 3),
1428 745 1481 793 tam
1497 736 1613 794 liberum
1627 756 1706 811 quam
1719 750 1746 798 et

93 819 222 876 Nemaeus
233 818 380 889 Hercules,
395 829 422 877 et
434 821 557 878 misellus
566 819 622 879 91
634 822 894 895 Archemorusllo),
949 825 1072 883 Christos
1092 841 1100 883 ε
1118 819 1164 880 'ne
1176 823 1328 883 velamento
1347 825 1456 898 quidem
1472 826 1628 895 obnoxium,
1645 829 1746 884 nedum

94 918 120 963 et
133 907 274 964 Antinous
287 907 382 965 infelix
396 911 455 980 111)
470 910 498 966 in
512 910 666 968 Christiano
675 917 850 982 coronentur,
865 916 897 966 ut
949 916 1141 989 obligamento.
1152 915 1237 973 Porro
1253 922 1280 971 et
1294 914 1366 987 quod
1375 915 1523 973 obnoxium
1532 926 1572 974 est
1582 917 1734 975 velamento

1738 964 1747 991 t
1848 980 1853 991 ι

94 997 150 1068 ipse
188 998 375 1066 spectaculum
413 999 469 1066 fiat,
501 1001 575 1072 quod
608 1010 731 1071 spectare
767 1001 844 1058 debet
858 1000 893 1054 ⁵⁵.

96 1087 253 1153 Universos,
294 1095 324 1143 ut
364 1089 490 1157 arbitror,
524 1106 622 1148 causas
665 1092 894 1147 enumeravimus.

92 1175 147 1231 Nec
175 1176 235 1232 nlla
259 1177 400 1235 nobiscum
426 1187 467 1236 est
487 1198 494 1234 ι
515 1196 611 1237 omnes
634 1180 739 1249 alienia,
764 1180 894 1252 profanae,

92 1265 206 1331 illicitae,
233 1266 318 1322 semel
338 1268 396 1338 jam
421 1268 449 1326 in
481 1269 641 1326 sacramenti
666 1267 810 1326 testatione
833 1269 894 1340 eje·

91 1362 168 1409 ratae.
185 1356 251 1411 llaec
265 1354 339 1411 enim
358 1365 436 1413 erant
452 1373 560 1432 pompae
578 1358 679 1415 diaboli
694 1364 721 1413 et
735 1360 894 1431 angelorum

91 1446 152 1513 ejus
167 1443 271 1511 officia,
291 1446 382 1504 saeouli
410 1449 539 1515 bonores,
559 1447 751 1516 solemnitates,
778 1449 894 1522 popula·

92 1535 196 1599 iititas,
222 1532 290 1591 falsa
310 1543 383 1604 vota,
407 1537 526 1594 bumana
554 1537 671 1609 servitia,
695 1536 788 1593 laudes
806 1553 893 1607 vana,

91 1622 189 1695 gloriae
205 1631 301 1696 turpes
311 1642 317 1682 :
329 1635 356 1682 et
369 1626 399 1681 in
410 1627 537 1683 omnibus
552 1626 611 1683 istis
625 1625 784 1692 idololatria,
797 1625 824 1681 in
836 1625 893 1682 solo

91 1727 202 1782 qnoque
226 1728 309 1768 sensu
335 1730 498 1771 coronarum
522 1714 621 1786 quibos
636 1715 727 1771 omnia
748 1714 799 1771 ista
817 1713 893 1770 redi-

948 1014 1029 1076 caput
1043 1004 1161 1072 faminae,
1175 1006 1229 1061 lioc
1248 1004 1309 1073 ipso
1325 1005 1383 1074 jam
1397 1013 1567 1076 occupatum,
1594 1021 1649 1064 non
1669 1016 1747 1066 vacat

948 1095 1029 1151 etiam
1042 1094 1240 1168 obligament03
1255 1094 1338 1151 babet
1351 1095 1513 1153 humilitatis
1528 1112 1584 1152 suae
1599 1097 1744 1155 sarcinam.

949 1184 978 1241 Si
997 1184 1069 1241 nudo
1093 1183 1180 1257 capite
1202 1184 1288 1242 videri
1311 1200 1365 1241 non
1387 1184 1468 1241 debet
1487 1193 1599 1258 propter
1622 1187 1745 1257 angelos,

949 1272 1034 1329 multo
1054 1272 1140 1344 magis
1160 1280 1303 1329 coronatos
1317 1273 1431 1330 fortasse
1446 1282 1510 1331 tunc
1524 1273 1586 1331 illos
1601 1283 1745 1333 coronatos

948 1360 1169 1421 scandalizaverit
1183 1362 1348 1435 (11)(1101.
1363 1378 1403 1432 xi,
1418 1363 1472 1435 10).
1488 1363 1559 1432 Quid
1575 1365 1648 1421 enim
1661 1372 1704 1422 est
1718 1366 1745 1423 in

948 1451 1038 1524 capite
1048 1451 1155 1507 feminae
1169 1466 1279 1517 corona,
1296 1466 1377 1521 quam
1390 1450 1486 1508 formae
1499 1453 1568 1523 lena,
1585 1469 1666 1524 quam
1676 1470 1745 1511 sum-

949 1556 993 1595 ma
1008 1540 1124 1596 lascivia
1135 1548 1209 1608 nota,
1224 1546 1344 1597 extrema
1358 1541 1466 1613 negatio
1484 1541 1663 1609 verecundiae,
1679 1558 1740 1599 con·

948 1628 1022 1686 ilatio
1045 1629 1198 1686 illecebrae‘l
1217 1630 1361 1700 Propterea
1376 1644 1428 1684 nec
1441 1629 1583 1687 ornabitur
1600 1632 1745 1701 operosius

947 1717 1043 1774 mulier
1057 1734 1090 1773 ex
1104 1716 1227 1789 Apostoli
1251 1722 1405 1786 prospectu,
1430 1725 1461 1772 ut
1474 1731 1523 1773 nec
1545 1718 1659 1775 crinium
1675 1718 1743 1775 arti-

91 1801 157 1855 mita
180 1811 256 1857 sunt.
275 1803 431 1862 Praefabitur
449 1805 557 1876 quidem
582 1804 709 1862 Claudius
736 1804 816 1861 etiam
838 1820 894 1861 101·
910 1778 932 1857 Β
947 1807 1009 1864 ficio
1024 1814 1179 1865 coronetur.
1200 1805 1253 1876 Qui
1270 1812 1361 1862 tamen
1375 1813 1402 1860 et
1428 1803 1477 1861 viri
1495 1813 1575 1877 caput
1589 1817 1638 1873 esi,
1656 1815 1683 1863 et
1702 1808 1744 1864 fe·

90 1889 145 1944 lum
168 1890 304 1948 sideribus
332 1893 403 1963 apud
424 1894 535 1951 Homeri
566 1894 683 1951 earmina
713 1907 891 1962 coronatum;

88 1989 164 2036 certe
189 1997 205 2037 a
227 1982 295 2048 Deo,
317 1992 389 2039 carte
411 1984 526 2055 homini,
547 1984 628 2057 igitur
651 1990 678 2039 et
701 1984 782 2041 bomo
801 1983 893 2055 ipseo

88 2070 148 2124 Deo
171 2072 345 2128 coronandus
376 2080 429 2130 est.
450 2074 582 2131 Ceterum
604 2072 736 2130 asaeoulo
756 2088 890 2129 coronan-

89 2169 131 2213 tur
159 2168 189 2215 et
214 2159 356 2229 lupanaria
384 2163 453 2234 (11),
478 2171 505 2218 11
533 2162 647 2233 latrinae,
665 2171 692 2218 et
720 2162 842 2234 pistrina,
866 2169 893 2218 et

87 2263 192 2313 carcer,
222 2256 250 2305 et
277 2249 367 2314 ludus,
387 2259 415 2306 et
448 2250 507 2322 ipsa
535 2253 738 2322 amphitheatra,
775 2257 802 2306 et
834 2250 893 2321 ipsa

87 2336 228 2406 spoliaria,
255 2337 378 2412 ipsaeque
404 2338 527 2399 libitiaae.
559 2338 646 2408 Quam
669 2356 745 2396 sacer
772 2349 891 2408 sanctus,

86 2441 224 2497 quamque
238 2428 372 2485 honestus
391 2429 448 2501 (13(
464 2444 496 2486 ac
511 2429 628 2485 mundus
649 2429 685 2484 sit
700 2429 807 2484 babitus
826 2428 889 2497 iste,

87 2516 140 2570 noli
154 2517 191 2572 de
210 2532 265 2573 uno
281 2520 388 2590 poetico
402 2520 482 2590 coelo,
499 2520 546 2575 sed
561 2519 595 2574 de
610 2519 692 2574 totins
711 2519 802 2574 mundi
817 2533 891 2574 com-

87 2605 198 2661 merciis
212 2607 358 2664 aestimare.
381 2608 418 2664 At
438 2609 511 2665 enim
525 2607 695 2666 Christianus
713 2623 764 2664 neo
779 2608 889 2678 ianuam

87 2709 162 2748 suam
178 2697 281 2752 laureis
295 2697 449 2769 infamabit,
465 2697 488 2753 si
510 2697 582 2755 norit
596 2707 711 2769 quantos
724 2699 789 2754 deos
808 2699 888 2755 etiam

948 1898 1027 1953 minae
1048 1896 1130 1954 facies
1154 1898 1180 1968 (1
1208 1897 1277 1953 iim.
1296 1911 1326 1962 ιι,
1352 1894 1391 1967 5),
1418 1894 1458 1953 vir
1479 1895 1604 1952 Ecclesiae
1620 1897 1742 1953 Christus

947 1987 1036 2052 lesus,
1054 1986 1134 2059 quale
1152 2000 1201 2043 oro
1227 1993 1264 2052 11,
1289 1990 1391 2041 sertum
1414 2000 1464 2054 pro
1479 1992 1593 2055 utroque
1608 2000 1674 2040 sexu
1693 2003 1743 2041 su-

947 2076 995 2130 biit
1009 2075 1122 2146 (llottb.
1137 2090 1232 2144 xxvii,
1247 2072 1312 2144 19)1
1326 2074 1365 2129 Ex
1381 2072 1467 2144 spinis
1480 2072 1612 2144 opinoret
1628 2074 1742 2143 tribulis,

946 2164 974 2220 in
990 2163 1101 2241 figuram
1116 2165 1273 2222 delictorum
1287 2178 1349 2234 quae
1363 2161 1442 2218 nobis
1457 2161 1568 2232 protulit
1592 2169 1664 2219 terra
1679 2178 1743 2219 aar·

946 2254 999 2321 nis,
1023 2255 1135 2310 abstulit
1158 2262 1246 2310 autem
1269 2252 1354 2312 virtus
1372 2252 1470 2321 crucis,
1492 2267 1599 2308 omnem
1618 2252 1743 2308 aculeum

946 2343 1039 2399 mortis
1072 2345 1099 2398 in
1125 2341 1259 2399 Dominici
1292 2342 1389 2413 capitis
1419 2341 1559 2398 tolerantia
1591 2342 1743 2399 obtundens

931 2431 1002 2502 Ι(110
1016 2447 1075 2499 ιιιι,
1096 2433 1133 2505 5).
1159 2433 1235 2490 Certe
1257 2441 1355 2504 praeter
1378 2430 1504 2505 figuram,
1528 2431 1692 2488 contumelia
1714 2430 1743 2487 in

944 2531 1072 2595 promptu
1099 2531 1150 2588 est,
1179 2532 1207 2579 et
1235 2523 1373 2596 turpitudo
1401 2528 1428 2578 et
1446 2521 1630 2592 dedecoratio,
1653 2529 1680 2576 et
1699 2521 1742 2577 liis

944 2613 1059 2684 implexa
1073 2614 1184 2682 saevitia,
1200 2630 1260 2686 quae
1278 2620 1342 2670 tunc
1364 2612 1475 2669 Domini
1497 2620 1621 2684 tempora
1634 2619 1661 2667 et
1685 2612 1739 2668 foe·

943 2703 1075 2758 daverunt
1090 2708 1117 2759 et
1140 2700 1361 2770 lancinaverunt;
1388 2701 1426 2756 uti
1451 2708 1480 2756 tu
1499 2717 1572 2758 nuno
1594 2702 1696 2768 laurea,
1712 2705 1740 2757 11

84 2784 160 2838 ostiis
175 2784 304 2842 diabolus
326 2786 471 2855 affinxerit,
485 2788 583 2843 lanum
598 2802 614 2841 a
623 2789 729 2858 janua,
753 2786 887 2842 Limenti-

86 2885 147 2925 num
161 2889 178 2927 a
195 2875 310 2941 limine,
331 2875 477 2933 Forculum
492 2878 545 2946 (11)
561 2884 590 2931 11
613 2875 727 2931 Cardam
748 2876 888 2946 alaribus

943 2796 1042 2859 mvrto,
1061 2796 1087 2844 et
1110 2787 1179 2855 olea,
1203 2795 1230 2844 et
1252 2788 1348 2844 illustri
1369 2786 1458 2860 aliqua
1481 2787 1588 2858 fronde,
1610 2796 1637 2843 et
1664 2787 1738 2860 quod

942 2877 1029 2950 magis
1047 2878 1108 2934 usui
1135 2885 1185 2945 est,
1202 2877 1364 2934 centenariis
1385 2893 1493 2949 quoque
1509 2876 1578 2932 rosis
1601 2875 1634 2931 de
1659 2875 1737 2932 horto

91 2970 117 3012 et
128 2963 296 3021 cardinibus
312 2972 338 3020 et
359 2965 431 3036 apud
446 2965 557 3023 Graeoos
575 2965 714 3036 Thyreum
733 2964 884 3036 Apollinem
940 2964 1019 3020 blidas
1036 2965 1112 3022 lectis
1130 2966 1199 3039 (16),
1223 2975 1250 3023 11
1275 2965 1335 3023 99
1362 2966 1504 3036 utriusque
1531 2965 1594 3020 liliis
1621 2965 1688 3034 (11),
1710 2972 1737 3021 11

91 3056 120 3102 11
133 3052 256 3108 Antelios
270 3054 412 3110 daemonas.
900 3031 1061 3110 eomnibus
1080 3053 1157 3112 violis
1180 3054 1326 3122 coroneris,
1351 3054 1431 3109 etiam
1455 3053 1570 3127 gemmis
1584 3049 1695 3109 forsitan
1710 3057 1737 3108 et

787 3123 882 3191 Variae
896 3127 1053 3190 lectiones.

129 3199 285 3273 aspecturi·
298 3218 349 3260 aon
367 3205 462 3264 debeat
474 3207 564 3266 iiten.

788 3277 1035 3344 Commentarius.

113 3355 151 3421 (9)
167 3357 315 3429 ltamqaia
328 3363 356 3413 et
369 3359 522 3431 aqnosti'cie
536 3374 629 3417 11111
643 3358 876 3431 disputabuntur.
935 3380 947 3409 i
973 3354 1123 3415 Centauriis
1143 3370 1252 3429 quoque
1275 3352 1345 3410 roris
1368 3358 1395 3407 et
1421 3351 1539 3433 bortomi
1563 3351 1693 3419 delectis;
1715 3374 1728 3404 i

79 3425 106 3477 ld
121 3434 163 3481 est
178 3443 294 3498 agones.
314 3431 448 3502 Numquid
467 3431 547 3485 etiam
563 3445 666 3500 agones
680 3431 707 3484 io
721 3438 878 3487 controver-
931 3444 1011 3501 quam
1035 3443 1096 3484 esse
1120 3426 1275 3483 mendosam
1295 3438 1376 3480 nemo
1403 3424 1527 3496 ambigit.
1547 3423 1639 3479 Codex
1657 3423 1730 3496 Ago-

77 3497 147 3551 siam
170 3500 290 3564 venient,
313 3501 410 3572 inquit,
430 3510 460 3557 nt
474 3503 508 3556 dc
523 3502 557 3556 iis
570 3502 649 3557 etiam
673 3504 876 3572 0011111111-
930 3499 1006 3554 bardi
1021 3501 1072 3557 bao
1092 3505 1167 3571 parte
1190 3512 1283 3554 erasus
1297 3504 1399 3552 tantum
1426 3494 1552 3560 servavit,
1572 3515 1584 3548 1
1607 3496 1639 3550 Et
1653 3496 1727 3562 quod

77 3569 149 3622 andi
164 3570 220 3623 sirit
234 3570 400 3641 Christiano,
420 3575 527 3630 aeona‘.l
547 3574 607 3630 llio.
929 3571 1048 3646 magistr
1050 3610 1118 3627 ......
1139 3570 1228 3624 narint
1242 3582 1349 3640 quoque
1372 3567 1442 3622 rosis
1463 3565 1496 3620 de
1515 3567 1593 3621 borto
1608 3566 1693 3622 lectis.
1713 3587 1724 3617 1

110 3640 350 3712 (lolfitmr'mlltis
361 3643 747 3701 Archemorusiichsmoms
757 3643 875 3718 Lycurgi
929 3644 978 3699 Cui
1000 3643 1110 3714 quidem
1142 3641 1281 3712 scriptura
1308 3638 1389 3694 fidem
1414 3637 1501 3708 potius
1528 3637 1651 3718 adbiberi
1679 3654 1726 3708 par

74 3709 320 3782 filrusaserpente
348 3716 430 3770 laesus
443 3718 532 3772 adbuc
551 3717 640 3772 infans
662 3715 752 3783 periit,
773 3731 805 3770 ex
830 3717 874 3771 in·
929 3723 979 3785 est,
1009 3730 1069 3769 cum
1098 3712 1133 3768 sit
1164 3711 1379 3768 membranarum
1411 3709 1492 3780 longe
1517 3710 1725 3766 Divionensibus

73 3783 151 3862 curia
173 3785 288 3840 nutricis
313 3802 368 3841 suae
383 3787 556 3860 Hypsipyles,
578 3801 640 3859 quie
661 3786 737 3842 illum
763 3786 788 3840 in
807 3803 873 3870 gra·
927 3784 983 3840 illis
1002 3784 1190 3841 vetustiorum.
1220 3785 1311 3852 ltaque
1335 3780 1458 3862 Rbenani
1476 3781 1657 3849 conjecturam
1681 3797 1726 3863 se·

74 3857 195 3932 minibus
217 3856 376 3928 reliquerat,
401 3867 542 3914 ostensura
564 3857 667 3914 Graecis
689 3858 873 3914 laborantibus
927 3858 1048 3929 quimur,
1082 3857 1281 3926 legendumque
1319 3852 1480 3931 arbitramur
1514 3871 1526 3901 i
1558 3850 1726 3906 centenariis

72 3927 118 3979 siti
133 3927 268 3998 [angiam
288 3929 400 3984 fonoem.
421 3928 451 3983 ln
472 3930 532 3998 ejus
556 3929 633 4001 pueri
648 3928 806 3985 memoriam
821 3945 872 3983 an·
926 3945 1037 4000 quoqne
1052 3927 1120 3983 rosis
1134 3927 1167 3983 de
1182 3928 1259 3981 borto
1274 3922 1455 4002 blidaelcctis5
1472 3942 1484 3973 1
1506 3922 1580 3992 quod
1599 3923 1632 3978 ad
1648 3931 1723 3979 vete-

74 4011 148 4050 nnns
162 4011 233 4069 agon
248 3999 452 4057 institutusest:
464 4009 491 4056 et
505 4002 569 4074 quia
583 3999 660 4071 periit
673 3999 761 4057 adbuc
775 4000 870 4070 infans,
926 4016 983 4056 rem
1007 4000 1079 4055 illam
1102 4000 1262 4068 scripturam
1287 4009 1399 4074 propius
1422 3992 1533 4049 accedit.
1551 3991 1726 4075 centenarias

73 4067 384 4139 misellumvocat,non
405 4072 541 4129 miserum.
563 4074 658 4130 Runa.
926 4080 1015 4126 antem
1048 4084 1123 4124 rosas
1153 4068 1220 4123 dixit
1247 4066 1476 4131 Tertullianus,a
1504 4070 1613 4120 centum
1642 4065 1723 4131 foliis,

109 4141 170 4207 (ll)
186 4142 325 4199 Antinous
338 4143 455 4214 infelix.
476 4145 553 4200 llnnc
567 4143 702 4199 Adrianus
719 4142 807 4198 Caesar
821 4143 871 4198 ba·
925 4140 1152 4213 quemadmodum
1180 4140 1207 4193 in
1227 4137 1410 4210 Apoloqetico,
1438 4152 1464 4204 p.
1489 4138 1518 4201 7,
1543 4137 1724 4192 centenarios

76 4208 133 4263 buit
159 4212 188 4265 in
208 4212 323 4279 deliciis,
347 4223 375 4270 et
397 4224 449 4269 tani
470 4222 562 4270 tenere
580 4213 687 4281 dilexit,
711 4221 741 4269 ut
771 4213 872 4269 abillo
927 4229 1017 4269 eoenas
1037 4227 1052 4265 a
1074 4212 1200 4266 centonis
1215 4211 1356 4272 sestertiis,
1370 4215 1396 4264 et
1416 4206 1463 4262 lib.
1481 4207 1514 4262 tle
1540 4207 1641 4273 Pollio,
1658 4224 1723 4279 pag.

73 4280 211 4338 civitatem
231 4285 339 4366 AEgppti
360 4301 392 4342 co
432 4285 565 4351 ominarit,
582 4284 628 4339 ubi
654 4295 681 4340 et
699 4301 814 4356 agonem
834 4283 872 4338 illi
929 4288 990 4355 138,
1010 4283 1175 4341 Centenarii'
1197 4279 1327 4350 ponderis
1342 4280 1441 4335 lances.
1464 4278 1724 4336 convenientissime

72 4354 222 4422 quotannis
247 4354 369 4414 instituit.
416 4373 475 4411 uam
500 4371 558 4410 rem
581 4357 608 4412 in
633 4355 736 4411 litteras
760 4357 873 4428 pulchre
927 4364 1017 4411 antem
1039 4353 1107 4409 dixit
1128 4367 1262 4408 coronam
1286 4368 1322 4408 11
1343 4351 1423 4412 rosia,
1444 4365 1505 4420 quae
1532 4350 1678 4421 spectaculi
1697 4357 1725 4405 et

72 4426 169 4480 retulit
183 4425 364 4498 Hegesippns,
385 4428 519 4484 referente
532 4427 564 4483 B.
588 4426 764 4494 llieionymo.
780 4427 871 4482 Rana.

105 4498 169 4567 (te)
187 4499 367 4554 Coronanttir
380 4501 449 4557 1110
469 4501 583 4555 onorio.
599 4498 713 4554 Videtur
722 4497 873 4568 intelligere

68 4581 188 4622 coronas
202 4568 302 4639 quibas
322 4571 391 4626 lares
414 4515 517 4642 pailet
536 4569 579 4625 vel
595 4571 691 4643 privati
706 4569 733 4625 in
759 4568 873 4641 singulis

67 4639 200 4760 flnmibos
222 4642 432 4762 ¹qoronabantur,
447 4651 529 4713 atque
552 4641 622 4697 adeo
637 4650 664 4697 et
688 4642 715 4697 in
731 4639 871 4711 lupanari·

88 4726 130 4773 os,
147 4719 202 4767 etc.
243 4724 292 4768 Ati.

104 4784 168 4851 (tlt)
193 4784 282 4850 011111
305 4786 539 4852 accenseamus,
564 4799 703 4856 quamque
726 4783 869 4840 honestas.

67 4851 160 4909 Placet
183 4852 287 4909 codicis
305 4854 476 4910 Divionensis
490 4854 651 4924 Scriptura:
676 4856 766 4924 Quam
790 4868 872 4912 sacer

927 4426 1055 4498 spiraculi
1079 4440 1121 4480 res
1144 4432 1194 4488 est,
1218 4422 1270 4475 boc
1288 4429 1338 4487 est,
1364 4420 1457 4476 oculos
1483 4420 1574 4476 colore
1592 4430 1619 4477 et
1645 4437 1724 4476 nares

927 4500 1011 4554 odore
1034 4495 1159 4564 delectat,
1177 4491 1261 4563 magis
1285 4491 1345 4546 usui
1368 4504 1440 4558 esse,
1466 4490 1596 4560 quamde
1622 4490 1725 4556 laurea,

927 4577 1027 4641 myrto,
1051 4568 1119 4638 olea,
1146 4576 1192 4622 aut
1215 4561 1310 4636 quavis
1334 4559 1387 4615 alia
1410 4561 1506 4616 illustri
1531 4559 1637 4627 fronde,
1662 4577 1724 4630 quaa

926 4641 1019 4697 oculos
1033 4647 1135 4695 tantum
1151 4636 1250 4710 pascit.
1269 4634 1330 4689 lita.
1629 4697 1635 4708 ·

963 4712 1019 4779 (17)
1044 4713 1079 4766 Et
1106 4710 1233 4780 atrisque
1259 4705 1341 4761 111111.
1361 4701 1440 4757 Albis
1458 4706 1484 4755 11
1507 4714 1662 4780 purpureis.
1684 4699 1724 4755 111

925 4782 1024 4854 quibus
1034 4787 1097 4836 snut
1105 4781 1175 4849 apud
1184 4777 1310 4836 Ovidium
1319 4790 1417 4832 versus
1428 4773 1558 4844 praeclaii,
1569 4771 1679 4829 blatam.
1692 4788 1721 4841 x,

927 4854 971 4909 ubi
990 4854 1025 4909 de
1043 4851 1219 4925 Hyacintlio:

67 4931 252 4995 1011111111,
273 4941 356 4997 qiiam
371 4926 514 4990 1101111101,
527 4934 580 4982 111.
596 4925 658 4980 llio.

101 4997 165 5063 (11)
185 4997 346 5053 Forculum.
370 4995 432 5061 Alii,
450 4998 628 5054 Forecalttm.
648 4997 710 5052 llio.

102 5071 166 5136 (151
184 5067 272 5123 111110
295 5068 385 5140 rnaqis
404 5072 553 5126 coronatos
572 5071 693 5139 fortasse
713 5072 783 5124 tanc
806 5069 870 5125 illos

68 5143 220 5216 coronatos
235 5138 484 5196 scandalizaverit.
495 5141 596 5195 Alludit
607 5142 639 5194 ad
655 5138 872 5212 vigintiquatuor

69 5210 127 5266 illos
152 5210 280 5266 seniores
301 5212 410 5265 coronis
432 5211 521 5266 aureis
541 5220 697 5276 coronatos,
717 5211 817 5282 Apoc.,
833 5227 869 5277 iv,

69 5281 93 5336 l.
109 5282 138 5336 Si
155 5281 235 5336 nudo
251 5280 337 5351 capite
356 5280 453 5337 mulier
471 5281 634 5338 scandalizat
652 5282 774 5354 angelos,
800 5281 871 5336 mul-
925 5280 1018 5351 ltaque
1030 5279 1088 5334 lilia
1103 5294 1238 5352 purpurea
1253 5285 1340 5348 poetae
1359 5283 1421 5332 nata
1440 5275 1474 5331 de
1492 5291 1589 5332 cruore
1602 5275 1722 5347 Hyacin-

70 5358 95 5404 to
109 5354 200 5426 magis
213 5351 305 5423 eapite
326 5362 455 5409 coronato
474 5352 696 5410 scandalizaverit
709 5352 770 5411 illos
783 5354 872 5410 senio·
926 5350 965 5405 tbi
979 5351 1133 5407 fabulantur
1153 5368 1160 5404 i
1176 5357 1308 5420 praeterea
1323 5363 1388 5404 vero
1406 5348 1494 5403 luctus
1510 5357 1536 5403 et
1549 5347 1720 5425 querelarum

70 5437 108 5477 res
118 5432 279 5480 coronatos.
290 5423 354 5479 llio.
925 5421 1055 5495 inscripta
1077 5422 1187 5493 syllabis
1201 5437 1239 5487 iii,
1264 5435 1302 5475 iii.
1327 5419 1407 5489 Quod
1422 5428 1510 5474 autem
1531 5419 1613 5488 vulqo
1637 5418 1719 5472 tradi·

1095 5018 1225 5083 Tyrioque
1238 5015 1357 5068 nitentior
1373 5022 1442 5066 ostro

987 5082 1044 5134 Flos
1061 5082 1149 5143 oritur,
1166 5083 1322 5145 formamque
1337 5077 1405 5143 capit
1418 5091 1494 5144 quain
1508 5076 1572 5142 lilia,
1587 5077 1610 5128 si
1625 5092 1676 5130 nori

987 5145 1131 5211 Purpureus
1146 5145 1215 5196 color
1229 5144 1280 5205 bis,
1297 5149 1429 5206 argenteus
1445 5150 1512 5192 esset
1527 5142 1555 5192 in
1570 5140 1631 5194 illis.

101 5498 161 5565 (16)
174 5497 208 5551 El
219 5494 393 5568 quodmaqt’s
401 5494 467 5552 ussi
476 5501 518 5553 111
528 5497 704 5553 centenariis
714 5514 818 5623 qaoque
829 5514 871 5554 ro·
926 5501 978 5558 tur,
995 5509 1027 5550 ea
1040 5493 1095 5549 lilia
1114 5491 1261 5567 significari
1283 5491 1426 5547 notissimo
1441 5490 1488 5544 illo
1504 5487 1619 5567 Virgilii,
1629 5502 1718 5551 versu,

73 5582 104 5619 in
127 5569 162 5625 de
193 5568 276 5626 borlo
310 5567 390 5622 1111111
418 5568 506 5624 tectis.
535 5568 624 5624 Prima
642 5567 725 5624 editio
749 5570 770 5624 li
793 5568 872 5625 anani
925 5567 975 5622 Dic
990 5565 1134 5639 quibuain
1150 5567 1243 5632 terris,
1258 5571 1311 5628 etc,
1328 5564 1377 5617 boc
1401 5561 1582 5640 falsumesse,
1597 5573 1620 5640 si
1636 5563 1721 5611 tantu-

10 5660 15 5695 :
75 5640 235 5712 scripturam
271 5637 377 5696 codicis
414 5637 586 5700 Divionensis
625 5640 828 5714 repraesentavit
863 5657 870 5696 ε
925 5637 982 5694 lum
1001 5636 1107 5711 digredi
1130 5636 1218 5702 liccat,
1242 5631 1498 5690 demonstrabimus.
1514 5627 1615 5697 Quidni
1629 5635 1720 5685 autem
