3840 6134
136 270 191 333 897

665 262 762 325 LIBER
782 262 824 323 DE
847 260 1115 326 RESURRECTIONE
1135 265 1262 328 uthuts.

1737 272 1790 334 898

128 413 212 473 quam
227 396 337 454 nolebat
350 388 534 451 seortdert
554 388 720 460 rescindere,
736 364 824 446 'tidem
843 403 934 445 resur·
953 354 1100 488 stasilium
1128 391 1235 458 anime,
1258 391 1372 450 cadauer
1396 395 1557 453 inscribitur.
1575 397 1614 453 lta
1634 399 1789 454 vocabulum

127 485 261 545 rectionis
276 485 370 554 ntique
396 479 573 537 confirmabat
596 479 744 535 secundum
772 476 937 547 Pharisaeus,
994 477 1074 536 homo
1092 490 1276 537 consertarum
1291 483 1501 538 substantiarum
1521 487 1636 540 duarum
1655 487 1791 558 quodam·
1837 524 1838 529 η

127 591 264 649 respuens
292 579 438 644 negatores
465 569 530 638 ejus
559 568 734 625 Sadducaeos.
764 567 879 625 Proinde
912 575 940 622 et

128 664 203 738 apud
223 660 372 736 Agrippam
386 655 452 712 nihil
482 671 512 711 se
531 655 567 711 ait
595 655 729 726 prolerre,
758 656 825 712 citra
856 670 937 726 quam

127 752 270 827 prophete
310 744 529 803 annuntiassent.
569 743 643 816 Ergo
679 746 806 800 servabat
842 758 941 800 resur·

128 841 414 910 rectionemquoque,
437 833 545 905 qualem
572 833 712 904 prophete
733 832 936 890 annuntiarant.

127 931 196 988 Nam
224 926 300 985 etde
324 922 524 981 resurrectione
538 930 710 977 mortuorum
733 922 805 993 apud
826 920 938 990 lloysen

127 1020 267 1091 scriptum
298 1027 526 1079 commemorans,
551 1009 721 1081 corporalem
747 1027 806 1066 eam
840 1017 936 1080 norat3

126 1122 157 1178 in
178 1122 234 1181 qua
265 1104 369 1162 scilicet
398 1101 511 1173 sanguis
538 1101 658 1157 hominis
683 1099 788 1171 exquiri
816 1098 937 1155 habebit.

128 1197 224 1268 ltaque
239 1193 317 1249 talem
331 1188 510 1261 predicebat,
531 1186 638 1259 qualem
667 1197 695 1242 et
717 1185 848 1241 Pharisaei
874 1202 939 1242 sus·

127 1290 270 1356 ceperant,
286 1289 314 1336 et
324 1278 460 1335 Dominus
474 1278 534 1348 ipse
549 1274 718 1343 defenderat,
731 1282 759 1330 et
785 1274 937 1345 sadducei,

128 1388 165 1430 ne
177 1371 259 1427 talem
273 1382 386 1440 qnoque
420 1364 570 1431 crederent,
586 1365 614 1418 in
642 1373 728 1420 totum
755 1380 816 1420 esse
844 1365 941 1420 nolue-

130 1467 205 1517 rant.
230 1458 283 1515 Sed
320 1472 371 1513 nec
397 1454 581 1510 Athenienses
601 1452 680 1508 aliani
708 1453 897 1510 intellexerant
924 1469 940 1508 a

992 571 1073 625 modo
1101 569 1183 625 fibula
1197 579 1237 626 est
1260 571 1337 626 :sub
1356 586 1410 642 quo
1436 573 1567 628 vocabulo
1594 590 1648 629 non
1674 585 1791 646 possunt

991 671 1051 712 esse
1078 656 1131 712 nisi
1146 656 1168 694 ¹⁵
1191 658 1366 715 coherentes.
1393 660 1489 730 Porro,
1518 663 1663 732 Apostolus
1684 664 1791 723 istorio·

992 759 1050 800 rem
1072 748 1129 816 (76)
1148 746 1296 814 hominem,
1310 763 1364 804 non
1384 754 1438 804 tam
1468 747 1546 806 85¹
1577 751 1693 806 animam
1720 754 1790 823 (77),

991 850 1071 906 quam
1085 844 1204 892 mentem
1231 844 1314 909 atque
1335 837 1455 892 animum
1483 839 1597 913 intelligi
1631 842 1739 909 mavult,
1765 841 1791 896 id

992 931 1042 993 est,
1066 939 1120 980 non
1147 927 1324 982 substantiam
1351 927 1450 998 ipsam,
1466 926 1514 982 sed
1528 928 1688 985 substantie
1709 945 1792 1000 sapo-

992 1027 1060 1068 rem.
1095 1013 1233 1085 Siquidem
1265 1015 1391 1088 Ephesiis
1422 1015 1557 1086 scribens,
1582 1015 1609 1072 in
1636 1017 1792 1072 interiorem

991 1101 1129 1158 huminem
1158 1103 1279 1160 habitare
1306 1103 1445 1161 Christum
1473 1106 1544 1175 (78),
1559 1107 1684 1161 sensibus
1698 1106 1792 1176 utique

993 1191 1168 1248 intimandum
1194 1193 1218 1231 ¹¹
1249 1193 1307 1264 (79)
1321 1192 1466 1250 Dominum
1485 1193 1656 1264 significavit.
1670 1196 1793 1267 Denique

992 1281 1080 1351 junxit
1090 1283 1188 1355 (Epiros
1199 1282 1254 1354 nri:
1265 1285 1317 1338 Per
1325 1283 1420 1352 fidem,
1430 1285 1495 1338 etiu
1505 1284 1631 1341 cordibus
1642 1287 1753 1352 uestris,
1764 1291 1794 1340 et

993 1370 1145 1429 dilectione
1157 1394 1166 1430 .·
1180 1370 1261 1427 fidem
1286 1370 1395 1443 quidem
1415 1381 1442 1426 et
1460 1370 1642 1436 dilectionem,
1658 1386 1712 1427 non
1726 1372 1793 1427 sub-

993 1458 1106 1515 stantira
1129 1459 1229 1514 anime
1259 1474 1373 1531 ponens,
1401 1459 1448 1514 sed
1468 1457 1634 1528 conceptiva.
1656 1459 1687 1513 ln
1701 1458 1793 1515 cordi·

129 1551 215 1608 Paulo
239 1546 364 1621 portendi
387 1563 393 1600 :
414 1543 531 1614 denique
560 1543 722 1610 irriserant,
751 1559 806 1599 ⁰⁰¹1
834 1539 941 1598 irrisuri
997 1547 1048 1603 bus
1065 1556 1155 1604 autem
1174 1548 1348 1620 dicensque
1367 1548 1610 1604 substantivasunt
1625 1547 1723 1616 earnis,
1736 1548 1793 1618 jam

130 1639 244 1698 omnino
256 1679 264 1705 ,
277 1635 302 1693 si
322 1634 421 1691 anime
436 1633 521 1690 solius
550 1632 745 1688 restitutionem
773 1632 808 1687 ab
835 1646 867 1688 eu
894 1647 945 1687 an·
998 1645 1024 1693 et
1040 1636 1130 1706 ipsum
1143 1635 1297 1692 interiorem
1314 1635 1533 1692 hominenreami
1548 1635 1694 1709 deputavit,
1711 1652 1792 1708 quern

132 1729 238 1787 dissent
253 1744 262 1800 3
278 1722 462 1796 suscepissent
483 1720 553 1777 enim
588 1722 741 1778 vernacule
768 1737 826 1778 sue
855 1720 945 1792 philo-
961 1699 984 1778 Β
999 1723 1026 1780 in
1040 1725 1123 1783 corde
1148 1724 1295 1781 constituit.
1316 1724 1421 1794 inspice
1436 1725 1657 1795 nuncquomodo
1672 1724 1794 1780 exterio-

135 1817 240 1890 sophie
262 1811 477 1887 trequentiorum
491 1811 739 1883 presumptionem.
764 1811 799 1866 tt
821 1811 867 1868 ubi
896 1826 944 1866 nn·

143 1907 233 1965 tiones
253 1902 415 1977 preconium
444 1899 665 1966 resurrectionis,
695 1899 825 1956 inaudite
858 1908 940 1972 retro,

137 1995 202 2066 ipsa
223 1991 340 2050 novitate
365 1988 512 2056 concussit,
527 1999 553 2045 et
582 1988 665 2062 digna
692 1987 867 2045 incredulitas
903 1989 940 2044 rei

133 2090 221 2139 tante
244 2078 441 2153 questionibus
474 2077 556 2133 fidem
585 2086 711 2148 torquere
727 2077 750 2115 ¹¹
764 2077 861 2149 cepit,
880 2084 942 2133 tunc

135 2179 169 2229 et
193 2169 342 2243 Apostolus
365 2184 413 2241 per
439 2175 525 2223 totum
553 2182 625 2239 pene
649 2167 859 2225 instrumentum
884 2166 941 2238 (75)

133 2259 219 2317 fidam
233 2258 319 2329 hujus
338 2256 396 2330 spei
419 2255 595 2314 corroborare
608 2256 722 2322 curarit,
743 2264 770 2311 et
792 2269 855 2311 esse
881 2270 940 2310 eam

995 1829 1050 1869 rem
1068 1814 1178 1886 quidem
1204 1811 1338 1870 hominem
1362 1811 1499 1882 corrumpi
1521 1811 1654 1883 allegarit,
1684 1811 1794 1869 interio-

994 1918 1053 1958 rem
1070 1918 1134 1959 vero
1148 1902 1273 1959 renouari
1298 1901 1332 1957 de
1352 1901 1374 1940 ¹¹
1394 1901 1436 1956 die
1455 1915 1487 1956 ac
1499 1899 1553 1954 die.
1578 1901 1634 1955 Neu
1648 1899 1719 1956 illam
1733 1917 1796 1958 cor·

994 1993 1129 2065 ruptelam
1151 1991 1242 2049 carnis
1264 1989 1392 2057 affirmes,
1416 2004 1497 2062 quam
1529 2004 1563 2044 ex
1587 1987 1631 2044 die
1648 1989 1744 2045 mortis
1766 1991 1794 2046 in

994 2089 1153 2153 perpetuum
1182 2080 1322 2136 defectura
1348 2077 1466 2152 patiatur
1481 2094 1489 2134 ι
1504 2077 1553 2133 sed
1568 2093 1649 2149 quam
1672 2076 1699 2131 in
1715 2077 1795 2134 istius

994 2171 1056 2228 rite
1085 2170 1265 2241 sputimento
1290 2176 1417 2235 mortem,
1437 2175 1465 2223 et
1497 2183 1584 2239 nsque
1620 2166 1794 2238 admortem,

995 2258 1182 2317 vexationibus
1202 2267 1229 2314 et
1243 2257 1387 2329 pressuris,
1418 2255 1560 2313 tormentis
1585 2263 1666 2328 atque
1692 2257 1796 2327 suppli·

135 2348 294 2418 ostendens,
308 2357 335 2405 et
356 2345 475 2403 nundum
502 2354 673 2415 transactam,
695 2353 723 2401 et
737 2343 783 2415 (de
800 2359 855 2417 quo
879 2359 940 2398 ma·

140 2438 185 2514 gis
197 2435 381 2511 querebatur)
390 2433 568 2507 corporalem,
584 2442 611 2492 et
622 2433 708 2507 (quod
721 2432 835 2506 insuper
857 2431 940 2490 dubi·

994 2347 1053 2414 ciis,
1069 2347 1186 2404 nominis
1205 2362 1300 2404 caussa
1324 2346 1487 2418 experietur.
1507 2345 1577 2402 Nam
1591 2354 1617 2400 et
1632 2345 1712 2401 homo
1727 2346 1796 2402 inte-

994 2437 1050 2494 rior
1078 2436 1122 2494 hio
1145 2438 1239 2507 ntique
1268 2434 1392 2493 renovari
1415 2433 1528 2491 habebit
1555 2450 1603 2505 per
1632 2444 1795 2508 suggestum

137 2527 260 2602 sabatur)
271 2541 328 2585 aun
342 2526 418 2583 uitet
432 2526 611 2597 corporalem.
995 2527 1116 2598 spiritus,
1146 2526 1290 2598 proficiens
1305 2525 1358 2582 tide
1387 2534 1414 2582 et
1428 2524 1572 2595 disciplina
1585 2523 1620 2578 de
1645 2523 1669 2561 1¹
1692 2523 1737 2580 die
1764 2539 1797 2581 ac

445 2664 560 2722 mm,
574 2664 624 2722 XL
995 2615 1048 2688 die,
1069 2632 1123 2674 non
1143 2616 1206 2684 illie,
1224 2616 1252 2672 id
1270 2625 1321 2684 est,
1346 2629 1401 2671 non
1420 2621 1481 2685 post
1496 2611 1731 2679 resurrectionem,
1751 2611 1798 2669 ubi

455 2701 465 2722 ²
626 2704 635 2721 ⁰
995 2720 1050 2761 uon
1064 2705 1161 2776 utique
1182 2705 1215 2760 de
1244 2704 1268 2743 ¹⁹
1282 2703 1326 2759 die
1345 2718 1377 2758 sc
1390 2703 1432 2757 die
1445 2701 1569 2759 renovari
1587 2701 1729 2769 habemus,
1747 2703 1797 2759 sed

172 2791 247 2849 Nihil
267 2798 357 2848 sntun
380 2789 489 2857 mirum,
509 2788 632 2845 sieten
654 2787 741 2859 ipsius
764 2787 942 2844 instrumento
998 2793 1084 2848 semel
1109 2794 1143 2849 ad
1174 2790 1372 2848 summumne
1399 2789 1574 2861 sequentibus
1601 2787 1675 2844 disee
1696 2806 1703 2843 :
1721 2788 1798 2855 Quod

137 2891 280 2954 captentur
297 2890 466 2951 argumenta,
483 2894 544 2935 com
568 2885 691 2950 oporteat
721 2876 841 2932 hereses
864 2891 944 2943 esse;
1000 2883 1077 2940 enim
1092 2882 1266 2954 adpraesens
1282 2883 1334 2945 est,
1349 2877 1437 2950 inquit
1453 2877 1626 2951 (lidonis),
1642 2880 1799 2950 temporale
1906 2937 1909 2946 ,

141 2985 204 3041 1111ω
214 2984 274 3026 ¹³⁵0
286 2983 340 3025 ¹¹0¹
367 2975 488 3040 l¹⁰³¹¹¹¹¹¹2
508 2968 532 3022 ⁸¹
557 2982 611 3023 ¹⁰¹¹
633 2972 660 3022 ¹¹
680 2981 824 3038 P¹¹l¹¹¹¹1¹¹
852 2962 981 3065 scrip-c
998 2975 1026 3027 ct
1041 2971 1099 3028 leue
1111 2985 1251 3042 pressure
1265 2972 1381 3035 nostru,
1396 2983 1447 3040 per
1461 2981 1683 3040 superpraesum,
1702 2968 1734 3022 iu
1753 2983 1801 3023 su·

139 3066 207 3114 ture
231 3056 347 3130 intelligi
378 3065 502 3127 possent.
530 3056 623 3111 Necte
637 3054 661 3092 ¹¹
673 3053 792 3127 denique
825 3055 944 3109 hereses
995 3075 1175 3135 perpressam
1189 3056 1212 3094 ¹⁰
1226 3058 1294 3131 (66),
1318 3061 1459 3114 eternum
1472 3058 1572 3129 qlorioe
1588 3056 1698 3129 pondus
1711 3059 1799 3129 perp.

136 3146 208 3202 duos
234 3146 361 3202 homines
376 3146 410 3200 ab
424 3145 557 3217 Apostolo
587 3144 686 3214 editos,
720 3141 887 3211 interiorem,
916 3141 944 3196 id
997 3149 1053 3206 cicc
1067 3149 1097 3202 tn
1113 3146 1192 3204 nobis
1206 3145 1501 3218 ²¹,n0niutuentihus
1524 3161 1587 3219 quie
1609 3145 1754 3213 sidenem,
1770 3145 1801 3203 id

139 3245 184 3294 est
197 3233 326 3300 animam,
346 3242 373 3288 et
387 3231 559 3300 exteriorem,
575 3230 603 3287 id
620 3238 663 3286 est
676 3245 799 3296 carnem;
828 3230 945 3285 salutem
999 3241 1042 3294 esc
1054 3238 1218 3310 passionem
1232 3235 1281 3293 sed
1294 3251 1356 3308 qcoe
1368 3233 1581 3299 possidentur,
1593 3234 1623 3291 id
1639 3237 1682 3293 est
1696 3250 1802 3294 mercc-

142 3324 255 3397 quidem
284 3322 393 3389 assimaes
420 3322 448 3377 id
472 3330 514 3378 0⁸¹
545 3319 669 3377 in¹0¹¹0ri
687 3318 803 3390 1101111111,
832 3318 946 3377 &istium
1001 3325 1132 3398 deasque
1146 3323 1801 3396 euimvidentur,tcmporutiusunt;quoevero

140 3430 210 3475 vero
227 3412 311 3480 cerni,
327 3412 355 3468 id
386 3420 429 3469 est
453 3411 592 3476 exteriori,
620 3410 845 3480 adjudicatorum
860 3428 867 3478 ι
882 3408 948 3480 quis
1000 3431 1058 3473 uou
1073 3415 1217 3482 uidentur,
1234 3418 1341 3473 eterno
1350 3415 1419 3471 suut
1431 3404 1465 3468 ²².
1474 3413 1616 3467 Pressuras
1626 3411 1698 3468 anim
1715 3422 1742 3468 et
1758 3411 1803 3469 le·

143 3501 277 3574 scriptum
309 3500 345 3557 sit
371 3499 540 3557 Corinthiis:
562 3500 635 3557 Num
663 3502 716 3557 etsi
744 3499 824 3556 horem
852 3501 949 3556 noster
1001 3503 1189 3577 surasquibus
1208 3503 1388 3574 corrumpitur
1406 3501 1488 3557 homo
1503 3499 1628 3570 eatenor,
1649 3509 1675 3556 et
1689 3499 1804 3558 leveset

144 3594 274 3650 celerior
283 3592 487 3663 corrumpitur,
504 3588 552 3646 scd
566 3589 689 3646 interior
702 3592 860 3647 reuocetur
873 3590 906 3646 de
925 3587 949 3627 ¹³
1003 3593 1174 3665 temporales,
1186 3589 1507 3649 ideircocontemnendes
1519 3587 1644 3656 affirmat,
1655 3590 1804 3662 preferens

145 3681 194 3739 die
208 3680 299 3737 6¹¹¹ss·
321 3677 648 3749 Ρο110»111111111111711
667 3678 838 3750 ¹¹¹¹¹¹¹t¹³¹m
857 3678 949 3746 1101110,
1005 3683 1158 3741 mercedum
1177 3689 1347 3751 eternorum,
1366 3679 1555 3747 invisibilium,
1569 3687 1597 3736 et
1611 3678 1705 3753 glorie
1732 3696 1804 3752 pon-

145 3785 208 3843 quae
226 3769 354 3843 figmento
380 3771 437 3837 jam
451 3767 555 3822 homini
581 3768 604 3805 11
626 3768 764 3839 appellato
788 3774 881 3839 postea
904 3766 951 3824 in·
1006 3773 1066 3839 dus,
1101 3773 1130 3828 in
1156 3771 1404 3843 compensationem
1427 3768 1563 3837 laborum,
1590 3783 1659 3840 quus
1679 3768 1805 3829 biccaro

147 3866 222 3914 serta
237 3864 279 3915 est
295 3877 303 3927 ;
320 3870 371 3912 neu
383 3872 448 3912 earo
474 3856 533 3912 sine
562 3855 652 3912 anima
675 3857 768 3929 homo,
793 3871 865 3930 que,
889 3865 953 3931 post
1005 3859 1133 3933 patiendo
1152 3858 1343 3933 corrumpitur.
1365 3858 1442 3915 Adeo
1459 3871 1513 3913 non
1532 3855 1576 3913 illa
1592 3862 1635 3913 est
1656 3859 1805 3931 uonuptio,

859 3955 954 4022 Varie
970 3963 1125 4025 lectiones.

188 4063 210 4103 ¹¹
220 4062 390 4136 Extorquere
401 4061 487 4118 uben.
501 4062 586 4120 Scml.
600 4061 624 4099 ¹¹
634 4061 709 4117 Nate
721 4061 806 4118 Rhesi.
815 4061 839 4101 ¹³
847 4062 887 4120 Dc
896 4064 991 4121 omitt.
1003 4066 1065 4132 Rip.
1075 4066 1136 4122 Vcn.
1147 4063 1169 4103 ¹¹
1179 4063 1294 4120 Homine
1302 4063 1391 4122 Rhcu.
1403 4061 1491 4119 ¹⁵Nisi
1501 4061 1579 4120 obest
1590 4079 1609 4119 u
1619 4061 1709 4122 Rhesi.
1721 4062 1807 4121 ¹¹lni·

149 4135 272 4192 tiendum
287 4136 346 4206 Rip.
359 4136 422 4190 Veu.
435 4134 506 4187 11-11.
517 4136 556 4189 De
567 4134 673 4190 uhcstu
687 4135 837 4206 RbcuRiq.
849 4133 911 4193 Veu.
923 4135 1008 4193 Semi.
1019 4123 1044 4175 ¹¹
1057 4137 1087 4190 ln
1096 4151 1304 4208 supergressum
1311 4137 1406 4193 omitt.
1418 4135 1507 4191 Rhcu.
1518 4134 1604 4192 Soml.
1613 4133 1695 4190 Pom.
1706 4135 1730 4173 ¹¹
1741 4135 1807 4193 Per·

149 4206 197 4264 lici
209 4222 226 4263 a
239 4206 326 4264 Rhesi.
337 4205 420 4264 Sensi.
435 4204 459 4243 ¹¹
473 4206 541 4263 Sunt
554 4206 631 4262 uhcst
642 4206 701 4277 Rip.
716 4204 780 4262 Vere.

855 4275 1106 4342 Commentarius.

189 4358 246 4429 (76)
260 4359 315 4414 Per
334 4360 428 4413 totum
453 4371 523 4429 pene
546 4358 786 4413 instrumentum.
816 4354 846 4410 B.
875 4355 953 4412 Pauli
968 4372 991 4450 ὓ
1007 4358 1113 4426 losuptrl
1124 4356 1167 4412 vel
1186 4362 1289 4424 notant,
1306 4354 1348 4411 uel
1362 4360 1529 4435 supponunt.
1540 4353 1655 4411 Animus
1669 4354 1743 4412 enim
1757 4372 1808 4430 pro

152 4429 292 4501 Epistulas
309 4429 407 4484 indicat
434 4436 501 4486 teste
528 4430 670 4493 Rhenuno,
689 4431 715 4482 in
739 4427 836 4500 quibus
858 4428 952 4483 aalide
1007 4439 1096 4486 mente
1105 4425 1354 4498 accipitur,seilieet
1363 4431 1440 4494 prout
1450 4424 1571 4498 fungitur
1581 4425 1809 4485 intellectualibus

154 4499 365 4558 resurrectionis
391 4501 563 4572 probationes
585 4500 745 4556 afferuntur.
789 4497 873 4554 Vides
901 4502 953 4556 huc
1007 4498 1120 4571 officiis3
1137 4499 1226 4553 anima
1239 4511 1301 4554 vero
1313 4504 1392 4567 prout
1406 4505 1629 4569 corpusveqetst,
1646 4504 1674 4554 et
1687 4498 1811 4556 officinas

154 4572 184 4628 in
212 4571 298 4642 capite
334 4586 387 4627 nun
425 4571 508 4627 semel
537 4571 704 4642 Scripturem
744 4570 954 4627 instrumentum
1009 4587 1135 4630 sensnum
1176 4578 1204 4627 et
1239 4569 1423 4624 membrorum
1465 4567 1557 4623 munia
1584 4579 1720 4650 procurat.
1747 4572 1811 4628 liec

156 4643 271 4700 dixisse.
288 4642 327 4697 bn
341 4642 391 4697 Pa.
1009 4641 1140 4714 accipitur
1151 4656 1199 4712 pru
1209 4651 1304 4697 natura
1315 4649 1340 4695 et
1354 4638 1504 4694 substantia
1517 4637 1568 4707 rei,
1583 4639 1628 4694 rlle
1638 4655 1688 4712 pro
1698 4643 1812 4716 egregia

193 4716 253 4796 (76)
267 4715 353 4770 Porro
367 4713 513 4785 Apostolus
528 4715 704 4783 interiorem,
720 4720 773 4769 etc.
784 4712 900 4769 Diverso
914 4727 958 4768 ao·
1010 4715 1198 4786 dispositione.
1210 4714 1277 4779 Lac,

158 4784 225 4857 cipit
239 4783 389 4855 Apostolus
403 4784 560 4840 interiorem
574 4794 655 4858 atque
685 4784 845 4842 antenorem
868 4784 958 4841 homi·
1047 4787 1105 4856 (78)
1120 4787 1153 4842 lu
1166 4784 1333 4841 interiorem
1345 4781 1487 4838 musicem
1501 4780 1629 4838 hahitare
1654 4781 1812 4840 Christum.

161 4869 238 4920 nem,
254 4871 312 4925 cup.
328 4870 367 4910 vrr
381 4855 415 4909 ad
429 4857 509 4912 Rom.
537 4856 646 4911 ocinll
663 4856 726 4912 Cor.
744 4871 773 4912 rr
791 4873 798 4914 :
815 4871 878 4913 nam
901 4855 959 4911 illie
1013 4858 1101 4913 Etiam
1133 4857 1177 4911 hic
1198 4854 1330 4927 expressit
1346 4857 1418 4925 quod
1438 4853 1531 4909 Graeee
1546 4860 1608 4908 est:
1639 4852 1671 4912 εις
1697 4853 1735 4905 τὸν
1765 4855 1812 4908 tce

160 4925 283 4984 exterior
308 4927 389 4983 homo
416 4927 657 4998 concupiscentia,
693 4927 807 4983 interior
842 4927 960 4984 charitas
1014 4931 1144 5001 stuperes,
1165 4928 1336 4997 conjungens
1350 4924 1455 4980 iuterim
1471 4924 1537 4981 illud
1553 4923 1813 4998 sequentibus,cum

161 5009 188 5055 et
204 4995 336 5079 spiritus;
357 4997 461 5055 scilicet
488 5000 567 5055 homo
591 5000 850 5068 concupiscemus
879 5000 961 5055 homo
1014 5001 1074 5056 alie
1087 5000 1220 5055 editiones
1229 5011 1332 5065 ornnes,
1343 4997 1422 5053 etiam
1433 4995 1554 5069 Syriaca,
1564 4997 1732 5071 conjungant
1746 5013 1813 5071 pre·

162 5068 261 5141 spiritu
280 5077 438 5126 renovatus.
453 5071 488 5124 Αι
516 5069 560 5125 bic
583 5071 665 5126 horno
692 5068 811 5125 exterior
838 5079 881 5126 est
903 5071 961 5144 ipse
1015 5069 1184 5130 cedentibus.
1204 5070 1273 5126 Pttt.

164 5140 316 5215 corporalis
343 5141 426 5197 homo
453 5149 587 5213 quatenus
619 5139 911 5214 visibilis,tangibilis,
936 5148 963 5198 et
1052 5143 1110 5216 (79)
1134 5140 1343 5199 intimandum.
1372 5136 1535 5196 Vocabulum
1550 5140 1612 5211 ejus
1626 5139 1715 5197 etatis
1732 5139 1814 5216 vulqu

166 5212 284 5286 denique
297 5212 434 5268 sensibilis
443 5221 470 5269 et
481 5212 611 5284 patibilis,
625 5222 651 5270 et
665 5212 713 5284 qui
731 5211 844 5281 injurius
858 5213 962 5269 extrin·
1019 5214 1157 5283 frequens.
1172 5213 1297 5268 iutimare
1313 5227 1362 5282 pro
1376 5211 1482 5268 initium
1492 5212 1616 5269 reddere.
1631 5213 1725 5269 narn.

169 5299 247 5341 metis
284 5284 424 5356 suscipere
463 5283 572 5356 pussit3
593 5283 704 5341 interior
729 5298 803 5353 veru,
822 5292 964 5410 Rumam
1054 5286 1110 5358 (66)
1124 5288 1400 5358 Persupcrqressum
1416 5289 1448 5339 iu
1471 5300 1692 5366 superqrcssum.
1713 5285 1758 5341 Sic
1772 5283 1816 5340 le·
1908 5344 1911 5351 ,

171 5363 260 5412 mente
282 5354 413 5412 invisibili
435 5364 548 5422 constat,
571 5370 633 5427 que
656 5353 780 5429 corporis
804 5370 820 5410 a

170 5425 275 5485 fortiter
293 5436 321 5483 et
334 5427 445 5501 egregie
459 5428 583 5486 sustinet.
599 5428 665 5485 Lac.
1019 5432 1073 5486 καθ’
1099 5425 1234 5502 tripietis
1261 5425 1293 5489 ete
1311 5424 1456 5500 euspicius.
1473 5429 1518 5485 Sic
1541 5425 1619 5493 inira,
1644 5443 1677 5484 su
1697 5440 1816 5500 erquum

208 5500 348 5573 (tillitus
370 5505 432 5558 tum
455 5502 690 5576 culmumquum
708 5503 878 5559 mentemst
901 5501 966 5556 uui·
1021 5520 1055 5561 su
1075 5502 1222 5575 rupruooti
1232 5515 1330 5557 sumus
1345 5501 1420 5556 citro
1431 5501 1514 5570 uires,
1531 5497 1604 5573 quod
1619 5497 1656 5553 Pa
1686 5497 1815 5563 osuini:

170 5586 265 5645 mum,
283 5571 502 5634 stultissimae
521 5574 590 5634 inter
603 5573 719 5633 ammam
738 5579 765 5632 st
780 5572 897 5632 onmem
912 5569 969 5647 phi·
1021 5520 1414 5650 adrameriensem.
1439 5570 1501 5631 ihu.

851 5356 966 5414 ictiooes
1019 5359 1091 5432 gitur
1105 5360 1133 5413 in
1147 5355 1356 5427 exemplaribus.
1364 5356 1504 5425 Expressit
1517 5365 1605 5412 autem
1615 5356 1711 5412 Graeca
1721 5355 1797 5410 Pauli
1811 5373 1819 5413 ι
