3840 6134
225 187 295 248 132³

761 183 807 248 ιι
823 153 972 251 emuna
990 186 1215 252 urrunnun
1233 187 1339 252 orans

1802 192 1873 256 sset

220 311 274 370 lius
289 311 344 368 dici
366 317 465 383 potest,
480 326 560 384 quam
583 326 616 368 ex
631 311 748 370 aliorum
771 313 948 386 depressione
963 331 1022 373 cre·
1036 312 1061 400 Ι
1073 315 1154 371 tentia
1172 315 1311 374 deterrere
1329 317 1427 390 possit,
1449 327 1573 390 tanquam
1595 317 1630 373 ad
1649 315 1768 374 animam
1786 320 1874 391 perti·

220 418 298 459 scere
311 401 392 469 velle,
408 416 470 458 cum
485 402 596 473 propria
609 402 670 474 quis
684 402 783 461 virtute
796 419 849 460 non
863 405 958 476 possit.

256 493 333 565 Spes.
351 491 391 547 lta
404 490 503 548 obnixe
524 506 574 564 pro
588 494 693 565 species
710 491 782 567 lego,
798 510 863 551 voce
878 511 943 551 sane
958 495 1022 551 binc

219 581 387 653 expellenda,
403 579 538 651 nimisque
553 580 598 636 bic
609 582 737 639 absurda.

255 672 414 741 Plausores,
430 670 449 726 i.
475 685 501 725 e.
526 671 667 730 irrisores.
683 674 721 726 lta
740 672 813 727 enim
841 673 868 729 in
892 673 1018 745 apolop,

218 777 244 818 c.
260 765 307 829 35,
329 759 411 817 etiam
440 759 520 818 babet
555 778 596 817 :r
621 761 767 817 Plausores
791 761 913 833 quotidie
939 777 1018 818 rere-

217 850 317 906 lantur.
334 869 347 900 ι

252 939 295 996 Ad
315 937 474 996 remedium
488 939 618 996 conlator
630 943 659 995 et
672 955 785 997 necesse
800 943 853 996 est.
870 939 967 1011 Utique
981 940 1017 994 ad

1072 420 1151 470 nens,
1166 421 1228 476 quae
1246 407 1332 461 multo
1350 405 1492 462 delicatior
1510 414 1561 476 est,
1577 421 1706 478 sepeque
1726 421 1743 460 a
1760 405 1876 463 leviori-

1071 494 1123 548 bus
1138 494 1298 565 quibusdam
1315 493 1396 568 longe
1410 498 1510 562 acrius,
1527 512 1607 566 qnam
1622 510 1724 567 corpus
1739 510 1757 551 a
1771 495 1875 552 dolori-

1071 582 1134 653 bus,
1155 582 1236 657 longe
1260 584 1440 657 grauioribus,
1464 585 1583 660 ipsisque
1605 587 1761 652 tormentis,
1777 585 1878 641 irritari

1070 673 1149 730 solet.

1106 761 1302 820 Sorduientos.
1319 763 1522 820 llorridiuscula
1536 762 1644 835 quidem
1658 763 1686 817 in
1703 763 1811 819 Latinis
1828 780 1878 819 an-

1069 848 1147 905 ribus
1161 865 1223 906 vox.
1239 851 1292 907 Sed
1310 853 1372 924 quis
1392 868 1450 908 eam
1471 859 1608 924 tantopere
1627 858 1800 918 exsecretur,
1816 869 1877 907 cnm

1069 939 1142 1011 apud
1166 940 1288 999 Plautum
1302 941 1330 998 in
1350 944 1465 1002 Paenula
1487 943 1567 998 e‘tiam
1588 941 1803 1002 sorattuamem
1827 957 1877 1014 pra

216 1026 285 1084 illud
307 1027 382 1082 Pauli
404 1026 416 1080 l
432 1028 494 1085 Cor.
509 1040 562 1092 ιιι,
577 1029 622 1099 26,
637 1026 755 1083 alludit:
773 1028 804 1084 st
823 1026 891 1102 quid
905 1031 1017 1100 potitur
1067 1028 1185 1087 sorditie
1198 1031 1336 1102 reperiat?

217 1134 309 1176 unum
318 1117 710 1190 membrum,compatinatar
719 1117 955 1175 omniamembra.
968 1119 1015 1174 l'os

216 1211 314 1265 autem
323 1206 390 1265 estis
404 1221 505 1278 corpas
527 1204 642 1270 Christi,
654 1209 683 1261 et
696 1205 866 1263 membrata
879 1204 1013 1263 membro.

251 1295 378 1353 anlmia
390 1309 454 1354 aera
471 1294 611 1351 Cla-istas.
621 1293 690 1348 Nam
704 1302 733 1349 nt
746 1309 839 1350 rursus
853 1293 1012 1365 Apostolus,

214 1381 315 1455 pres.
325 1399 354 1451 v,
365 1385 410 1450 23,
421 1381 508 1454 inquit
519 1399 527 1437 t
540 1383 668 1441 Christus
682 1385 724 1440 est
734 1385 821 1455 caput
832 1383 976 1450 Eccbsitm
987 1389 1014 1437 et

217 1471 321 1529 Coloss.
347 1486 366 1539 ι,
391 1475 435 1544 ιι,
460 1470 497 1528 ιιι
521 1488 529 1527 :
552 1475 614 1545 lpse
637 1475 679 1530 est
704 1486 791 1528 carun
814 1473 938 1544 corporis
961 1486 1013 1526 nc·

214 1576 283 1617 cans
323 1601 331 1616 .

253 1577 399 1708 Cifistam
423 1665 536 1708 scaros.
551 1648 619 1704 Nam
647 1647 793 1720 aliquando
813 1647 937 1705 Christus
959 1663 1014 1705 non

215 1753 265 1813 pro
280 1740 374 1813 capite
388 1745 492 1794 tantum
507 1737 649 1806 Ecclesia,
659 1737 707 1792 sed
721 1751 771 1808 pro
781 1738 875 1809 capite
888 1744 916 1793 ιι
929 1754 1016 1795 nnm-

215 1831 271 1888 ttis
295 1828 389 1896 simul,
405 1826 432 1883 id
456 1833 508 1893 cst,
524 1840 574 1898 pro
597 1824 724 1883 universo
747 1841 860 1901 corpore
882 1827 1013 1884 Ecclesiae

214 1918 341 1976 sumitur.
352 1915 396 1972 Sic
408 1915 478 1971 enim
492 1915 522 1971 S.
537 1916 608 1987 nup.
626 1915 653 1968 in
668 1913 716 1969 lib.
730 1929 823 1970 xxxrrr
841 1916 907 1984 QQ,
923 1933 950 1988 q.
967 1919 1012 1983 69,

214 2007 306 2066 aitte
331 2004 467 2062 Christum
490 2002 571 2060 etiam
595 2013 666 2061 recte
689 2003 820 2077 appellari
845 2005 1012 2073 universum,

213 2098 265 2156 boc
275 2109 326 2165 est,
338 2099 424 2170 caput
438 2109 500 2150 cum
513 2109 629 2167 corpore
640 2108 700 2165 suo,
711 2093 784 2165 qnod
795 2100 835 2150 est
849 2095 981 2152 Ecclesia.
999 2115 1011 2146 ν

212 2193 289 2250 Unde
312 2192 385 2248 idem
405 2190 433 2245 in
461 2193 512 2263 Ep.
541 2189 578 2245 ad
607 2191 740 2246 donarat.
765 2190 799 2247 de
823 2189 921 2246 Gratia
945 2191 1011 2247 Nou.

216 2283 335 2353 Test.,c,
351 2283 379 2348 7,
395 2279 433 2335 uit
456 2296 462 2333 :
486 2297 499 2330 a
524 2276 642 2333 Ecclesia
666 2277 692 2331 in
716 2276 824 2332 Cbristo
848 2277 1010 2346 patiebatur,

210 2371 319 2442 quando
339 2383 389 2438 pro
413 2367 532 2422 Ecclesia
555 2364 722 2436 patiebatur3
744 2364 814 2421 sicut
836 2365 864 2419 in
887 2366 1011 2421 Ecclesia

210 2457 364 2530 patiebatur
387 2456 455 2526 ipse,
471 2453 581 2525 quando
605 2467 653 2523 pro
676 2452 725 2507 illo
748 2454 868 2509 Ecclesia
891 2454 1010 2525 patieba-

209 2553 264 2605 tur.
282 2566 295 2601 ι
321 2545 488 2617 Rursusque,
504 2544 536 2598 in
559 2542 848 2612 Psal.,c1xxvrrr,ita
871 2542 1006 2604 disserit:

211 2656 225 2686 ι
242 2634 311 2690 Cum
322 2635 377 2704 jam
393 2630 503 2688 sederet
520 2631 548 2687 in
563 2632 643 2697 coelo,
660 2646 714 2687 non
727 2631 762 2688 de
777 2632 848 2689 coelo
862 2634 1008 2702 clamabat,

209 2723 304 2795 Saule,
321 2723 416 2790 Saule,
431 2721 498 2796 quid
518 2721 694 2794 persequaris
714 2735 807 2778 servos
821 2737 912 2795 meos;
932 2741 1006 2782 nec:

1103 1120 1258 1176 Deversori.
1288 1119 1453 1190 Simpliciter
1481 1121 1598 1191 uersari,
1627 1126 1658 1175 ut
1685 1119 1745 1189 jam
1774 1119 1876 1189 saepius

1067 1205 1132 1261 alibi
1146 1207 1181 1263 de
1195 1208 1328 1277 eiusmodi
1343 1209 1504 1282 compositis
1518 1210 1686 1264 monuimus.

1103 1297 1135 1353 ln
1148 1297 1352 1370 asperitudine.
1377 1299 1502 1355 Nominis
1521 1298 1602 1368 hujus
1622 1299 1803 1370 asperitatem
1817 1300 1873 1355 cul·

1066 1384 1119 1440 tius
1131 1386 1200 1442 Latii
1221 1389 1309 1444 solnm
1328 1404 1400 1462 aegre
1420 1389 1553 1457 tolerabit,
1575 1398 1704 1461 tanquam
1727 1388 1758 1444 in
1774 1392 1877 1447 exustis

1067 1474 1166 1529 Alricae
1180 1475 1295 1532 desertis
1308 1484 1408 1532 natam.
1425 1477 1569 1548 Nimirum,
1586 1477 1660 1549 quod
1682 1476 1711 1531 in
1727 1479 1874 1547 proverbio

1067 1572 1120 1634 est,
1130 1565 1229 1636 Africa
1242 1567 1471 1649 semperaliquid
1485 1570 1561 1632 noui,
1573 1574 1599 1622 et
1614 1582 1664 1621 sua
1677 1582 1784 1624 vocum
1799 1582 1873 1622 mon·

1031 1641 1122 1729 'stra
1135 1653 1191 1723 jam
1212 1652 1277 1709 olim
1292 1654 1464 1711 transmaria
1483 1654 1578 1710 alienis
1596 1670 1801 1728 nonnunquam
1820 1664 1874 1711 ter·

1067 1739 1105 1797 ris
1120 1739 1259 1798 invehens.

1108 1831 1247 1890 Vanitute.
1260 1831 1403 1888 Contracta
1418 1831 1490 1887 enim
1503 1848 1536 1888 ex
1547 1831 1769 1903 nimiisjejuniis
1780 1836 1870 1902 macie,

1066 1918 1142 1991 quasi
1157 1918 1246 1974 omnis
1262 1935 1277 1975 e
1292 1921 1367 1976 vultu
1384 1926 1521 1975 attenuato
1537 1920 1619 1976 decor
1640 1936 1816 1978 evanescere
1829 1938 1871 1979 scu

1066 2007 1202 2065 evanidus
1217 2005 1276 2064 beri
1291 2009 1370 2065 solct.
1389 2010 1421 2063 Αι
1436 2024 1500 2065 vero
1515 2025 1575 2081 quas
1592 2009 1650 2064 baec
1668 2009 1793 2079 jactura,
1812 2028 1869 2066 cunr

1066 2099 1180 2166 animoe,
1203 2097 1277 2154 velut
1300 2115 1349 2171 per
1368 2097 1540 2163 alluvionem,
1560 2114 1594 2156 ιο
1613 2100 1678 2170 plus
1698 2098 1813 2156 decoris
1830 2116 1870 2156 aa·

1064 2188 1178 2244 arescit?

1099 2278 1133 2332 ln
1146 2278 1266 2336 coccino.
1282 2277 1363 2334 Veste
1377 2292 1457 2335 cocco
1478 2276 1558 2332 tincta
1577 2293 1585 2330 ε
1601 2293 1664 2349 quae
1684 2292 1739 2335 vox
1760 2293 1824 2334 cum
1842 2277 1867 2332 in

1063 2379 1164 2437 genere
1179 2367 1248 2421 alias
1261 2367 1366 2423 Graecis
1380 2382 1461 2422 omae
1475 2382 1598 2437 ararium
1613 2365 1769 2437 significet,
1781 2367 1870 2439 singu-

1063 2452 1156 2510 lariter
1174 2464 1264 2510 tamen
1283 2457 1389 2512 arboris
1411 2455 1562 2525 cujusdam,
1585 2454 1650 2509 illici
1676 2470 1732 2511 non
1756 2457 1869 2511 absimi-

1063 2542 1108 2612 lis,
1134 2544 1240 2601 tructus
1263 2547 1386 2613 denotat,
1411 2545 1438 2599 in
1463 2545 1541 2612 cujus
1564 2543 1658 2616 granis
1685 2545 1869 2601 vermiculum

1061 2633 1136 2689 rubri
1150 2633 1250 2690 coloris
1265 2634 1338 2690 nasci
1354 2635 1457 2704 dicunt,
1473 2650 1506 2689 ex
1520 2648 1573 2705 quo
1587 2632 1660 2698 lana,
1672 2641 1721 2688 aut
1738 2635 1867 2697 sericum,

1061 2725 1190 2780 coccineo
1205 2739 1252 2779 seu
1263 2738 1408 2796 purpureo
1422 2721 1512 2779 colore
1526 2721 1610 2777 imbui
1625 2723 1707 2779 solet.

212 2815 284 2883 Quid
292 2813 470 2886 persequeris
479 2815 593 2867 sanctos
602 2826 686 2877 meos,
698 2824 765 2866 nec:
781 2811 851 2879 Quid
858 2828 1007 2888 perseque-
1098 2813 1178 2869 Certe
1186 2822 1274 2870 autem
1284 2814 1430 2871 cormacus
1438 2819 1465 2868 ιι
1472 2826 1635 2885 purpureus
1646 2812 1728 2868 color
1741 2812 1772 2867 in
1783 2812 1868 2868 Eran-

207 2906 249 2962 ιιι
263 2903 410 2975 discipulos
420 2916 509 2969 meos;
523 2902 581 2968 sed,
597 2900 667 2970 Quid
676 2915 721 2955 me
728 2904 1007 2975 persequerisisicut
1060 2902 1133 2975 gello
1161 2902 1289 2958 contundi
1322 2901 1464 2972 videntnr3
1479 2899 1577 2955 etenim
1609 2915 1676 2955 cum
1705 2901 1866 2971 llattbaeus,

208 3007 286 3066 crgo,
303 3006 364 3048 cum
380 3005 441 3046 eum
455 2989 591 3045 sedentem
606 2991 634 3044 in
652 2989 721 3048 coelo
735 3005 815 3046 nemo
830 3007 1005 3065 persequere·
1021 2967 1121 3064 ‘cap
1146 3005 1239 3059 xxvrr,
1262 2992 1307 3060 28,
1333 2989 1366 3046 de
1387 2987 1500 3058 ludaeis,
1526 2988 1630 3044 Christo
1653 2997 1792 3062 tanquam
1812 2989 1866 3060 regi

206 3079 429 3150 tnr,clamavit:
456 3078 529 3147 Quia
553 3094 598 3136 ma
619 3078 815 3151 persequeris?
833 3093 895 3135 cum
917 3085 1005 3151 capnt
1061 3096 1111 3137 suo
1138 3079 1322 3149 illudentibus,
1348 3077 1462 3134 dixisset
1491 3095 1497 3135 :
1534 3079 1818 3149 circumposuerunt
1844 3079 1867 3135 ei

205 3169 333 3230 membra
356 3183 406 3225 sna
428 3176 615 3241 cognosceret,
631 3176 658 3224 ιι
680 3183 696 3222 ι
718 3183 849 3240 compage
878 3170 1005 3242 corporis
1058 3165 1175 3242 χλαμύδα
1197 3168 1315 3239 κοκκίνην,
1339 3167 1515 3239 chlamydem
1541 3181 1704 3224 coccineus
1731 3181 1739 3222 :
1765 3168 1866 3223 llarcas

206 3258 250 3317 sui
265 3263 350 3333 caput
373 3256 489 3315 charitas
512 3272 565 3313 non
586 3264 726 3329 seperaret
751 3274 757 3314 :
784 3259 867 3324 sic,»
893 3259 1004 3315 etesia
1058 3275 1119 3330 cap.
1143 3274 1194 3326 xv,
1215 3261 1242 3326 l,
1265 3257 1303 3313 ιιι
1327 3274 1333 3311 :
1359 3251 1477 3310 ἐνδιιυιιν
1506 3255 1578 3309 αὑτὸν
1605 3255 1748 3328 πορφύραν,
1774 3256 1865 3314 indae

203 3350 343 3416 nimirum,
359 3347 403 3404 aio
425 3348 458 3402 ad
478 3362 535 3403 rem
555 3355 687 3416 nostram,
702 3362 764 3419 quae
776 3346 927 3418 fratribus,
942 3363 1003 3418 quae
1057 3354 1128 3408 runt
1142 3365 1209 3408 eum
1222 3361 1368 3418 runruna;
1382 3345 1426 3402 cni
1440 3353 1466 3401 et
1479 3346 1607 3411 loannes,
1622 3360 1650 3401 c.
1667 3360 1732 3413 ιιι,
1752 3360 1864 3404 consen

202 3440 336 3500 Ecclmioe
344 3437 488 3503 membris,
502 3437 612 3495 Ctristo
622 3435 700 3492 fiunt.
710 3435 845 3509 Numquid
861 3439 932 3493 enim
946 3438 1004 3509 ipse
1057 3439 1090 3495 ιιι
1106 3456 1113 3494 :
1130 3440 1327 3512 imposuerunt
1342 3437 1369 3495 ei
1381 3435 1477 3507 ἱμάτιον
1490 3440 1641 3507 πορφυροῦν,
1658 3435 1864 3495 vestimentum

202 3531 297 3591 Nattb.
312 3543 384 3595 xxv,
401 3530 446 3599 la,
459 3527 497 3583 ait
519 3547 527 3584 :
554 3527 693 3596 Quammu
709 3528 818 3596 fecistis
836 3528 890 3584 uni
908 3544 946 3585 ea
961 3528 1004 3585 bis
1055 3545 1246 3602 purpuream.

204 3620 345 3692 fratribus
359 3619 430 3675 meis
445 3617 585 3685 minimis,
601 3630 663 3671 rrmr
677 3616 807 3687 [ecisttst
1094 3617 1228 3674 Ceterum
1243 3630 1305 3673 nero
1319 3615 1387 3672 alias
1407 3629 1588 3688 purpureum
1602 3618 1630 3669 ιι
1645 3614 1824 3682 coccineum,
1839 3612 1862 3668 si

244 3705 362 3764 scat)
376 3707 540 3763 Pollicetur.
557 3704 655 3771 lronia,
671 3704 751 3759 etiam
774 3718 823 3775 per
845 3712 1004 3777 sequentem
1057 3707 1177 3764 strictius
1210 3705 1370 3778 loquamur,
1400 3702 1529 3775 distingui
1561 3700 1679 3757 dubium
1713 3718 1774 3759 uon
1803 3710 1860 3768 ests

204 3797 361 3856 ιιιιιιιιιιιιι
377 3793 542 3851 coadunata.
1058 3812 1222 3873 purpuram
1241 3794 1316 3853 euim
1334 3793 1462 3864 dicimus,
1480 3807 1542 3864 quae
1558 3791 1652 3860 samri,
1668 3791 1720 3848 sed
1742 3793 1860 3851 omum

244 3883 432 3948 damnantia,
447 3897 497 3954 pro
511 3882 633 3938 scicntia
646 3880 815 3953 simpliciter.
1059 3885 1170 3956 salinsi,
1186 3887 1286 3942 coloris
1305 3892 1357 3953 est,
1372 3885 1434 3940 cnm
1458 3882 1584 3942 cocciaco
1607 3880 1732 3940 viridior
1751 3898 1787 3940 ac
1799 3882 1860 3940 bils-

240 3973 402 4032 Peruenire.
423 3969 472 4026 Est
484 3972 683 4042 praeomnpatio
696 3971 839 4042 cujusdam
853 3971 1004 4043 objectiun·
1059 3975 1115 4034 rior
1129 3975 1174 4048 sit,
1189 3973 1278 4048 qualis
1295 3974 1324 4030 in
1342 3973 1474 4048 sanguiue
1491 3971 1697 4030 adolescentum
1726 3973 1858 4045 praecipue

204 4061 283 4124 aalae·
1057 4066 1229 4126 efflorescere
1242 4063 1320 4121 solet.

242 4154 323 4224 ιιιιι,
338 4168 389 4227 prr
399 4153 548 4225 peccatum
563 4148 700 4207 videlicet.
1100 4159 1192 4231 Tprio.
1210 4155 1263 4225 Qui
1277 4153 1355 4211 color
1369 4152 1477 4224 proprie
1490 4165 1652 4225 purpureus
1667 4156 1722 4221 est,
1740 4152 1855 4209 omniun

243 4244 384 4304 Cauterio.
402 4242 568 4300 Cauterium
591 4256 645 4297 non
668 4241 822 4301 servando
840 4241 1001 4314 derivatum,
1058 4247 1124 4304 olim
1143 4241 1365 4317 pretiosissimus.
1384 4243 1426 4299 De
1444 4242 1585 4297 inventore
1607 4238 1671 4309 ejus
1693 4239 1734 4295 ιιι
1758 4240 1856 4298 Polla:

203 4333 253 4392 sed
284 4332 386 4390 Groeoae
424 4331 536 4404 originis
563 4336 615 4399 est,
642 4331 689 4384 ιιι
725 4336 771 4385 τοῦ
797 4332 873 4386 καίειν
899 4333 1001 4390 dictum
1019 4302 1129 4408 'apud
1151 4334 1222 4389 Sam.
1246 4331 1339 4387 Pitisc.
1364 4331 1392 4385 in
1414 4332 1480 4387 Cea.
1503 4328 1579 4388 cert.
1602 4341 1737 4385 sannaus
1758 4328 1855 4385 babet:

201 4423 348 4497 morimur,
369 4421 443 4495 quod
471 4421 575 4479 urendi
608 4420 663 4479 vim
690 4420 781 4491 babet,
802 4422 874 4478 sicut
900 4423 999 4495 puluis,
1059 4423 1166 4495 «Tyrii
1188 4422 1286 4491 ferunt,
1308 4420 1452 4476 Herculem
1474 4426 1583 4489 captum
1605 4431 1702 4474 amore
1727 4419 1856 4490 Nympha

200 4530 255 4588 quo
269 4527 344 4582 caro,
355 4511 382 4567 in
392 4511 543 4584 fonticulis
555 4510 749 4582 ([οιιιιιιιιιιι)
763 4511 872 4582 corpori
883 4512 1001 4570 humano
1056 4513 1200 4589 indigene.
1225 4514 1291 4585 Tpro
1312 4523 1376 4566 uero
1399 4522 1497 4564 nomen
1519 4515 1577 4564 erat
1594 4507 1746 4578 Nympbae.
1767 4507 1855 4563 Secta·

199 4601 364 4668 inserendis,
379 4600 454 4657 erodi
477 4601 557 4657 solet.
579 4599 655 4655 Unde
678 4606 705 4656 ιι
723 4603 918 4658 cauteriatum
936 4603 1002 4660 dici·
1054 4605 1132 4660 batur
1146 4611 1234 4658 autem
1248 4595 1354 4656 1281
1382 4595 1527 4652 Herculem
1550 4593 1635 4658 canis,
1653 4593 1704 4665 qui
1725 4610 1780 4666 per
1801 4609 1854 4651 sco

199 4700 254 4765 tur,
266 4691 342 4766 quod
366 4697 408 4747 est
429 4689 503 4749 relat
526 4692 654 4747 cauterio
675 4688 797 4746 inustum
819 4698 900 4762 atque
924 4708 1000 4748 rese·
1053 4696 1132 4768 pulos
1146 4692 1323 4764 adrepentem
1341 4702 1502 4763 purpuram
1516 4681 1642 4757 (pretiosi
1659 4682 1800 4756 conchylii
1812 4698 1855 4755 ge·

197 4791 282 4842 ctum.
303 4782 349 4839 Sic
375 4782 387 4836 l
411 4780 480 4836 Tira.
505 4794 544 4849 rr,
569 4784 596 4848 t,
619 4781 768 4850 Apostolus
795 4779 886 4837 dicit:
914 4801 1000 4835 κεναυ-
1052 4783 1116 4852 nus)
1144 4780 1324 4854 conspicatus,
1349 4777 1435 4847 ipsius
1458 4773 1656 4846 prominentem
1680 4775 1852 4831 carunculam

196 4874 355 4946 mpraaptaoa
385 4869 429 4939 τὴν
471 4869 616 4939 συνείδησιν,
646 4873 837 4927 cauteriatam
864 4870 998 4930 tabentes
1052 4868 1384 4940 mordiensarripuit,et
1408 4862 1540 4937 praeibo
1564 4875 1629 4916 usus
1652 4870 1852 4933 est,cruorqut

196 4964 413 5027 conscientiam,
428 4975 490 5031 quae
513 4974 574 5014 curn
598 4961 684 5030 putris
707 4959 803 5015 fuisset
830 4968 857 5016 et
881 4962 998 5032 peccatis
1051 4963 1126 5020 labra
1147 4960 1222 5016 canis
1242 4958 1359 5030 puniceo
1381 4954 1472 5010 colore
1495 4950 1601 5007 iniecit.
1625 4949 1662 5005 Ut
1685 4964 1757 5008 vero
1777 4952 1850 5007 herus

196 5061 335 5121 corrupta,
350 5050 475 5108 cantato
498 5050 587 5104 inusta
615 5057 696 5121 atque
722 5056 829 5106 resecta
857 5061 910 5107 est.
925 5050 996 5107 Vide
1050 5052 1130 5111 rediit
1156 5050 1189 5106 ad
1213 5049 1347 5121 puellam,
1368 5045 1412 5100 illa
1435 5041 1590 5115 conspicata
1608 5039 1686 5095 labra
1709 5039 1790 5096 canis
1813 5039 1849 5094 in-

194 5140 284 5199 Calm.
300 5139 328 5197 in
342 5139 372 5194 it.
388 5139 408 5193 l.
1050 5150 1125 5199 sucta
1143 5142 1256 5196 tinctura
1274 5136 1385 5203 inlecta,
1405 5133 1513 5209 negauit
1532 5130 1584 5186 sibi
1602 5129 1756 5201 quidquam
1781 5136 1850 5200 post·

233 5229 426 5288 Commendat.
452 5227 513 5299 Quo
541 5243 606 5284 sane
633 5228 698 5284 nibil
725 5229 878 5303 elegantius
905 5229 996 5288 dicere
1049 5234 1100 5290 bac
1114 5248 1174 5287 cum
1190 5229 1320 5294 illatore,
1337 5227 1389 5282 nisi
1411 5225 1446 5282 ad
1465 5240 1496 5279 se
1518 5221 1626 5279 atterrat
1652 5226 1765 5277 vestem
1780 5216 1850 5274 canis

194 5321 292 5393 potuit.
1050 5321 1121 5376 illins
1150 5320 1233 5375 labris
1261 5316 1480 5388 splendidiorem.
1511 5311 1555 5367 Sic
1583 5311 1676 5381 itaque
1704 5307 1847 5374 Hercules,

442 5410 522 5467 Nota
542 5410 577 5465 ad
594 5415 681 5481 caput
701 5410 744 5465 xl.
1049 5410 1187 5466 animante
1199 5408 1318 5471 inventa,
1333 5407 1500 5475 collectoque
1512 5413 1619 5471 cruore,
1635 5412 1735 5454 munus
1754 5394 1848 5468 puelle

228 5503 381 5573 Potiorem,
396 5500 414 5556 ι.
430 5515 456 5557 ι.
472 5500 636 5572 precipnam
653 5512 773 5562 cansam,
789 5513 849 5569 quae
868 5512 885 5553 ι
908 5495 996 5571 poeni·
1048 5497 1155 5566 detulit,
1169 5498 1283 5571 primus,
1299 5501 1327 5552 ut
1345 5495 1420 5570 tyrii
1434 5491 1569 5559 dictitant,
1585 5488 1715 5547 ιιιιιιιιοι
1727 5483 1848 5558 punica
