3840 6134
133 327 184 386 lDl
208 333 209 337 ’
483 309 1233 382 tauuuhtllltlortlllllltttltslh-Sllluas1,
1253 310 1426 374 rohuulct.
1528 272 1531 277 Ι
1723 314 1781 377 492

137 453 191 521 Qui
203 462 314 506 mecam
327 445 509 520 paoemedit,
521 445 624 504 levabit
633 447 717 503 inme
723 447 869 519 plantam.
881 443 928 500 Pe
942 456 967 536 Α
984 455 1038 526 rea,
1053 438 1126 512 quod
1140 444 1182 494 eat
1196 437 1364 510 phantasma,
1381 436 1496 512 liguram
1514 453 1614 511 capere
1637 455 1692 496 uon
1715 455 1783 513 pos·

133 545 202 594 terat
227 544 254 593 ει
281 535 338 592 aine
360 534 473 607 prumia
497 533 566 589 tradi
589 551 596 588 ε
625 542 726 606 quanta
752 532 824 590 enim
847 546 929 604 opera
982 538 1033 586 aet.
1049 527 1104 584 Aut
1118 526 1141 583 ai
1155 534 1298 601 propterea
1313 543 1410 600 panem
1425 544 1524 601 corpus
1538 529 1591 585 sibi
1604 527 1688 597 finxit,
1703 529 1780 602 quia,

134 625 269 683 traditoris
295 625 367 682 circu
393 640 466 694 eum,
494 623 543 694 qui
567 622 695 694 populum
729 636 822 679 coram
843 619 930 678 otten-
983 617 1107 691 corporis
1121 619 1230 674 carebat
1243 617 1366 685 veritate,
1380 634 1551 691 ergopanem
1566 619 1660 676 debuit
1673 619 1782 677 tradere

133 717 212 782 dena,
227 728 277 769 nec
292 712 360 768 tradi
381 714 470 783 magia
497 711 629 780 potuisset
652 727 733 782 quam
751 709 861 767 invadit
876 708 930 765 Sed
984 725 1034 780 pro
1048 706 1140 766 nohis.
1154 705 1283 764 Faciebat
1297 708 1329 763 ud
1348 707 1493 764 ranimtem
1506 708 1660 783 Marcionis,
1675 719 1706 766 ut
1727 725 1781 781 pa-

133 805 185 860 hoc
198 801 244 858 alii
271 801 445 871 competisset
469 799 586 866 Christo,
616 814 670 855 non
698 799 744 871 qui
776 797 931 873 prophetias
983 797 1026 852 nis
1040 793 1252 867 crucifigeretur.
1278 795 1332 852 Cur
1346 804 1439 854 autem
1466 813 1560 869 panem
1576 812 1675 870 corpus
1699 815 1780 856 suum

133 891 305 963 adimplebat.
326 889 459 962 Scriptum
477 896 519 944 est
537 887 609 944 enim
629 887 734 960 (Amos,
749 903 779 954 ιι,
795 886 823 958 6)
841 903 850 945 t
876 888 930 944 Pro
984 885 1102 957 appellat
1121 885 1188 956 (66),
1204 894 1231 942 et
1247 900 1304 941 non
1331 887 1418 958 magis
1433 902 1577 959 peponem,
1599 903 1681 961 quem
1704 889 1782 945 Mar-

135 998 165 1038 eo
179 978 252 1057 qaod
266 977 457 1035 aenocdetere
472 975 484 1014 ³
492 978 618 1048 justum.
633 975 703 1031 Nam
716 983 743 1032 et
756 975 931 1046 quantitatem
984 974 1044 1030 cion
1068 973 1160 1029 cordia
1180 973 1239 1030 loco
1263 973 1380 1030 hahuit?
1401 975 1462 1031 Nou
1485 976 1642 1048 intelligens
1663 984 1782 1034 veterem

134 1080 162 1127 et
176 1068 279 1125 exitum
302 1064 381 1138 pretii
395 1063 571 1136 postealuda
594 1063 743 1144 praenitente
758 1062 887 1130 revocati,
904 1068 932 1117 et
984 1061 1068 1118 luisse
1090 1060 1169 1117 istam
1187 1060 1303 1132 figuram
1326 1062 1448 1133 corporis
1470 1062 1570 1120 Christi
1592 1064 1710 1121 dicentia
1733 1083 1784 1140 per

134 1160 163 1216 in
190 1156 354 1229 emptionem
379 1154 434 1209 dati
456 1151 515 1225 agri
542 1152 627 1227 figuli,
649 1152 719 1211 sicut
735 1154 762 1209 in
781 1152 931 1226 Evangelio
984 1150 1126 1206 teremiam
1141 1150 1191 1222 (ar,
1206 1150 1270 1223 l9):
1287 1151 1422 1210 Adversas
1436 1167 1481 1208 me
1494 1154 1692 1225 copitooeraat
1707 1157 1783 1228 cogi·

134 1245 252 1305 ilatthaei
274 1246 342 1316 (cap.
368 1242 462 1311 xxvtr)
490 1242 655 1309 continetur,
693 1243 827 1298 ieremias
859 1244 931 1313 (cap.
987 1245 1080 1296 totam
1098 1240 1233 1307 dicemcs,
1253 1243 1357 1312 Vertite,
1372 1244 1558 1316 conjiciamus
1573 1244 1785 1319 lipaumiapa·

134 1335 230 1404 xxxii)
244 1333 389 1406 praecanit:
406 1334 442 1388 at
455 1334 625 1403 acceperant
637 1330 758 1403 triptota
775 1330 933 1402 orpeotea⁴
984 1344 1051 1386 nem
1069 1331 1152 1402 ejas‚·
1170 1329 1273 1386 scilicet
1295 1344 1404 1387 crucem
1429 1331 1457 1387 iu
1480 1347 1580 1405 eorpus
1600 1335 1670 1404 eiua.
1690 1335 1785 1409 Itaque

132 1404 260 1499 pretium
273 1421 429 1497 appretiati
441 1420 485 1478 vel
495 1419 635 1488 honorati,
647 1424 676 1477 et
685 1420 824 1478 dederuut
835 1420 888 1478 ea⁵
901 1422 934 1478 ira
986 1417 1152 1473 illuminator
1174 1417 1363 1489 antiquitatum
1386 1419 1450 1493 quid
1475 1428 1539 1475 tunc
1560 1419 1675 1478 voluerit
1694 1421 1771 1496 signi

135 1530 238 1588 aprum
259 1512 351 1583 pipeti.
380 1508 523 1566 Professus
548 1508 639 1582 imque
662 1525 691 1566 sc
713 1508 934 1579 concupiscentia
985 1503 1080 1562 fictae
1104 1520 1209 1578 panem,
1235 1506 1300 1562 antia
1322 1507 1476 1578 declaravit,
1502 1524 1601 1580 corpus
1623 1526 1702 1566 suum
1728 1525 1785 1569 vo-

135 1600 294 1674 coucupiase
316 1599 396 1655 cdere
420 1599 524 1655 Pascha
540 1605 570 1653 ut
584 1613 663 1653 auum
680 1596 831 1670 [indignum
858 1596 931 1652 enim
986 1609 1052 1649 caus
1072 1609 1180 1665 panem,
1201 1593 1248 1651 Sic
1269 1602 1296 1651 et
1319 1594 1348 1650 in
1370 1597 1461 1653 calicia
1484 1597 1619 1653 mentione
1639 1606 1786 1656 testamen·

135 1701 164 1749 ut
191 1691 256 1765 quid
290 1689 409 1746 alienum
445 1685 651 1756 concupisceret
676 1685 770 1759 Deua],
793 1695 932 1758 acceptum
985 1690 1042 1739 tum
1073 1686 1239 1741 constituens
1267 1684 1399 1758 sauguine
1433 1701 1482 1743 auo
1511 1685 1695 1760 obsignatum,
1720 1688 1787 1745 sub-

135 1797 244 1854 panem,
273 1782 300 1835 et
330 1774 504 1832 distributum
535 1773 685 1845 discipulis,
722 1790 821 1848 corpus
856 1776 931 1832 illum
948 1751 1108 1832 Ualentiam
1132 1773 1252 1840 corporis
1274 1772 1454 1832 confirmavit.
1480 1773 1587 1830 Nullius
1611 1774 1685 1831 enim
1716 1791 1784 1834 cor·

135 1869 236 1927 suurne
250 1866 323 1932 lecit,
342 1867 396 1922 lloc
409 1867 451 1920 eat
466 1876 567 1935 corpas
588 1877 684 1921 meam
700 1863 825 1932 dicendo,
839 1863 867 1921 id
882 1876 932 1934 eat,
987 1863 1060 1934 poris
1084 1863 1196 1935 sanguis
1221 1869 1309 1934 potest
1329 1879 1398 1932 esse,
1423 1862 1477 1920 nisi
1491 1864 1590 1921 carnia.
1616 1865 1684 1922 Nam
1707 1874 1736 1922 et
1762 1866 1787 1924 ai

136 1956 224 2029 ligura
237 1951 359 2025 corporis
372 1951 426 2008 mei
440 1950 507 2023 (65).
526 1951 626 2026 Figura
646 1960 736 2009 autem
759 1969 814 2011 non
828 1953 932 2024 luisset,
986 1967 1039 2024 qua
1052 1951 1174 2023 eorporis
1190 1951 1308 2026 qualitas
1321 1967 1375 2010 uon
1390 1967 1488 2011 carnea
1513 1962 1666 2028 opponatur
1691 1955 1786 2028 nohis,

136 2044 189 2102 nisi
202 2040 323 2100 ueritatis
337 2049 411 2099 esaet
433 2054 542 2115 corpus.
571 2040 713 2111 Caeterum,
738 2058 825 2100 vacua
848 2041 953 2173 4¹⁶¹}
988 2047 1061 2127 certa
1082 2039 1242 2115 sanguinem
1266 2040 1320 2098 nisi
1342 2056 1441 2099 caroea
1461 2057 1516 2100 non
1543 2042 1663 2099 habebit.
1690 2043 1785 2117 imque

175 2194 385 2258 ⁸Vendidemnt
412 2193 452 2251 ol.
472 2193 485 2234 ⁴
498 2193 651 2270 Argenteus
665 2194 704 2252 ot.
718 2193 730 2232 ⁵
743 2195 797 2250 llos
806 2114 1129 2253 lyraargael‘rgrcrngnseusum
1139 2191 1215 2248 illum
1236 2193 1324 2252 acen.
1341 2194 1427 2254 Semi.
1442 2194 1550 2254 Oterllt.

835 2267 1081 2333 Commentarius.

172 2348 231 2424 (65)
246 2348 276 2406 lt
291 2350 343 2416 est,
354 2346 445 2420 figora
460 2349 584 2422 corporis
613 2348 681 2404 mei.
696 2347 760 2404 llaec
776 2345 860 2404 rerba
878 2362 933 2403 non
986 2360 1086 2414 corpus
1098 2358 1178 2400 suum
1200 2359 1308 2418 panem,
1333 2359 1388 2401 non
1417 2361 1559 2418 peponem,
1587 2352 1633 2403 aut
1660 2345 1785 2420 aliquem

136 2422 310 2494 intelligenda
337 2429 401 2474 sunt
431 2422 570 2475 utrolunt
588 2417 748 2489 Calsiuistae,
767 2418 867 2490 quihus
883 2419 935 2474 hoc
987 2416 1069 2473 ulium
1097 2413 1198 2488 cibum,
1231 2425 1261 2471 ut
1282 2415 1405 2488 impleret
1430 2416 1544 2488 figuram
1565 2416 1706 2490 Jcremiae,
1737 2422 1785 2494 qui

136 2494 208 2560 loco,
222 2500 249 2548 et
263 2492 328 2547 alias
354 2496 496 2559 preterea,
512 2489 627 2546 nimium
640 2489 705 2545 tavit
726 2490 871 2561 Rigaltiua,
885 2489 934 2547 aed
987 2487 1096 2543 nomine
1121 2489 1198 2566 panis
1222 2487 1421 2562 significaverat
1443 2489 1543 2544 Christi
1571 2504 1673 2560 corpus
1697 2505 1705 2545 ι
1729 2504 1785 2548 non

136 2562 362 2638 quemadmodum
386 2577 418 2616 ea
440 2560 555 2635 intelligi
582 2559 700 2632 postulat
729 2561 851 2632 ipsorum
873 2577 935 2618 con·
987 2573 1052 2630 ergo
1068 2557 1190 2615 Christus
1211 2557 1325 2615 instituit
1343 2560 1371 2615 in
1392 2560 1559 2617 Eucharistia
1579 2560 1695 2634 figuram
1718 2576 1783 2620 cor·

136 2645 237 2702 textus,
267 2641 293 2690 et
323 2631 509 2704 explicuerunt
541 2631 663 2705 theologi
699 2633 831 2704 polemici,
864 2633 935 2689 iuter
988 2629 1063 2702 poris
1075 2629 1124 2696 aui,
1147 2637 1177 2684 ut
1189 2629 1336 2687 adversarii
1350 2631 1451 2700 solunt,
1468 2632 1517 2689 sed
1530 2630 1651 2704 implevit
1663 2631 1784 2705 liguram

137 2723 207 2779 quoa
229 2703 377 2762 doctissimi
399 2702 550 2759 cardinales
578 2703 722 2759 Perronius
744 2711 771 2759 ει
797 2704 935 2759 Dallarmi·
987 2710 1103 2758 vaterem
1118 2715 1152 2755 ex
1166 2714 1234 2770 pune
1248 2699 1414 2759 conficiendo
1434 2718 1533 2774 corpus
1555 2719 1646 2763 suum.
1660 2734 1696 2744 -
1710 2706 1783 2762 Ter·

136 2794 189 2834 nus
204 2778 303 2850 primas
321 2774 451 2830 obtinent.
470 2773 649 2831 Posteriorem
674 2773 772 2831 citasse
796 2773 934 2831 sufficiat:
988 2773 1027 2828 tio
1042 2787 1079 2829 ex
1092 2771 1182 2828 serbis
1203 2771 1263 2828 aliis
1277 2774 1463 2844 sequentihus,
1488 2774 1535 2830 ubi
1557 2775 1692 2849 explicans
1711 2791 1782 2847 pro·

138 2851 293 2922 «Sequitur
307 2846 424 2918 (tertius)
440 2845 514 2901 locus
527 2861 561 2901 ex
579 2846 625 2900 lib.
642 2860 671 2900 rv
691 2849 794 2902 contra
815 2847 933 2904 Marcio-
987 2844 1108 2916 pueliam
1119 2843 1203 2899 Jacob
1218 2843 1298 2914 (Ceo.
1316 2844 1407 2917 anta).
1428 2845 1545 2902 Lcoahit
1556 2847 1783 2906 lovlnorlotam

135 2938 212 2987 aem,
229 2920 275 2975 uhi
289 2918 328 2974 aic
342 2917 465 2989 legimus.
487 2937 501 2969 a
524 2917 672 2989 Acceptum
694 2933 801 2987 panem,
825 2927 853 2974 et
874 2919 932 2973 dia·
972 2932 1081 2984 auom,
1091 2919 1119 2970 et
1129 2916 1160 2972 in
1168 2918 1308 2987 scopatae
1316 2933 1378 2973 aare
1385 2917 1509 2989 palliam
1519 2934 1647 2975 suumn
1665 2920 1782 2989 Staium,

135 2993 266 3049 tributum
285 2986 437 3058 discipulis,
451 3003 551 3059 corpus
574 3004 652 3043 suum
676 2989 753 3044 illum
776 2987 839 3045 lecit
854 3007 861 3044 :
877 2991 932 3046 lloc
986 2984 1083 3058 iuquit,
1103 3001 1211 3043 carnem
1232 2989 1430 3058 demonstrans,
1446 2997 1473 3046 ει
1495 2989 1585 3045 vinum
1608 2989 1782 3062 sanguinem.

136 3069 178 3122 est
203 3077 302 3136 corpas
322 3075 418 3117 meam
440 3057 563 3124 dicendo,
589 3061 680 3124 idest,
705 3059 792 3134 ligura
810 3062 933 3132 corporis
986 3057 1025 3112 lta
1039 3067 1066 3113 rt
1080 3072 1151 3113 nunc
1175 3058 1333 3129 sanguinem
1362 3061 1488 3116 suumin
1512 3060 1574 3116 sino
1598 3062 1783 3127 consecrarit,

135 3135 198 3190 mei.
227 3134 328 3204 Figura
354 3138 443 3186 autem
471 3144 526 3186 non
547 3128 651 3200 luisset,
665 3130 715 3185 nisi
729 3131 849 3187 veritatis
862 3140 933 3188 esset
986 3128 1032 3200 qui
1045 3137 1109 3185 tunc
1122 3131 1215 3185 vinum
1229 3131 1256 3185 iu
1270 3131 1400 3204 sanguine
1413 3131 1547 3205 figuravit.
1567 3152 1578 3182 a
1596 3133 1646 3188 Utri
1665 3147 1784 3190 sorau·

135 3220 242 3276 corpus.
266 3224 329 3254 r—
341 3200 525 3273 Respondao:
548 3201 641 3259 Priora
663 3201 744 3257 verba
763 3203 842 3271 hujus
856 3204 933 3259 testi·
985 3214 1053 3267 auu,
1068 3201 1140 3271 quod
1159 3201 1229 3257 sicut
1246 3206 1320 3273 apud
1344 3204 1489 3259 leremrem
1510 3203 1588 3273 panis
1610 3203 1784 3274 significabat

134 3276 229 3343 monii,
253 3274 326 3346 quod
347 3287 440 3329 omues
462 3272 667 3330 Sacramentarii
688 3281 815 3344 tauquam
837 3273 930 3329 Achil·
985 3286 1094 3341 corpus,
1111 3271 1173 3343 quia
1194 3287 1297 3343 corpus
1319 3274 1426 3330 Domini
1441 3283 1483 3331 est
1506 3274 1583 3330 cibus
1603 3274 1737 3345 fidelium,
1752 3285 1785 3334 ιιι

134 3349 187 3405 lem
202 3344 347 3419 quemdum
360 3343 388 3398 in
403 3343 490 3416 prima
518 3343 575 3399 acia
590 3344 763 3413 constituunt,
780 3359 827 3414 pro
850 3346 932 3401 nobis
985 3356 1067 3413 supra
1081 3341 1217 3409 diximus;
1234 3343 1273 3399 ita
1295 3344 1386 3400 sinum
1407 3346 1478 3415 apud
1500 3347 1629 3402 iacobum
1657 3348 1781 3419 patriar·

134 3424 253 3476 maxime
280 3416 380 3473 iaciunt
409 3413 586 3486 :posteriora
619 3422 711 3470 autem
739 3413 807 3470 nihil
832 3415 933 3471 obsunt
984 3413 1063 3470 ollam
1091 3414 1224 3485 aiguihcat
1246 3430 1294 3470 san
1314 3418 1407 3472 uiuam
1429 3418 1547 3484 Domini,
1575 3419 1638 3488 quia
1668 3418 1784 3492 sanguia

135 3505 224 3548 causae
251 3497 360 3544 nostrae.
391 3484 460 3540 Illud
491 3486 562 3542 enim
586 3502 593 3541 :
620 3506 632 3537 ι
661 3486 808 3557 Acceptum
837 3502 932 3556 panem
983 3483 1092 3540 Domini
1113 3495 1153 3541 eat
1175 3494 1255 3555 potua
1275 3431 1408 3544 fidelium.
1429 3488 1552 3544 Christus
1571 3497 1660 3544 autem
1681 3499 1715 3546 ut
1733 3506 1783 3546 ex·

135 3577 234 3635 corpus
247 3558 397 3617 suumlecit
410 3556 535 3624 dicendo,
557 3559 611 3614 iloc
626 3561 667 3614 est
681 3573 930 3630 carpetaneam»
985 3554 1097 3627 plicaret
1123 3556 1188 3613 istas
1214 3555 1315 3629 figuras
1342 3575 1389 3615 seu
1420 3559 1563 3628 avariclnia,
1593 3575 1692 3631 corpus
1729 3562 1783 3619 auh

136 3639 231 3706 aperta
256 3631 357 3686 indicat
380 3630 458 3699 punis
472 3629 572 3684 realem
590 3627 763 3684 mutationem
789 3629 816 3683 in
831 3644 932 3703 corpus
985 3626 1077 3698 specie
1100 3629 1190 3699 punis,
1210 3637 1236 3684 ct
1263 3630 1422 3704 sanguinem
1441 3632 1490 3687 sub
1511 3631 1603 3704 specie
1626 3632 1681 3690 viui
1700 3634 1782 3691 nobis

137 3701 236 3759 Christi
252 3724 259 3772 ;
280 3700 345 3756 illud
360 3709 446 3755 autem
464 3717 472 3755 a
488 3699 518 3754 ld
532 3703 585 3767 est,
603 3701 697 3771 fiparo
719 3701 841 3772 corporis
863 3704 931 3773 mei,
984 3696 1115 3755 tradidit:
1136 3709 1163 3755 at
1185 3714 1250 3755 sane
1272 3701 1295 3755 si
1310 3717 1363 3758 non
1382 3719 1475 3760 verum
1494 3717 1593 3775 corpus
1614 3711 1642 3759 et
1667 3705 1782 3779 sangui-

137 3789 193 3831 non
220 3772 353 3843 significat
373 3770 415 3840 (ut
443 3768 650 3825 sacramentarii
683 3770 807 3842 credunt)
833 3788 930 3852 punem
985 3785 1048 3826 uem
1075 3769 1164 3840 reipsa
1187 3770 1316 3838 dedisset,
1339 3789 1393 3828 non
1420 3781 1494 3831 recte
1525 3774 1707 3845 explicuisset,
1739 3777 1781 3835 vel

137 3843 313 3901 Eucharistiae
340 3854 400 3896 essa
424 3838 539 3912 figuram
574 3843 699 3913 corporis
732 3842 850 3909 Domini,
884 3843 932 3900 sed
985 3839 1123 3912 implesset
1146 3842 1280 3899 vaticinia.
1293 3844 1363 3898 Nam
1382 3853 1434 3901 tam
1456 3845 1585 3900 Jeremias
1608 3861 1657 3916 per
1681 3863 1781 3917 panem

137 3914 210 3987 quod
232 3913 284 3967 luit
307 3910 370 3968 olim
390 3908 477 3982 figura
496 3913 525 3966 iu
545 3911 717 3969 Testamenta
739 3913 841 3980 Veteri,
860 3931 933 3972 nunc
985 3927 1077 3966 rerum
1092 3924 1199 3983 corpus,
1216 3915 1394 3984 quamlucob
1413 3931 1462 3989 per
1484 3917 1577 3972 sinum
1599 3932 1693 3974 rerum
1718 3935 1782 3975 san·

138 3989 167 4041 in
189 3982 310 4056 corporis
336 3980 474 4041 raritatem
501 3997 562 4038 esse
585 3990 726 4039 mutatum.
751 3984 933 4058 conjungitur
985 3984 1097 4055 guinem
1112 3985 1308 4054 praenuntiavit,
1325 3994 1354 4042 ιιι
1369 3987 1550 4044 Tertullianus
1568 3988 1643 4045 dicit.
1665 3988 1717 4045 Illa
1735 4006 1782 4046 au·

138 4055 213 4114 enim
234 4054 308 4121 illud,
341 4053 433 4127 pparc
458 4055 582 4128 corporis
607 4056 674 4124 mei,
699 4070 754 4112 nou
781 4072 843 4113 cum
865 4071 932 4115 uoce
985 4063 1039 4109 tem
1055 4055 1134 4111 verba
1148 4056 1327 4116 Tertulliani:
1350 4077 1364 4111 a
1387 4058 1440 4128 Qui
1458 4067 1522 4115 tunc
1548 4060 1641 4116 vinum
1663 4058 1692 4114 in
1716 4077 1781 4119 aaa·

138 4128 264 4203 proxime
277 4127 455 4196 precedente,
471 4140 687 4198 eorpuamcom,
702 4126 818 4184 aedcum
834 4143 932 4199 prono·
986 4127 1071 4253 guina
1085 4126 1247 4199 figuravit»
1264 4129 1417 4185 referuntur
1439 4131 1473 4186 ad
1496 4130 1541 4186 illa
1555 4133 1637 4188 verba
1657 4131 1779 4190 iacobi:

138 4199 211 4256 mine
238 4200 303 4263 lloc,
325 4203 356 4253 ut
385 4197 421 4251 ait
451 4197 495 4252 hic
528 4212 624 4253 sensus
644 4215 651 4253 ι
670 4200 818 4270 Acceptum
837 4215 933 4271 panem
1002 4212 1023 4251 a
1037 4200 1175 4270 scopatae
1184 4215 1246 4256 oaoe
1255 4200 1377 4273 palliam
1391 4217 1483 4259 auam.
1500 4203 1564 4258 Vult
1576 4206 1647 4259 euim
1661 4202 1779 4266 dicere:

140 4285 239 4341 corpus
253 4285 333 4324 suum
345 4267 419 4335 lecit,
440 4267 557 4325 dicendo
574 4271 658 4338 siloc,
673 4270 700 4325 id
722 4278 774 4337 est,
788 4271 875 4342 panis,
891 4251 972 4331 eatss
988 4283 1038 4340 per
1050 4271 1211 4343 sanguinem
1223 4287 1283 4327 uvae
1298 4272 1412 4346 intelligi
1428 4274 1529 4340 vinum,
1546 4274 1593 4329 aad
1611 4288 1660 4345 per
1683 4275 1780 4333 vinum

138 4343 186 4416 qui
200 4340 266 4398 olim
279 4341 331 4396 luit
354 4340 439 4414 ligura
454 4340 576 4412 corporis
589 4341 650 4409 mei,
673 4357 745 4399 nuuc
767 4347 810 4399 est
837 4359 936 4419 corpas
989 4341 1106 4415 intelligi
1119 4342 1278 4415 sauguinem
1298 4345 1417 4418 Domini,
1433 4355 1464 4402 ut
1481 4345 1542 4417 ipsa
1565 4345 1693 4418 explicat,
1715 4363 1780 4404 cum

138 4427 255 4470 mecm:
269 4411 316 4467 ubi
329 4425 480 4482 pronomen
498 4414 561 4479 tlon,
578 4412 742 4470 demonstrat
755 4429 864 4539 ganam,
880 4429 934 4471 non
988 4412 1027 4469 alt
1049 4428 1097 4485 per
1113 4413 1210 4469 stolam
1231 4430 1348 4483 carnem,
1378 4431 1428 4486 per
1448 4418 1543 4474 uinum
1555 4415 1782 4491 sanguiuemde·

158 4484 187 4540 ui
200 4491 300 4551 manet,
315 4483 362 4538 scd
375 4481 422 4556 qui
448 4490 576 4550 mutatur,
601 4493 630 4539 ut
650 4500 733 4556 supra

138 4501 170 4611 id
184 4565 272 4612 autem
282 4556 391 4610 itaesse
405 4556 534 4627 probatur
548 4554 636 4626 primo
653 4571 686 4611 ex
710 4554 762 4611 illis
780 4557 869 4614 verbis
885 4572 932 4614 se-
986 4570 1081 4628 graaau
1118 4555 1200 4611 totius
1233 4556 1304 4616 libri.
1331 4558 1398 4613 Nam
1435 4568 1606 4641 propositum
1631 4560 1691 4630 ejus
1719 4572 1779 4618 erat

138 4628 305 4701 quentihua:
332 4625 457 4698 «Figura
477 4638 567 4681 autem
594 4641 649 4682 non
670 4626 776 4695 fuisset,
795 4626 846 4682 nisi
861 4631 931 4686 veri·
984 4627 1129 4683 ostendere
1154 4627 1290 4683 Christum
1311 4628 1341 4684 in
1365 4629 1511 4701 Evangeho
1534 4644 1588 4686 nou
1609 4630 1780 4690 destruxisse

138 4700 403 4767 utlaesastcorpus.
422 4716 433 4747 a
450 4696 479 4751 Si
493 4697 565 4753 eninr
592 4713 642 4769 par
655 4696 770 4770 figuram
791 4698 930 4771 intellige·
984 4698 1184 4754 Testamentum
1207 4706 1303 4765 vetus,
1328 4701 1375 4758 sed
1413 4702 1478 4757 illud
1509 4701 1647 4771 implesse.
1680 4703 1778 4777 Itaque

139 4768 397 4834 retEucharistiam,
412 4767 587 4837 noudieeret,
603 4785 660 4826 aaa
674 4770 786 4842 suisset,
803 4772 849 4827 aed
872 4788 930 4828 nort
983 4768 1118 4840 percurrit
1139 4769 1320 4828 Tertullianus
1343 4772 1463 4844 plurima
1485 4772 1585 4830 Christi
1615 4787 1720 4846 opera,
1744 4789 1779 4833 aa

137 4843 219 4909 earet,
247 4837 366 4911 loquitur
384 4837 468 4910 igitur
491 4840 525 4895 de
538 4838 625 4912 figura
638 4841 801 4898 Testamenti
819 4843 928 4912 veteris,
983 4842 1149 4897 demonstrat
1163 4840 1298 4898 Christum
1311 4845 1339 4899 in
1355 4845 1480 4901 omnihus
1503 4845 1555 4901 illis
1577 4844 1686 4902 dedisse
1710 4861 1780 4928 ope·

136 4925 197 4981 quae
209 4910 268 4967 aine
287 4910 369 4964 dubio
392 4925 454 4966 vera
465 4906 551 4981 figura
564 4926 617 4967 non
631 4911 736 4979 luisset,
752 4912 804 4969 nisi
831 4927 948 4986 corpus,
983 4927 1039 4970 ram
1058 4918 1088 4967 ut
1110 4911 1235 4982 impleret
1263 4913 1364 4987 ligurus
1394 4915 1464 4988 legis
1479 4933 1485 4975 :
1501 4917 1583 4990 igitur
1610 4917 1663 4972 hoc
1694 4928 1778 4975 ettam

135 4996 231 5036 verum
254 4979 279 5036 ei
297 4981 482 5051 responderet.
497 5012 533 5023 -
553 4983 675 5040 Secundo
701 4983 774 5039 idem
800 4991 873 5056 patet
894 5001 928 5042 ex
981 4983 1041 5039 loco
1054 4997 1108 5040 nou
1121 4983 1224 5040 inducit
1245 4983 1360 5059 figuram
1381 4987 1526 5044 institutam
1548 4987 1576 5043 in
1599 4988 1778 5048 Testamenta

134 5050 318 5123 serbiapaulo
333 5052 404 5108 intra
424 5054 621 5125 sequentihus:
650 5053 742 5119 «Cur,
767 5056 927 5128 inquit,pa-
979 5055 1069 5123 Nouo,
1079 5056 1126 5110 sed
1140 5054 1325 5127 impletionem
1339 5068 1440 5114 tantum
1451 5070 1569 5117 sclerum
1582 5056 1774 5129 figurarum.»

134 5139 195 5179 nem
209 5138 307 5196 corpus
320 5138 399 5179 suum
413 5126 537 5196 appellat,
552 5133 581 5180 ει
598 5140 652 5181 nou
674 5126 762 5198 magis
782 5143 925 5197 peponem,
979 5125 1114 5182 Hactenus
1135 5126 1310 5184 Bellarminus
1324 5130 1370 5203 (de
1385 5134 1561 5190 sacramento
1584 5130 1777 5190 Eucharistiae

133 5211 213 5267 quem
227 5194 345 5251 hlarciou
369 5196 460 5253 cordis
487 5195 548 5251 looo
569 5196 671 5260 hahuit,
699 5211 752 5252 non
773 5196 927 5273 intelligens
980 5197 1027 5255 lih.
1047 5213 1079 5268 11,
1095 5212 1155 5268 cap.
1171 5198 1210 5268 t).
1226 5199 1296 5256 Eun.

774 4484 882 4541 inimus.
898 4516 934 4529 ·-
987 4485 1142 4543 monstrari.
1159 4512 1191 4525 -
1206 4483 1307 4555 Quarto
1321 4487 1447 4559 denique,
1464 4487 1543 4569 idem·
1556 4494 1628 4558 patet
1652 4504 1686 4544 ex
1713 4505 1780 4562 pru·

35 5266 39 5272 ’
131 5275 251 5324 veterem
284 5267 365 5322 luisse
392 5267 469 5322 istam
490 5266 603 5337 liguram
618 5267 740 5349 eorporis
753 5267 862 5340 Christi,
879 5269 925 5326 di·
1015 5270 1069 5340 (66)
1083 5272 1298 5347 Pooemcorpas
1310 5274 1537 5347 auamoppeltct.
1552 5274 1640 5332 Locus
1658 5287 1776 5348 prouc-

131 5339 216 5395 centis
229 5337 451 5409 perteremiam:
468 5338 561 5395 tmere
572 5339 757 5410 conjiciamur
772 5342 882 5411 liparam
892 5343 925 5399 in
978 5338 1057 5395 ritate
1074 5343 1196 5412 corporis
1209 5344 1308 5402 Christi
1322 5346 1444 5419 insignis,
1465 5347 1509 5403 cui
1529 5349 1597 5403 adde
1611 5362 1644 5404 cx
1658 5362 1720 5419 cap.
1740 5350 1776 5405 to

128 5426 233 5482 panem
247 5412 321 5479 eirca,
336 5408 438 5464 scilicet
452 5422 566 5465 cruce-m
577 5411 604 5465 in
618 5424 719 5481 corpur
734 5410 817 5480 ejus?
830 5412 924 5485 ltaque
978 5409 1025 5468 lio.
1041 5413 1104 5469 odo.
1126 5415 1225 5473 ledeos
1241 5433 1248 5474 :
1275 5434 1289 5468 a
1304 5417 1425 5474 Christus
1437 5434 1536 5489 panem
1564 5434 1664 5490 corpus
1691 5433 1774 5475 suum

127 5482 291 5538 illuminator
309 5478 498 5557 antiquitatum
520 5480 585 5551 quid
614 5488 677 5537 tunc
703 5482 821 5539 soluerit
834 5482 923 5556 signi·
976 5486 1115 5555 appcllat3
1133 5504 1145 5540 a
1163 5502 1223 5559 cap.
1248 5490 1265 5544 a
1286 5487 1321 5545 de
1342 5497 1421 5556 orat,
1446 5498 1501 5555 etc,
1525 5491 1648 5547 tustinus
1669 5490 1775 5563 Martyr

127 5554 224 5608 tteasae
242 5566 351 5632 panem,
371 5550 602 5631 satrsdeclarauit,
614 5567 714 5623 corpus
729 5570 807 5612 suum
822 5569 922 5613 iocans
977 5556 1162 5614 testimonium
1177 5559 1275 5616 haedo
1288 5576 1318 5616 re
1331 5561 1411 5619 hahet
1428 5563 1594 5623 luculentum
1617 5561 1712 5636 (Apol.
1736 5562 1771 5635 r).

126 5639 237 5698 panem.
255 5642 267 5675 a
282 5621 335 5679 [ιιι
360 5621 540 5681 Tertullianus
560 5623 636 5697 dicit,
651 5625 788 5685 Christum
808 5642 921 5688 vocasse
975 5624 1053 5687 Alios
1064 5629 1110 5686 hio
1122 5645 1176 5689 non
1189 5631 1289 5704 allego.
1303 5631 1342 5689 La
1355 5632 1405 5692 Pa.
