3840 6134
220 276 273 340 755
567 268 789 335 maruntium
807 268 940 335 crubuit
957 266 1044 332 etas
1061 266 1097 332 11.
1115 298 1152 316 -
1169 269 1286 335 sumas
1302 269 1324 342 1.
1344 268 1517 334 mauultl.
1810 259 1867 323 'lid

221 403 296 464 cobis
319 401 412 459 Elium
439 398 605 459 Thesbiten?
626 399 753 458 &danim
778 397 1021 471 metempsychosis
1035 411 1059 492 st
1073 396 1224 456 substantia
1238 406 1372 456 teneatur.
1384 398 1413 456 Si
1426 397 1496 456 enim
1513 395 1541 455 in
1562 389 1867 462 seminibssutriusqna

220 491 350 559 illorum,
378 489 513 549 revocatio
540 497 582 548 est
613 487 711 546 animae
741 489 900 561 iampridem
931 494 1019 544 morte
1073 487 1229 567 substantia
1258 487 1376 561 aliquam
1394 485 1624 559 intercapedinem
1650 498 1745 542 eornm
1770 495 1868 540 couce-

193 650 196 654 Δ
221 580 331 649 functas,
344 586 371 637 et
393 579 420 634 in
435 578 511 637 aliud
525 594 624 651 corpus
642 579 755 636 iteratae.
770 579 843 634 Elias
855 585 945 634 autem
963 591 1019 635 non
1073 585 1135 650 ptus
1149 577 1311 650 admitteret,
1326 586 1355 634 ut
1376 584 1422 634 aut
1439 592 1512 644 caro,
1527 584 1574 633 aut
1595 575 1683 631 anima
1698 573 1775 647 prior
1786 571 1868 628 mmi-

223 684 256 726 ex
269 666 428 725 decessione
442 665 501 740 (36)
520 666 593 735 uitae,
609 667 658 725 sed
678 684 710 724 ex
733 665 906 724 translatione
925 672 1020 723 ventu·
1073 676 1202 736 naretur,
1234 675 1307 724 esset
1342 666 1424 724 etiam
1456 681 1538 722 seius
1570 663 1761 736 proprietatem
1792 659 1868 717 alteri

222 772 270 814 rus
287 768 347 823 est;
367 771 418 812 uec
437 754 546 827 corpori
564 755 757 822 restituendus,
778 754 885 826 dequo
904 769 959 812 uon
978 761 1021 811 est
1072 757 1229 814 substantiae
1256 757 1408 815 adscribere
1436 772 1485 828 per
1513 754 1686 825 temporalem
1712 751 1868 824 intercape-

222 851 364 917 examptus
386 844 437 917 (lV
452 848 516 918 liep.
537 846 589 917 11);
609 845 656 901 sed
679 843 782 901 mundo
804 844 965 914 reddendus,
984 843 1020 900 de
1073 845 1166 903 dinem
1191 848 1341 914 seminum;
1366 853 1397 903 ut
1424 853 1470 923 aut
1487 860 1551 904 caro
1578 843 1685 910 animae,
1704 848 1752 899 aut
1778 840 1868 898 anima

223 950 277 1007 quo
291 941 332 990 est
344 933 504 1004 translatus;
521 949 574 991 non
595 949 628 990 ex
651 933 818 1005 postliminio
832 934 903 1002 vitae,
919 934 968 991 sed
986 948 1020 991 ex
1072 936 1145 991 carni
1164 935 1329 1007 insculperet
1350 952 1466 994 sexum:
1485 935 1651 1008 quoniamst
1674 932 1798 1001 sputos,
1812 945 1868 986 non

224 1024 413 1096 supplemento
436 1021 604 1096 prophetiae;
625 1023 699 1081 idem
722 1031 750 1080 et
771 1023 840 1096 ipse,
859 1030 887 1079 et
909 1022 951 1078 sui
968 1036 1019 1078 no·
1072 1025 1234 1097 piaton-sed
1249 1027 1390 1084 haereticus
1404 1027 1470 1098 (il),
1486 1032 1547 1082 ante
1561 1038 1677 1096 corpora
1698 1020 1869 1081 constituens

223 1112 303 1170 minis
325 1120 353 1169 at
375 1111 416 1168 sui
439 1111 567 1168 hominis.
592 1111 649 1168 Sed
675 1114 815 1185 quomodo
841 1112 913 1170 Elias
935 1112 1019 1169 toan·
1073 1112 1176 1171 animas
1205 1115 1300 1173 viriles
1325 1131 1356 1172 ac
1379 1115 1537 1185 muliebres,
1552 1113 1622 1172 sicut
1648 1113 1683 1169 ab
1709 1110 1870 1168 Philumena

223 1219 274 1259 nes
294 1201 373 1276 (aba
392 1201 480 1258 Hebes
500 1201 589 1275 angeli
610 1217 707 1260 rocem
730 1203 808 1271 (lec.
825 1201 871 1273 r):
891 1203 928 1259 ut
947 1202 1017 1274 ipse,
1073 1201 1175 1274 didicit,
1198 1204 1291 1276 utique
1317 1219 1434 1270 caraem,
1457 1210 1487 1260 nt
1513 1203 1702 1275 posteriorem,
1726 1200 1762 1257 ab
1780 1198 1869 1256 anima

225 1291 325 1362 inquit,
334 1291 476 1365 precedet
487 1293 696 1364 corcmpoputc
710 1293 743 1348 tre
756 1292 863 1350 uirtute
875 1291 1020 1364 etspiritre
1072 1290 1135 1350 iacit
1148 1292 1271 1365 accipere
1295 1309 1398 1351 sexum.
1411 1292 1445 1349 lit
1467 1293 1513 1366 qui
1530 1292 1647 1349 animam
1674 1296 1736 1362 post
1761 1295 1868 1363 partum

226 1381 312 1449 Elim,
331 1393 388 1436 non
407 1379 435 1436 iu
457 1380 546 1437 anima
569 1380 640 1451 eins,
655 1394 706 1437 uec
723 1379 752 1436 in
774 1395 865 1437 carne.
881 1380 928 1436 Hae
946 1377 1020 1435 anim
1072 1382 1146 1439 carui
1172 1383 1377 1455 superducunt,
1400 1383 1491 1456 utiquc
1516 1390 1578 1439 anta
1603 1381 1745 1449 formata,
1764 1393 1869 1435 marem

226 1469 385 1526 substantie
398 1468 442 1528 sui
456 1469 587 1542 cujusque
604 1476 668 1527 sunt
680 1469 809 1526 hominis.
825 1468 941 1539 Spiritus
952 1483 1020 1526 vero
1073 1480 1119 1528 aut
1146 1471 1271 1530 feminam
1295 1471 1424 1530 decarne
1451 1488 1545 1529 sexum
1564 1470 1741 1543 praeiudicant
1756 1466 1868 1525 enimse.

225 1564 253 1615 et
282 1557 368 1614 uirtus
397 1557 568 1615 extrinsecus
595 1558 774 1616 conteruntur
794 1574 828 1614 ex
855 1555 906 1613 Dei
919 1556 1018 1630 gratia.
1075 1560 1220 1633 Utriusque
1246 1569 1337 1619 autem
1362 1561 1521 1619 substantie
1542 1559 1685 1619 indiscrete
1712 1556 1827 1623 murina,
1842 1562 1870 1612 et

226 1645 309 1706 m
322 1648 364 1703 lta
381 1654 408 1703 et
426 1646 566 1704 transterii
589 1646 616 1702 in
641 1647 757 1705 alterum
779 1652 894 1717 possunt
916 1661 950 1702 ex
973 1643 1023 1703 Dei
1076 1648 1151 1706 uuita
1173 1649 1288 1726 suiiusio
1312 1665 1417 1719 eorum,
1431 1665 1601 1708 communem
1625 1648 1743 1706 subeunt
1763 1645 1871 1722 poneris

224 1735 373 1803 voluntate,
390 1739 419 1791 ut
432 1725 589 1792 factumest
601 1743 674 1792 retro
689 1735 724 1791 de
737 1734 838 1806 Moysis
851 1733 959 1806 spiritu.
1076 1746 1213 1806 eventum,
1231 1755 1284 1812 qua
1311 1738 1395 1796 lineas
1409 1738 1515 1797 duxerit
1541 1738 1611 1809 (tt),
1625 1749 1800 1810 quacumque
1822 1733 1870 1790 illa

489 1866 603 1926 CAPUT
626 1866 748 1924 XXXVI
1076 1834 1116 1882 est
1144 1827 1211 1881 ratio
1239 1833 1351 1883 naturae.
1381 1827 1457 1884 Certe
1484 1835 1513 1883 et
1529 1827 1574 1884 hic
1599 1842 1629 1882 se
1658 1823 1868 1898 primordiorum

750 1907 757 1922 ‘
1077 1912 1163 1970 torma
1186 1920 1312 1981 testatur,
1328 1929 1392 1970 cum
1413 1914 1547 1972 masculus
1569 1914 1739 1986 temporibus
1763 1909 1870 1982 afhugi-

262 2003 294 2060 lu
311 2003 361 2059 has
380 2002 546 2075 quesiiones
564 2003 638 2070 indo,
653 2001 761 2075 opinor,
775 2001 951 2070 excessimus,
966 2016 1022 2075 qno
1078 2007 1132 2058 tur.
1157 2002 1235 2058 Prior
1256 2000 1328 2059 enim
1350 2001 1455 2072 hdam;
1479 2001 1581 2059 iemina
1598 2000 1736 2072 aliquanto
1753 1998 1868 2056 scrius:

225 2105 298 2148 nunc
320 2090 512 2149 revertendum
536 2100 586 2148 est.
603 2092 843 2150 Constitueramus
860 2089 978 2147 ammam
996 2091 1024 2148 iu
1079 2090 1210 2164 posterior
1223 2090 1294 2146 enim
1302 2090 1368 2148 Eva.
1386 2089 1581 2150 timedio
1598 2104 1662 2147 caro
1675 2087 1801 2146 informis
1819 2094 1867 2153 est,

225 2180 296 2253 ipso,
312 2188 340 2238 et
358 2181 418 2254 ipso
433 2181 491 2255 (33)
505 2180 559 2238 seri
572 2182 690 2249 homine,
704 2188 732 2238 et
751 2196 833 2238 unum
852 2195 912 2237 essa
929 2195 946 2236 a
963 2179 1024 2252 pri·
1077 2179 1166 2251 qualis
1188 2193 1221 2236 ax
1242 2178 1310 2237 Adai
1332 2180 1414 2236 latere
1440 2181 1570 2252 decerpta
1584 2187 1641 2250 est;
1663 2176 1766 2234 mimal
1783 2184 1869 2233 tamaii

225 2267 332 2326 mordio
357 2284 467 2337 semen,
482 2272 552 2327 sicut
577 2278 604 2327 at
631 2269 720 2327 carnis
737 2269 766 2325 in
796 2276 882 2327 totum
915 2267 1024 2342 geneis
1076 2274 1105 2325 et
1118 2267 1177 2339 ipsa
1193 2271 1260 2340 jam,
1275 2268 1338 2340 qnia
1352 2268 1466 2325 stillam
1486 2269 1630 2327 tunchda
1643 2265 1798 2340 portionem
1811 2266 1869 2322 suia

227 2375 351 2427 examen,
367 2367 477 2433 propter
491 2360 603 2417 aemulas
626 2359 727 2417 scilicet
740 2358 882 2430 opiniones
895 2358 1022 2431 philoso-
1075 2365 1176 2412 mamm
1189 2357 1215 2397 ⁹⁹
1228 2363 1388 2430 agnoscent.
1398 2357 1544 2423 Caeterum,
1554 2366 1583 2413 ct
1591 2357 1676 2429 ipsam
1689 2354 1743 2411 Ilei
1756 2354 1870 2410 adustus

226 2449 344 2520 phorum
366 2457 395 2505 et
416 2446 605 2505 hereticorum
626 2448 696 2518 (33),
719 2454 748 2504 et
768 2446 847 2504 illum
867 2461 1021 2504 sermonem
1075 2445 1218 2503 animasset
1239 2445 1348 2517 (tatu
1374 2461 1429 2502 non
1447 2454 1478 2503 ut
1504 2445 1655 2513 carcinite
1672 2451 1702 2502 et
1728 2443 1827 2501 anima
1839 2457 1871 2500 ex

226 2536 348 2594 Platonis
369 2542 542 2596 veternosum
564 2535 633 2608 (iu).
653 2537 733 2593 Nune
753 2535 877 2595 ordinem
900 2550 1022 2608 sequen·
1075 2531 1164 2589 Adam
1177 2533 1274 2591 tradux
1287 2533 1382 2592 luisset
1394 2535 1423 2591 in
1437 2534 1547 2592 lamina.

225 2626 294 2682 tium
318 2624 417 2683 exinde
437 2631 601 2684 meatuum
620 2625 746 2682 teximus.
768 2622 868 2680 Anima
892 2622 921 2678 in
943 2629 1021 2679 utere
1336 2665 1451 2727 CAPUT
1467 2667 1601 2726 XXXVII

227 2713 360 2773 aenimate
376 2713 479 2788 pariter
497 2729 560 2772 cum
582 2728 672 2785 came,
686 2712 788 2786 pariter
805 2728 866 2770 cum
887 2711 947 2783 ipsa
958 2725 1020 2767 sor·
1602 2707 1611 2726 ⁶

228 2804 295 2862 titur
316 2813 345 2863 at
362 2819 467 2876 sexum,
492 2804 529 2862 ita
550 2803 649 2876 pariter
669 2803 699 2860 in
722 2817 804 2860 musa
825 2817 907 2860 sexus
925 2806 1021 2858 neutra
1108 2797 1224 2861 Omnem
1244 2804 1335 2858 anem
1355 2798 1476 2859 hominis
1495 2800 1523 2857 iu
1536 2807 1614 2858 utero
1631 2797 1755 2867 serendi,
1767 2803 1871 2855 sunan·

912 2899 1010 2965 Varia
1030 2900 1188 2966 lectiones.

264 2982 292 3025 ⁹⁹
309 2979 416 3040 Animal
430 2982 511 3041 Pam.
534 2982 622 3041 Rhea.
637 2980 756 3040 animam
770 2981 831 3042 cod.
850 2980 984 3055 Apobard.

921 3053 1170 3118 Commentarius.

266 3156 324 3231 (36)
340 3158 416 3216 Ete'cs
431 3163 529 3216 actem
543 3174 601 3216 nce
615 3175 652 3218 ce
665 3159 831 3225 decessione,
841 3168 893 3218 etc.
909 3159 1029 3216 lrenaeus
1043 3167 1065 3248 c
1081 3167 1160 3216 terno
1177 3173 1287 3228 somno,
1312 3159 1361 3217 scd
1379 3158 1501 3216 alludens
1523 3157 1557 3214 ad
1579 3163 1698 3214 veteram
1720 3170 1872 3215 samonem

230 3229 281 3286 lib.
302 3244 340 3297 r,
359 3245 420 3300 cap.
438 3233 475 3295 7,
494 3228 539 3285 ubi
565 3230 599 3287 de
617 3232 741 3303 paradiso
760 3232 788 3286 in
810 3232 905 3298 Edeu,
923 3232 975 3287 hoc
992 3233 1027 3289 da
1081 3230 1153 3300 apud
1179 3231 1317 3289 Platonem
1343 3232 1377 3289 de
1397 3231 1536 3303 reciproco
1559 3229 1710 3285 animarum
1737 3228 1861 3286 discursu

231 3300 291 3358 Elia
316 3298 400 3358 reiert
429 3308 571 3371 acceptum
597 3315 615 3357 a
642 3301 806 3374 presbyteris
833 3300 1027 3383 Apostolorum
1081 3299 1116 3357 de
1129 3316 1184 3371 quo
1197 3318 1258 3374 cap.
1274 3306 1307 3359 28
1324 3324 1330 3361 :
1349 3324 1361 3354 s
1377 3302 1444 3372 Quis
1462 3301 1506 3357 illc
1520 3307 1679 3382 nunciatus
1698 3314 1789 3357 sermo
1803 3272 1873 3381 apud

231 3370 299 3428 disci
320 3371 382 3439 ulis,
397 3371 554 3428 translatum
577 3387 638 3428 esse
657 3373 685 3427 in
705 3372 863 3444 paradisum
882 3374 963 3444 justis
977 3374 1029 3429 ho·
1082 3372 1237 3430 memoriam
1265 3373 1393 3444 Platonis,
1410 3393 1424 3427 s
1447 3380 1500 3429 etc.
1515 3372 1576 3428 Non
1604 3386 1663 3427 sina
1686 3370 1782 3441 lepore
1807 3369 1873 3426 ludit

232 3389 350 3499 miniEus
373 3451 562 3514 praeparatum,
579 3443 606 3498 in
629 3458 709 3515 quem
723 3450 752 3499 ct
771 3443 871 3500 Paulus
891 3443 1030 3514 apostolus
1081 3444 1223 3514 vocabulo,
1233 3453 1264 3501 ut
1276 3445 1400 3502 ostendat
1414 3459 1568 3501 sermonem
1580 3441 1655 3499 illuni
1669 3450 1791 3501 vaterem
1803 3455 1874 3496 mara

232 3515 404 3586 adsportatus
422 3514 526 3573 audivit
552 3529 692 3572 sermones
719 3514 924 3586 inenarrabiles,
944 3530 1031 3587 quan·
1082 3514 1227 3583 somnium,
1243 3523 1271 3572 et
1284 3516 1344 3573 sina
1366 3515 1422 3572 ullo
1435 3515 1546 3572 cerebro
1560 3529 1631 3580 esse,
1650 3520 1681 3570 at
1697 3527 1778 3583 eque
1789 3519 1875 3572 reter-

232 3593 292 3642 tuin
315 3585 349 3642 ad
366 3600 418 3642 iios
438 3585 465 3666 in
488 3585 631 3657 praetentu
650 3595 684 3667 ¹ct
705 3585 743 3641 ibi
765 3600 922 3641 mansurum
944 3600 1030 3669 usqua
1083 3600 1181 3642 nosum
1207 3602 1268 3645 asse
1293 3602 1325 3645 ac
1352 3594 1480 3643 vaterem.
1503 3585 1639 3643 arnobius
1663 3599 1775 3657 quoque
1792 3589 1874 3642 reter-

233 3655 267 3712 ad
282 3665 544 3713 consummationem
566 3655 656 3714 saeculi
673 3673 681 3713 a
696 3655 798 3712 interea
810 3656 965 3715 conservari
983 3672 1028 3714 in-
1083 3670 1180 3713 uosum
1194 3657 1261 3714 dixit
1275 3673 1326 3729 pro
1338 3664 1441 3724 vetere.
1456 3657 1503 3713 lib.
1518 3673 1537 3712 1.
1552 3656 1619 3715 Lac.

232 3736 403 3795 corruptum.
418 3725 481 3782 1110·
1121 3727 1179 3797 (ti)
1194 3728 1303 3801 Apetles
1317 3745 1376 3788 non
1388 3730 1492 3803 pictor,
1499 3726 1547 3786 sed
1559 3726 1720 3786 hereticus.
1741 3722 1874 3792 'ambliae

270 3796 329 3866 (37)
340 3796 392 3854 Sed
406 3797 540 3868 quomodo
560 3797 638 3854 Elias
652 3798 771 3856 locanes
783 3799 796 3853 t
808 3795 938 3854 Similiter
952 3812 1031 3870 pror·
1082 3796 1163 3854 latine
1171 3798 1280 3871 Apelles
1294 3806 1321 3856 et
1332 3801 1441 3871 Apella.
1451 3799 1578 3855 Horatius
1580 3835 1636 3856 .....
1648 3797 1751 3856 Credet
1765 3795 1875 3854 tutem

235 3881 284 3922 sus
297 3866 436 3948 locoshos
450 3866 806 3939 Scripturaei'nterpretatur
817 3869 849 3926 B.
863 3869 1031 3943 Augustinus
1072 3870 1193 3942 spelte.
1209 3870 1235 3924 ls
1251 3885 1315 3928 uero
1333 3870 1437 3928 fortean
1458 3869 1599 3938 recutitus,
1613 3869 1677 3940 quia
1695 3868 1817 3931 ludens,
1830 3863 1877 3946 sed

251 3941 288 4017 tr.
303 3951 355 3990 xiv
367 3952 401 3992 ara
420 3938 502 3993 toan.
518 3952 541 3991 c.
559 3952 578 4004 i,
594 3947 620 3994 at
639 3938 657 3993 1.
672 3955 690 3995 v
712 3940 745 3996 de
771 3940 917 4006 trinitate,
933 3953 958 3995 c.
973 3939 1029 4011 tl).
1083 3939 1180 4009 Apella
1207 3941 1334 3998 Graecum
1356 3949 1398 3999 est
1414 3941 1547 4010 Ἀπιλλῆς,
1561 3955 1610 3996 nec
1624 3937 1762 4013 significat
1779 3943 1877 3994 recnu-

262 4023 289 4063 ui
303 4006 409 4088 iuterim
424 4006 541 4088 neutribi
554 4006 620 4092 legit
632 4007 710 4077 illud,
722 4011 945 4092 coramtpopntc,
957 4008 1032 4136 pund
1084 4019 1143 4067 tum
1168 4020 1214 4067 aut
1241 4029 1365 4086 verpnm.
1389 4012 1498 4083 Apelles
1524 4019 1552 4067 et
1577 4010 1683 4081 Apella,
1702 4009 1877 4081 quemadmo-

236 4079 350 4135 Anctori
372 4079 485 4148 proinde
509 4079 643 4150 peculiare
657 4087 706 4136 est.
723 4081 867 4138 Posteriori
890 4096 954 4139 vero
981 4096 1032 4140 oco
1085 4084 1149 4139 duni
1164 4083 1258 4154 Pyctes
1282 4091 1309 4141 at
1326 4084 1411 4151 Picta,
1423 4082 1572 4153 Prophetes
1586 4089 1614 4138 et
1633 4081 1780 4153 Propheta,
1795 4080 1876 4136 liver-

236 4151 318 4206 etiam
340 4148 534 4232 iuterpretatur
558 4152 693 4223 spiritum
715 4153 796 4218 Etioe,
819 4167 870 4223 pro
896 4156 1032 4225 spiritum
1086 4159 1162 4229 getes
1176 4154 1357 4225 etEvergeta
1373 4161 1425 4210 etc.
1442 4154 1506 4210 llis.

237 4221 328 4290 110εεί,
345 4230 416 4276 sicut
438 4219 484 4276 hic
502 4219 619 4292 Auctor,
634 4222 682 4296 qui
700 4238 753 4279 una
771 4237 838 4280 voca
856 4226 1033 4283 translatum
1121 4225 1177 4296 (lb)
1195 4226 1353 4294 pecunias
1368 4221 1575 4292 duxcrtt.Quia
1587 4221 1702 4295 pictoris
1713 4221 1878 4280 mentionem

237 4291 556 4419 ἓξᾯίτιίιὲηθξξξξὲὲᾞ,
572 4307 605 4420 {a
597 4294 691 4422 Α31οά
705 4293 801 4353 dicitnr
814 4294 915 4353 anterii
930 4312 946 4351 a
959 4296 1033 4353 llosc
1087 4294 1357 4422 &malsz‘rtilqsdfoen'
1372 4296 1543 4424 etiamPhanc
1564 4291 1763 4366 proverbialem
1776 4291 1876 4351 torma·

553 4406 560 4421 .
640 4406 647 4422 .
1203 4383 1256 4422 iis
1384 4385 1397 4422 s
1422 4411 1429 4426 .
1507 4405 1514 4420 .

275 4431 333 4504 (38)
348 4433 592 4493 Constitueramus
605 4437 734 4493 crimem
747 4437 778 4492 in
792 4436 852 4518 ipsc
866 4440 894 4494 et
912 4452 948 4494 ee
962 4438 1032 4511 ipso,
1123 4437 1183 4509 (13)
1194 4381 1531 4512 (αἰενιῗᾞῗίὲεαωιῖιί
1540 4432 1878 4508 csfletssnaimcsset.hd

239 4510 292 4560 etc.
327 4504 384 4561 lloc
420 4521 500 4561 suum
534 4506 699 4577 paradoxum
729 4514 823 4564 statuit
853 4507 1033 4564 Tertullianus
1087 4508 1159 4564 huuc
1184 4508 1272 4566 locum
1297 4511 1401 4566 ridetur
1429 4509 1593 4580 respondere
1620 4505 1736 4580 dapum.
1752 4505 1800 4563 hb.
1817 4521 1828 4563 1
1848 4504 1879 4561 dc

238 4590 301 4644 cap.
323 4577 369 4657 th,
391 4578 437 4645 26,
452 4578 498 4646 tl,
522 4576 570 4632 ubi
591 4577 706 4659 asseruit
728 4578 847 4634 animam
867 4576 948 4633 simul
971 4594 1033 4635 euni
1050 4546 1196 4646 nonime,
1211 4597 1273 4637 cum
1292 4580 1329 4639 ait
1348 4599 1356 4641 :
1374 4602 1385 4632 ι
1402 4579 1456 4651 Qui
1476 4578 1656 4653 propaginem
1678 4583 1806 4660 ”aaut
1824 4574 1879 4637 uni·

239 4660 318 4703 carne
343 4661 374 4701 in
393 4654 471 4704 utero
497 4661 683 4718 proseminari,
702 4655 731 4704 at
747 4663 782 4704 ex
800 4648 908 4704 traduce
936 4648 1033 4705 hdami
1088 4665 1202 4718 marum,
1219 4650 1282 4707 hinc
1296 4667 1326 4709 se
1349 4649 1581 4720 putantinrictius
1602 4664 1680 4706 suam
1693 4661 1881 4705 manifesten-

240 4731 336 4773 omues
358 4716 475 4800 derivari
493 4718 596 4775 animas
612 4735 661 4791 per
682 4734 787 4790 samen,
803 4720 876 4793 quod
895 4735 988 4776 rursus
1006 4722 1034 4776 in
1088 4720 1209 4788 tentum,
1225 4722 1287 4794 quia
1314 4737 1377 4778 cum
1402 4722 1534 4794 scriptum
1560 4719 1596 4776 sit
1618 4719 1769 4776 detraxisse
1796 4718 1878 4798 Deum

240 4789 294 4845 hcc
306 4795 394 4861 capite
408 4788 532 4845 inculcat.
547 4789 614 4846 Luc.
1086 4798 1189 4846 rosum
1208 4792 1240 4847 de
1262 4793 1344 4850 latere
1357 4793 1418 4863 viri,
1434 4806 1547 4865 eamque
1561 4788 1710 4847 aedificasse
1731 4789 1762 4846 in
1782 4788 1879 4845 mulie·

277 4858 334 4928 (33)
346 4861 592 4931 Propter-emotas
605 4861 865 4935 scilicetopt‘iiiones
877 4860 1033 4937 philosoph.
1089 4876 1155 4926 rani,
1172 4877 1226 4917 nou
1249 4870 1291 4918 ast
1304 4864 1436 4932 additum,
1451 4864 1523 4936 quod
1538 4862 1566 4917 in
1586 4861 1645 4931 mus
1668 4860 1768 4917 inciam
1790 4857 1881 4939 andla-

242 4931 271 4986 et
293 4928 391 5011 haeret.
406 4929 473 5011 Cap.
489 4933 534 4998 23,
556 4938 700 5006 antequam
723 4948 799 4989 suam
820 4932 983 4991 sententiam
1000 4934 1035 4990 da
1089 4932 1160 4987 verit
1185 4933 1309 5004 spiritum
1337 4935 1408 5003 vitm,
1433 4935 1504 5007 ideo,
1528 4932 1662 5003 inquiunt,
1682 4931 1748 5003 quia
1774 4931 1810 4988 dc
1826 4942 1881 4987 raro

242 5008 472 5081 proseminatione
494 5001 643 5058 animarum
666 5002 797 5071 aliutiret,
814 5007 949 5062 recensuit
971 5004 1035 5076 opi·
1088 5005 1142 5072 jam
1157 5002 1244 5060 fuerat
1265 5007 1392 5062 animata.
1415 5025 1428 5058 b
1450 5008 1501 5062 Pro
1514 5019 1569 5077 quo
1589 5002 1655 5058 dixit
1678 5008 1776 5061 auctor
1794 5018 1802 5056 ε
1820 5000 1884 5058 lat·

242 5082 338 5124 niones
361 5070 548 5151 haereticorum
573 5073 661 5131 varias
687 5075 758 5131 circa
779 5074 913 5148 originem
939 5074 1036 5133 animae
1089 5076 1149 5130 mot
1158 5077 1222 5146 jam
1244 5080 1273 5133 et
1288 5079 1359 5150 ipso.
1373 5078 1474 5135 Verum
1497 5075 1650 5146 respondet.
1665 5072 1734 5130 nibil
1758 5088 1808 5147 per
1834 5073 1882 5127 hoc

243 5139 647 5220 aelmulautiumphilosophica
667 5143 783 5216 placita,
803 5147 920 5204 maxima
942 5147 1034 5219 plato·
1091 5159 1184 5201 corum
1210 5148 1372 5204 seutentiam
1398 5148 1550 5219 adjurari:
1589 5163 1602 5199 s
1629 5144 1660 5201 Si
1687 5144 1774 5213 anim,
1787 5144 1880 5214 iuquit,

243 5211 809 5343 titttt¹¹⁰tltltl.tl⁰¹²lttttttffl
823 5216 1035 5359 hildibaldi
1088 5215 1218 5347 iiiiii
1232 5219 1617 5348 tt‘stttttttttt
1635 5218 1760 5345 tuta
1782 5217 1884 5358 {ffl-

244 5353 368 5425 apellem
383 5354 504 5424 aemulos,
521 5362 548 5413 et
560 5328 707 5428 discipulos
724 5330 841 5414 Plato'nis
860 5357 954 5415 luisse.
967 5330 1033 5417 Lac:
1088 5369 1163 5415 retur
1185 5333 1228 5418 ax’
1241 5363 1399 5432 parentibus
1416 5361 1514 5429 anima,
1527 5305 1580 5416 gisi
1603 5330 1684 5416 e'tiam
1697 5359 1733 5416 da
1752 5305 1812 5416 Ιἔῖἰο
1835 5358 1885 5412 boc

280 5424 338 5496 (10)
352 5425 438 5483 litam
451 5442 610 5509 rememsis
629 5428 1034 5488 reconsecrationibus
1088 5429 1218 5501 scriptum
1246 5433 1414 5503 reperiretur.
1429 5431 1498 5502 Quia
1524 5444 1590 5489 raro
1613 5429 1727 5490 tacitum
1756 5435 1815 5496 est,
1831 5441 1886 5486 uon

244 5497 627 5629 itt.ttt¹¹ttdt¹tttl⁸
648 5500 1036 5644 lllllilltllldd‘h‘
1088 5511 1215 5576 ”⁹⁸⁸¹¹¹¹¹¹
1229 5519 1317 5577 ¹¹⁶‘¹¹¹⁰
1330 5503 1509 5562 ‘dmm’
1527 5520 1541 5557 ²
1557 5502 1627 5559 ¹³⁴¹·
1714 5587 1717 5590 Δ

630 5611 638 5638 r
986 5590 1002 5633 V
1020 5601 1035 5618 “
