3840 6134
125 337 181 409 ,tut
739 327 803 388 tta.
823 326 857 387 tt
877 330 952 391 tot.
972 329 1173 394 MARCIONEM.

1725 352 1778 412 tet

132 466 158 520 et
170 474 254 515 neom
262 456 395 514 ademit.
404 452 600 511 Demonstrabo
610 456 709 510 autem
717 453 880 525 uobisqueru
893 457 929 513 ti·
944 471 968 552 Α
985 459 1107 531 Spiritus
1116 459 1221 518 docebit
1231 479 1275 520 uos
1287 462 1347 534 ipsa
1358 463 1427 523 bora
1435 469 1503 540 quid
1512 472 1604 543 eloqui
1614 474 1733 535 debeatis
1742 479 1775 532 ⁵⁵.

130 550 234 605 ascetis
244 565 254 600 .·
265 548 362 602 timete
380 558 457 607 eum,
476 542 527 613 put
539 545 689 613 postquam
703 542 930 616 oedderit,pote·

130 640 235 694 staura
250 634 333 690 habet
341 630 477 687 mittendi
490 631 521 686 ia
535 629 703 699 paternam,
721 629 872 687 Creatorem
880 633 931 687 nti-

129 741 185 799 que
203 721 363 795 significans
384 719 419 778 ⁵².
443 721 541 790 ltaque
554 719 616 776 dieo
630 720 715 784 notu,
731 719 807 776 buue
822 722 927 778 timete.

129 814 166 869 Et
178 813 234 868 hcc
248 811 277 865 iu
299 811 360 866 loco
387 807 526 864 sufficeret
544 806 621 873 mihi,
636 807 669 871 si,
685 823 767 880 quem
781 808 870 864 timeri
882 811 929 879 ju-

131 903 188 970 bet,
201 897 307 957 ollandi
329 903 417 961 vetat3
432 902 460 950 et
473 909 555 967 quem
573 894 675 952 aliendi
689 903 771 961 vetat,
796 897 930 952 demereri

129 989 220 1060 jubet;
237 994 265 1043 et
288 984 336 1058 qui
359 985 417 1039 hare
439 982 556 1048 mandat,
571 983 659 1053 ipsius
672 988 724 1048 est,
740 984 784 1039 cui
799 983 928 1050 timenda,

130 1084 156 1134 at
169 1091 225 1133 non
237 1070 620 1137 oliendendo,etdemerenda
630 1077 765 1141 procurat.
777 1071 831 1128 Sed
842 1072 931 1130 habeo

130 1175 157 1223 et
169 1164 205 1221 de
227 1161 403 1233 sequentibus
417 1174 542 1216 sumere:
559 1161 625 1217 Dico
646 1161 723 1217 cutm
737 1160 823 1226 uobis,
834 1161 930 1218 branis

130 1257 179 1330 qui
187 1253 373 1324 confitebitur
386 1251 418 1305 ia
432 1265 477 1308 me
490 1264 585 1306 coram
600 1241 767 1320 homiuibus,
781 1250 931 1320 confitebor

131 1345 162 1401 iu
175 1342 228 1400 illo
247 1356 346 1398 eoram
362 1340 426 1397 beo.
442 1337 494 1406 Qui
508 1335 704 1394 confitebuntur
714 1345 804 1395 autem
818 1340 844 1394 in
856 1339 931 1395 Chri-

130 1440 184 1497 sto,
199 1429 289 1487 occidi
302 1427 438 1483 habebunt
455 1440 547 1482 coram
565 1425 732 1495 hominibus,
747 1426 815 1482 nihil
836 1427 930 1498 ntique

129 1519 247 1592 amplius
261 1517 368 1590 passuri
382 1522 444 1586 post
458 1514 621 1572 occisitmem
645 1516 679 1570 ab
702 1513 764 1572 illis.
781 1515 813 1570 lli
828 1516 854 1554 ⁵³
865 1530 931 1587 ergo

131 1617 214 1666 erunt
238 1621 308 1681 quos
331 1621 413 1676 supra
444 1611 603 1676 praemonet,
631 1619 665 1659 na
687 1603 799 1661 timeant
813 1611 932 1688 tantum·

130 1698 216 1755 modo
229 1695 319 1754 meldi
334 1712 342 1762 ;
364 1694 426 1750 ideo
441 1693 609 1766 praemittens
627 1707 683 1748 non
697 1692 843 1750 timendam
857 1694 933 1751 occi·

985 545 1014 601 Si
1037 547 1173 615 ejusmodi
1195 548 1384 608 documentum
1400 555 1533 613 Crantoris
1548 568 1598 625 est,
1614 564 1674 632 ejas
1687 568 1737 620 erit
1752 575 1778 622 et

984 644 1166 706 praeceptum,
1199 638 1276 706 cujus
1309 643 1446 710 precessit
1474 646 1649 719 exemplum.
1672 654 1777 710 Balaam

983 723 1130 793 prophetes
1144 723 1171 777 in
1187 724 1317 782 Arithmis
1330 729 1426 797 (Num.
1437 733 1521 804 1111),
1533 737 1702 796 arcessitusa
1715 759 1778 816 rege

985 811 1081 867 Balach
1097 812 1131 867 ad
1146 813 1359 870 maledicendum
1387 819 1526 888 lsraelem,
1554 839 1681 898 tamquo
1711 846 1780 899 prar-

983 897 1051 954 lium
1065 898 1159 965 inibat,
1175 900 1254 956 simul
1270 901 1373 974 Spiritu
1387 905 1563 980 implebatur;
1583 929 1639 969 non
1651 916 1685 971 ad
1700 934 1780 988 qaam

982 995 1096 1043 venerat
1121 988 1347 1058 maledictionem,
1378 994 1427 1049 sed
1451 1012 1532 1069 quam
1557 999 1596 1055 illi
1624 1001 1683 1075 ipsa
1714 1007 1781 1062 hora

983 1075 1102 1147 Spiritus
1129 1079 1305 1152 suggerebat,
1334 1081 1548 1142 benedictionem
1580 1094 1778 1163 pronuntiabat,

983 1171 1045 1219 ants
1073 1163 1211 1234 protessus
1234 1166 1304 1238 apud
1328 1170 1437 1227 nuntios
1460 1174 1551 1246 regios
1571 1178 1606 1247 ⁵⁹,
1623 1195 1687 1238 mox
1701 1181 1782 1238 etiam

984 1253 1055 1325 apud
1071 1251 1170 1323 ipsum,
1200 1253 1225 1308 id
1249 1271 1279 1312 se
1307 1259 1545 1328 pronuntiaturum
1567 1268 1640 1337 quod
1654 1269 1726 1326 Deus
1741 1271 1781 1327 ori

983 1343 1044 1413 ejus
1058 1341 1209 1398 indidisset.
1232 1344 1279 1399 lhn
1293 1353 1357 1402 suut
1374 1362 1452 1405 norm
1470 1349 1600 1409 doctrinas
1618 1357 1681 1412 nori
1701 1359 1781 1416 Chri-

984 1431 1030 1496 sti,
1046 1446 1113 1502 quas
1141 1431 1205 1487 olim
1227 1431 1319 1489 lamttli
1343 1434 1479 1494 Crantoris
1501 1440 1685 1501 initiaverunt.
1716 1448 1782 1505 Ecce

984 1517 1065 1591 plane
1079 1517 1216 1574 diversum
1235 1521 1389 1593 exemplum
1406 1525 1495 1597 Moysi
1507 1536 1534 1583 et
1549 1530 1657 1588 Christi.
1673 1534 1782 1608 Moyses

985 1606 1133 1664 urentibus
1152 1606 1281 1662 iratribus
1296 1609 1367 1667 ultro
1386 1612 1528 1671 intercedit
1542 1619 1568 1658 ⁵⁰
1582 1622 1649 1690 (tt),
1665 1622 1781 1694 injurio-

986 1712 1047 1755 sum
1061 1696 1181 1768 increpat
1196 1712 1203 1752 :
1222 1696 1295 1765 Quid
1303 1703 1470 1771 proximum
1481 1702 1566 1762 132
1582 1712 1665 1765 tuum
1678 1729 1782 1783 percu·

132 1787 256 1852 sionem,
268 1791 297 1840 ut
309 1783 487 1854 subjungeret
501 1781 710 1838 substruendam
723 1782 748 1821 ⁵⁵
763 1780 842 1838 431
867 1797 933 1841 con·
949 1765 972 1843 Β
988 1788 1048 1842 tis?
1067 1793 1094 1840 et
1113 1785 1235 1854 rejicitur
1253 1786 1287 1840 ab
1302 1787 1349 1842 illo
1366 1806 1373 1843 :
1393 1790 1460 1858 Quis
1482 1798 1510 1848 te
1523 1801 1673 1855 coustituit
1691 1806 1783 1873 mapi-

132 1874 283 1932 tensionem
296 1890 305 1927 ι
322 1874 353 1928 st
367 1873 459 1931 amuis
484 1873 533 1943 put
547 1872 691 1943 aepnoerit
704 1885 749 1926 me
765 1887 860 1928 coram
884 1872 935 1928 lto·
986 1877 1139 1931 strumaut
1149 1873 1277 1945 judicem
1290 1891 1377 1947 super
1389 1879 1465 1934 uos?
1479 1880 1600 1939 Christus
1613 1902 1677 1944 vera
1692 1900 1785 1958 postu·

137 1963 277 2028 mntem,
290 1960 470 2034 armabitur
483 1975 578 2016 eoram
592 1963 646 2016 Deo
657 1979 667 2027 ,·
678 1958 711 2014 ab
726 1974 759 2014 eo
774 1959 869 2032 utique
887 1961 934 2037 qui
986 1962 1057 2018 latus
1071 1978 1087 2018 a
1100 1962 1227 2035 quodam,
1243 1970 1273 2018 ut
1283 1970 1353 2020 later
1367 1965 1442 2022 illum
1453 1975 1478 2024 et
1493 1970 1599 2028 tratrem
1611 1974 1697 2045 ipsius
1711 1978 1746 2034 de
1758 1979 1782 2018 ⁵¹

131 2051 215 2110 illurn
238 2050 409 2108 confitentem
444 2049 620 2106 conlessnrus
656 2048 762 2105 luisset.
798 2048 826 2103 Si
862 2048 934 2106 enim
986 2051 1130 2108 diuidenda
1155 2051 1311 2109 haereditate
1343 2066 1527 2130 componeret,
1558 2077 1666 2133 operam
1695 2084 1781 2138 suam,

130 2142 320 2199 wnlessorem
334 2138 516 2204 confitebitur,
531 2139 588 2209 ipse
607 2146 649 2193 est
671 2138 717 2210 qui
733 2144 761 2194 et
774 2146 932 2211 negatorem
985 2149 1012 2198 et
1026 2139 1134 2213 quidam
1150 2148 1203 2195 tam
1218 2141 1308 2210 probae
1334 2157 1433 2213 cause,
1455 2147 1608 2220 denegarit.
1634 2153 1694 2210 lam
1717 2170 1784 2228 erga

130 2230 256 2303 negabit.
286 2231 380 2295 Porro,
404 2228 427 2284 si
452 2228 592 2284 confessor
614 2234 665 2294 est,
690 2227 735 2284 cui
754 2226 820 2282 nihil
836 2227 932 2284 timen-
986 2229 1081 2286 melior
1102 2230 1208 2300 hlapses
1231 2245 1311 2287 maus
1330 2229 1436 2291 Christo
1453 2241 1510 2304 tuo,
1525 2237 1637 2296 fratrum
1652 2244 1710 2312 paci
1726 2250 1785 2300 stu-

130 2319 200 2379 dum
228 2327 272 2376 es,
298 2325 361 2391 9⁰⁵¹
378 2315 554 2385 occisionem,
569 2315 748 2390 negatorerit
771 2315 814 2370 eui
837 2315 933 2371 timen·
985 2319 1064 2384 dens,
1079 2317 1187 2387 injuriae
1203 2334 1358 2376 occurrens.
1384 2322 1532 2380 Sedenim
1558 2328 1654 2400 optimi
1681 2343 1708 2388 et
1729 2348 1785 2390 non

130 2410 198 2467 dum
212 2408 350 2465 estetiam
374 2413 581 2477 postmortem.
604 2406 694 2477 ltaque
716 2419 778 2460 cum
799 2404 933 2461 Creatoris
983 2407 1085 2481 judicis
1100 2407 1150 2463 hai
1163 2407 1304 2466 Christus:
1321 2412 1385 2480 Quis
1400 2430 1454 2480 rue,
1471 2412 1568 2486 inquit,
1581 2419 1709 2489 judicem
1723 2439 1787 2479 eorr-

131 2499 168 2558 sit
188 2499 265 2572 quod
282 2500 432 2555 timendum
447 2505 488 2552 est
505 2504 569 2567 post
591 2503 715 2561 mortem,
731 2494 863 2567 gehenuae
877 2495 932 2550 sci·
985 2499 1083 2555 stituit
1097 2515 1182 2570 super
1194 2498 1263 2555 vos?
1285 2500 1375 2556 Aliam
1389 2517 1484 2559 vocem
1503 2507 1683 2564 excusationis
1705 2510 1786 2567 inve·
1840 2502 1846 2509 ’

131 2590 197 2645 tiara
211 2604 303 2661 poena,
319 2597 347 2642 et
360 2596 473 2658 negator
499 2601 563 2656 ergo
582 2583 717 2641 Creatoris
730 2591 778 2640 est.
795 2583 824 2640 Si
843 2592 933 2641 cutem
985 2588 1043 2645 nire
1057 2603 1112 2644 non
1127 2589 1224 2661 potuit,
1239 2605 1274 2645 ne
1294 2605 1327 2646 ea
1349 2598 1470 2649 uteretur
1492 2610 1544 2667 qua
1573 2597 1712 2668 improbus
1733 2603 1784 2668 vir,

133 2684 160 2735 et
173 2685 299 2747 negator,
314 2686 341 2732 et
364 2674 515 2741 contessor,
532 2674 579 2745 qui
593 2681 654 2746 post
676 2672 842 2731 occisionem
865 2672 933 2727 nihil
985 2687 1014 2735 et
1030 2677 1130 2749 impius
1153 2676 1234 2733 irater
1254 2690 1417 2736 assertorem
1441 2683 1581 2751 probitatis
1596 2694 1676 2758 utque
1699 2689 1785 2759 pieta-

132 2766 291 2822 abhamiae
314 2780 443 2837 passurus
469 2771 550 2831 est,a
572 2764 630 2818 Deo
654 2761 733 2834 plane
756 2779 886 2833 passurus
910 2762 934 2817 si
986 2766 1020 2821 tis
1056 2774 1220 2822 excussemt.
1244 2767 1368 2838 Denique
1391 2769 1515 2840 probavit
1545 2776 1643 2829 malam
1680 2792 1785 2846 vocem,

133 2864 254 2929 negaret,
279 2864 361 2927 atque
386 2855 422 2909 ita
443 2853 569 2909 Christus
590 2852 723 2908 Creatoris
745 2860 797 2917 est,
817 2853 863 2926 qui
885 2868 932 2909 os·
988 2853 1090 2910 utendo
1104 2869 1147 2919 ea,
1168 2861 1195 2909 et
1221 2853 1323 2910 malum
1351 2856 1459 2924 laetum,
1489 2860 1562 2930 pacis
1591 2862 1661 2919 inter
1690 2865 1785 2923 tratres

134 2945 220 3001 oeudit
243 2952 388 3015 negatores
410 2958 476 3000 suos
500 2942 633 2998 Creatoris
660 2942 812 3013 gehennam
840 2941 933 2998 timere
988 2943 1184 3012 componendae
1215 2942 1407 3002 declinatione.
1437 2948 1492 3002 Ant
1524 2952 1654 3024 narisquid
1678 2953 1786 3029 indigne

133 3033 244 3091 debere.
258 3035 323 3089 Post
337 3032 492 3089 deterritam
509 3032 599 3103 itaque
612 3030 797 3102 negationem,
813 3031 932 3101 sequitur
948 3044 971 3124 c
985 3030 1083 3097 tulerit,
1117 3031 1170 3086 hoc
1201 3030 1273 3087 dicto
1299 3032 1419 3102 iugatum
1448 3037 1590 3109 hloysent
1619 3042 1732 3115 ideoque
1759 3045 1787 3101 in

134 3122 350 3195 “blasphemiae
369 3122 543 3178 lormidaudae
561 3118 733 3176 admonitio:
758 3120 810 3188 Qui
828 3119 935 3176 dicerit
991 3136 1071 3178 causa
1101 3119 1159 3190 pari
1200 3120 1417 3192 disceptantium·
1447 3124 1570 3193 fratrum,
1608 3131 1691 3186 voluit
1726 3133 1787 3190 illos

137 3213 285 3271 „sip-„m
314 3212 433 3270 pomini,
464 3211 532 3282 (23),
549 3211 714 3268 remittetur
740 3210 800 3275 ute
820 3223 868 3282 qus
882 3226 936 3266 ou·
989 3210 1242 3268 commemoratione
1268 3210 1391 3280 ejusdem
1419 3211 1485 3268 dieti
1511 3214 1688 3275 contudisse?
1708 3221 1787 3277 Plana

138 3307 194 3361 tem
206 3302 345 3359 ⁵⁵dsnertt
357 3303 387 3357 iu
397 3302 537 3372 Spiritum
550 3304 691 3364 sonetum,
703 3314 759 3354 uota
770 3300 937 3356 remittetur
990 3300 1038 3359 ita.
1063 3301 1123 3370 lpse
1151 3298 1223 3354 enim
1245 3306 1309 3354 tuno
1329 3298 1416 3355 luerat
1437 3302 1464 3356 iu
1479 3303 1584 3376 bloyse,
1599 3306 1645 3377 qui
1657 3307 1721 3363 talia
1734 3325 1787 3367 au-

138 3408 171 3449 a,
186 3392 265 3463 Quod
283 3391 306 3445 gi
318 3390 376 3460 jam
399 3389 524 3445 remissio
539 3395 566 3444 et
578 3389 695 3444 retentio
709 3386 798 3443 delicti
814 3387 936 3457 judicem
989 3389 1084 3456 dierat,
1115 3387 1226 3460 spiritus
1252 3387 1353 3445 scilicet
1377 3390 1519 3448 creatoris.
1550 3394 1619 3449 Puto
1644 3396 1701 3465 jam
1724 3398 1788 3457 ahbi

138 3481 223 3538 Deum
247 3480 365 3552 mium,
389 3479 471 3550 huju,
494 3479 519 3518 so
542 3478 594 3534 erit
612 3477 729 3548 spiritus
753 3485 861 3533 sanctus
881 3493 935 3534 aon
989 3480 1055 3536 satis
1068 3479 1272 3535 commendasse
1290 3493 1341 3533 nos
1360 3478 1514 3536 divitiarum
1528 3481 1642 3554 gloriam
1665 3486 1788 3547 damnari

140 3570 383 3644 mmm,
407 3585 462 3627 non
494 3568 636 3625 ,emissus
667 3567 771 3623 senice,
802 3568 934 3638 blaspha·
989 3570 1077 3624 aneo
1093 3576 1196 3638 nostra,
1211 3566 1425 3639 ipsosdynastas
1445 3569 1603 3628 detrahente
1619 3574 1744 3643 desalio,
1761 3587 1789 3634 et

142 3663 233 3728 miam3
249 3664 321 3718 sicut
335 3670 362 3717 et
382 3676 463 3731 supra
489 3674 545 3716 nou
572 3655 724 3730 negandus,
740 3657 857 3714 occisuri
878 3659 934 3716 sci·
989 3673 1121 3728 pauperes
1135 3657 1265 3711 allevante
1281 3657 1313 3710 de
1329 3656 1499 3728 sterquilinio
1521 3659 1607 3730 (Psnl.
1636 3678 1706 3732 cxrr,
1730 3666 1786 3737 ts).

143 3749 202 3807 lieet
226 3751 308 3806 etiam
330 3749 358 3804 in
382 3750 541 3822 geliennam.
566 3746 646 3816 Quod
660 3746 684 3802 si
698 3753 726 3802 et
740 3746 934 3819 blasphemiam
988 3749 1030 3803 Ab
1057 3763 1089 3804 eo
1105 3762 1171 3820 ergo
1186 3747 1237 3802 erit
1258 3753 1286 3801 et
1311 3748 1441 3817 parabola
1454 3747 1544 3807 divitis
1557 3750 1720 3809 blandientis
1736 3755 1788 3812 sihi

145 3840 262 3896 Christus
286 3838 568 3906 isCreatureasertit,
594 3836 734 3910 quomodo
766 3836 936 3892 adversarius
988 3837 1023 3894 de
1050 3843 1181 3908 proventu
1210 3850 1335 3909 ³sss⁰s¹¹¹¹¹
1362 3849 1498 3906 ⁸⁰⁰s⁰mt
1521 3837 1567 3895 ⁰¹¹5
1599 3841 1673 3898 ⁰⁹⁰³
1700 3842 1786 3910 dim?

146 3930 169 3985 ei
190 3930 300 3995 senuit,
315 3944 371 3984 uon
396 3929 461 3984 seio.
481 3929 535 3982 Aut
550 3927 573 3981 si
588 3932 615 3983 et
628 3941 677 3997 per
691 3926 750 3981 haee
764 3926 933 3984 severitatem
989 3928 1093 3994 Stulte,
1108 3922 1160 3980 hac
1174 3928 1255 3982 rtoote
1265 3926 1393 3981 auiruam
1405 3928 1726 4002 tuarureposeeat:putc
1736 3950 1788 3989 au-

146 4019 199 4089 at'us
212 4017 337 4086 infuscat,
356 4031 414 4072 nou
438 4016 576 4072 remissuri
602 4015 806 4086 blasphemiam,
829 4022 856 4071 et
883 4033 932 4075 oc·
989 4018 1046 4071 lem
1066 4014 1189 4086 dalmi»
1213 4014 1293 4084 “⁵1⁵³
1307 4012 1332 4050 ⁰²
1355 4018 1441 4070 5755555
1456 4013 1471 4068 Ῠ
1484 4013 1530 4071 55⁰
1553 4016 1670 4090 denique
1688 4035 1734 4075 ⁵⁰⁵
1753 4021 1788 4076 ⁶⁵

148 4108 220 4164 amari
245 4107 327 4164 etiarn
340 4106 368 4161 in
381 4107 543 4178 gehennam,
563 4113 687 4176 superest
708 4113 737 4160 ut
759 4112 787 4160 et
808 4104 879 4162 illius
892 4107 933 4162 di·
986 4103 1061 4174 gazis
1093 4110 1121 4156 et
1141 4101 1278 4173 apothecis
1299 4100 1457 4159 deliciarum
1477 4119 1585 4161 suarum
1621 4108 1697 4178 apud
1723 4111 1789 4166 Per

149 4200 210 4257 tersi
241 4198 292 4255 Dei
332 4197 443 4269 impune
469 4204 497 4252 et
532 4194 648 4266 Spiritus
675 4196 886 4269 blasphemetur,
909 4204 937 4253 et
990 4209 1034 4250 tot
1049 4189 1190 4263 8¹⁰⁵i³¹⁵⁵2
1205 4204 1253 4260 per
1267 4189 1363 4246 1⁵⁵⁵⁵¹¹¹
1387 4192 1458 4262 (⁵³P·
1474 4197 1576 4264 ¹¹¹³)
1592 4196 1661 4250 ‘⁵³¹⁰
1674 4195 1786 4255 au‘livit·

152 4285 261 4346 camp„
283 4292 408 4361 metus,
437 4292 465 4342 et
490 4284 557 4341 nihil
584 4284 693 4341 intersit
718 4284 752 4341 de
772 4282 847 4341 cultu
865 4285 975 4404 ejus,⁰
1275 4332 1387 4388 CAPUT
1404 4333 1500 4390 xm

152 4373 208 4434 dape
227 4382 402 4446 sontemptu3
426 4382 455 4431 at
477 4375 546 4432 sictu
568 4374 603 4430 de
617 4380 775 4445 contemptu
788 4373 860 4428 nulla
873 4390 936 4446 pue·
1501 4373 1511 4392 ’

153 4478 188 4531 Μ’
201 4467 236 4522 iu
254 4476 282 4523 et
304 4464 338 4521 de
356 4464 431 4520 culm
454 4464 529 4520 nun,
543 4462 678 4537 spemnd,
695 4461 730 4516 δὴ
743 4476 858 4518 memes,
873 4463 937 4519 pes.
1026 4458 1093 4529 Quis
1108 4457 1190 4516 nollet
1204 4471 1297 4515 curam
1311 4472 1362 4514 nos
1376 4473 1455 4531 agere
1469 4474 1565 4514 animae
1593 4462 1627 4518 da
1652 4463 1736 4533 victu,
1761 4475 1789 4525 et

153 4551 237 4613 tum,
249 4555 274 4596 ss
288 4554 324 4610 sd
334 4560 496 4626 potestates,
511 4553 637 4625 prohibet
650 4552 684 4608 ad
699 4550 938 4622 interrogationem
991 4548 1160 4622 corporisne
1182 4547 1293 4620 uestitu,
1306 4546 1359 4603 nisi
1373 4547 1420 4620 qui
1447 4547 1499 4603 ista
1512 4547 1615 4606 homini
1634 4562 1697 4610 ante
1724 4571 1789 4626 pro-

155 4647 259 4719 agitare
286 4643 322 4703 ds
351 4641 529 4716 responsione
554 4661 561 4699 r
584 4643 705 4701 Sanetus
724 4641 811 4711 entra,
840 4639 938 4713 inquit,
993 4640 1141 4712 aperitet
1167 4639 1265 4698 exinde
1283 4647 1425 4712 praestans,
1452 4639 1549 4700 metito
1572 4656 1664 4699 curam
1693 4656 1788 4701 etrum

829 4765 927 4829 Varia
946 4768 1102 4830 lectiones.

181 4874 204 4916 ⁵²
216 4876 378 4951 Sipnibmns
392 4878 487 4936 omitt.
503 4876 590 4935 Seml.
604 4872 629 4915 ⁵³
643 4874 693 4931 ilic
705 4875 811 4957 timuit.
831 4875 923 4932 t'cuet.
952 4872 1183 4958 ⁵⁵Sustinendam
1198 4873 1308 4958 Obertlt,
1324 4873 1349 4912 ⁵⁵
1363 4874 1404 4929 llli
1417 4881 1506 4931 autem
1521 4873 1568 4946 qui
1587 4875 1668 4959 Pam.
1683 4873 1709 4916 ⁵⁶
1731 4876 1788 4933 Gu-

152 4947 319 5080 jgsciemttitffl
335 4951 489 5008 Productus
514 4950 554 5004 at.
571 4947 776 5021 ⁵⁵Eloquamrm
789 4947 828 5006 al.
844 4947 869 4986 ⁵⁵
896 4947 980 5021 Regis
998 4946 1082 5004 Semi.
1097 4945 1123 4986 ⁵⁰
1143 4947 1179 5003 Et
1202 4951 1344 5020 premat.
1360 4947 1447 5005 libra.
1463 4946 1487 4987 ⁵¹
1503 4948 1544 5004 De
1562 4953 1657 5006 omitt.
1695 4950 1789 5009 Veuet.

302 5063 308 5078 ¹
840 5091 1089 5157 Commentarius.

183 5204 236 5273 (db)
254 5202 307 5272 Qui
321 5201 470 5259 dinerttiu
485 5201 592 5258 Filium
606 5200 735 5269 bominis,
751 5207 804 5255 etc.
820 5197 876 5253 Etsi
886 5213 941 5254 non
995 5199 1102 5256 Fmtres
1125 5207 1213 5267 vocat,
1229 5198 1275 5272 qui
1303 5215 1335 5256 ex
1358 5199 1454 5257 eodem
1478 5207 1568 5257 essent
1582 5217 1682 5274 genere
1696 5203 1792 5270 lsrael,

151 5275 286 5345 expansus,
321 5283 410 5330 umen
436 5272 646 5346 subintelhgitur
680 5272 713 5326 ah
743 5278 861 5336 suntme,
894 5272 942 5344 qui
996 5273 1077 5344 paulo
1104 5282 1165 5344 post
1179 5272 1289 5344 proprie
1308 5271 1413 5343 accipit,
1430 5279 1456 5327 et
1469 5273 1642 5344 injuriosum
1658 5275 1792 5331 transtulit

156 5344 489 5419 lamentamur-rutam,
510 5358 606 5415 proeo
628 5344 699 5415 quod
713 5339 757 5396 alii
778 5344 849 5415 :put
867 5340 941 5398 blas·
996 5360 1050 5398 una
1064 5358 1131 5401 voce
1144 5345 1216 5416 quod
1237 5344 1333 5400 Graece
1347 5351 1386 5399 est
1408 5344 1492 5399 Esod.
1522 5346 1556 5415 ll,
1590 5342 1717 5398 ἄδαοῦντι
1732 5361 1815 5412 .pro.

147 5418 329 5490 pheorauerit,
359 5426 414 5473 tam
436 5431 469 5472 ex
498 5415 595 5472 Graeou
622 5430 703 5485 qnam
727 5412 943 5484 Syriuc0,sieuti
997 5429 1040 5483 eo,
1057 5416 1102 5488 qui
1117 5414 1246 5485 injuriam
1262 5417 1393 5484 iaciebat;
1415 5424 1441 5470 et
1454 5417 1526 5487 quod
1541 5416 1638 5471 mirum
1654 5424 1706 5480 cst,
1726 5432 1791 5471 ura-

148 5497 217 5559 pstet
239 5505 273 5545 er
295 5487 388 5547 serbis
415 5487 601 5560 sequentibus,
618 5485 705 5557 liujus
733 5486 788 5541 ertt
816 5484 943 5557 Spiritus
996 5488 1119 5559 pisteusis
1133 5487 1277 5557 transtulit,
1288 5488 1361 5561 quod
1374 5488 1469 5545 Graece
1488 5493 1528 5542 est
1547 5487 1659 5559 ἄρχοντα
1673 5499 1792 5558 proquo

147 5566 331 5619 marturano
344 5560 591 5634 blasphemandus.
608 5559 676 5613 Pru.
997 5559 1096 5634 ubique
1110 5559 1183 5631 alibi,
1200 5568 1227 5618 et
1243 5558 1362 5635 proprie,
1370 5559 1541 5635 prinoipem.
1561 5560 1631 5617 tna

177 5634 238 5719 (st)
253 5631 527 5709 lamentantibus
540 5628 678 5707 praeatus
692 5630 770 5689 ultro
779 5627 943 5691 iutuoodit.
