3840 6134
127 277 183 340 957
663 268 761 333 btblttt
779 270 824 333 bn
856 270 1043 363 vitalitatis
1062 271 1238 333 vntmbts.
1726 272 1781 334 958

128 409 255 461 naturam
276 414 465 458 consecramus
487 400 552 470 (85).
572 397 645 475 Ergo
668 399 741 470 quod
764 413 818 455 nou
840 405 929 470 potest
943 415 968 495 g
982 398 1086 455 honore
1098 404 1125 456 et
1138 397 1275 455 charitatis
1295 399 1450 471 operatione
1468 401 1701 470 commutandum
1724 417 1780 459 non

127 488 217 550 sideri
229 494 343 559 propter
364 489 450 544 Deum
464 486 535 555 fieri,
559 487 625 562 quia
638 487 677 544 sic
697 486 757 544 beri
786 487 857 543 Deos
872 504 927 544 nou
982 489 1066 545 ιιιειιι
1078 487 1124 543 ubi
1145 488 1210 560 quid
1224 483 1248 527 fl
1274 487 1419 546 admissum
1442 497 1493 556 εει,
1515 496 1619 547 mutum
1638 489 1780 546 dedecoris

127 572 217 637 908
235 574 301 642 vult,
324 575 447 647 sequitur
461 585 491 630 ut
504 574 739 646 hominumgratia
752 575 817 642 bat;
834 575 927 649 utique
982 576 1117 649 cogitant,
1139 585 1271 650 quantum
1289 576 1399 634 honoris
1421 577 1579 633 habuerunt.
1597 577 1626 633 Si
1649 577 1781 635 intectum

129 664 219 737 primo
233 661 369 732 illicitum,
385 671 415 719 ut
428 664 522 736 gforiae
542 664 724 721 libidinosum.
740 663 834 720 Gloria
853 664 926 720 enim
982 672 1063 738 eaput
1076 664 1223 739 virginitati
1244 665 1415 736 adscribitur,
1430 667 1454 722 si
1478 683 1531 739 qua
1553 667 1630 740 virgo
1651 667 1780 727 exciderit

129 751 255 810 illicitum
278 759 320 806 εει
343 749 393 819 eis,
415 765 528 822 quorum
547 751 669 824 probatio
691 751 720 806 in
743 751 816 809 omni
840 750 929 807 humi·
984 754 1018 810 de
1032 755 1120 828 gratia
1132 754 1306 828 uirginitatis,
1322 771 1355 811 ue
1372 756 1513 827 predatur,
1525 755 1624 811 intecto
1640 765 1780 827 permanet

130 840 241 898 fictione
262 838 414 895 13εοιιειιι.
429 839 463 896 Et
485 839 508 895 si
530 842 617 897 abeo
635 840 775 897 confertur
788 842 928 899 continen-
984 844 1072 915 capito
1088 863 1094 899 :
1111 851 1139 901 et
1162 845 1297 914 tuncjam
1316 843 1404 899 alieno
1419 844 1535 901 ambulat
1558 843 1661 914 habitu,
1690 844 1717 900 id
1740 851 1782 902 est

131 929 178 988 tia
210 927 309 986 virtus.
343 927 414 997 Quid
440 929 572 1002 gloriaris
599 933 680 1004 quasi
704 946 762 987 nan
789 932 930 1004 acceperis
984 949 1065 1005 quem
1080 932 1132 989 sibi
1145 932 1438 1004 uindicattirginitas:
1455 940 1595 1003 permanet
1608 932 1782 991 nihilominus

132 1019 158 1093 (1
175 1019 235 1076 Cer.
248 1033 287 1084 tv,
297 1019 325 1087 ι)
338 1035 345 1072 :
357 1018 387 1074 Si
397 1033 460 1076 uero
469 1035 528 1075 non
536 1021 680 1093 accepisti,
691 1019 758 1093 quid
768 1019 850 1077 labes
860 1019 932 1093 quod
985 1021 1014 1077 in
1028 1020 1132 1092 habitu,
1147 1022 1187 1079 rel
1202 1030 1266 1078 tunc
1288 1022 1382 1079 saltem
1400 1021 1498 1092 alieno,
1514 1038 1548 1080 ue
1569 1022 1674 1078 scilicet
1696 1029 1782 1077 muta·

133 1106 236 1164 datum
254 1104 306 1163 tibi
320 1122 377 1164 non
396 1104 461 1164 est?
476 1108 532 1164 lloe
546 1108 605 1180 ipso
622 1117 712 1165 eutem
725 1115 830 1165 constat
843 1125 860 1164 a
873 1109 931 1166 Deo
986 1110 1059 1166 tione
1081 1109 1210 1180 prodatur
1237 1108 1305 1181 (99).
1333 1109 1455 1167 Consciae
1476 1108 1648 1166 mulieritatis
1675 1109 1700 1148 7⁸
1725 1109 1783 1179 iam

132 1198 224 1255 datam
246 1196 272 1236 fb
298 1195 347 1250 libi
370 1211 425 1253 non
451 1213 522 1265 esse,
548 1199 619 1268 quod
643 1198 715 1255 illum
728 1214 783 1255 nou
797 1198 848 1256 soli
871 1202 931 1258 Deo
986 1198 1155 1266 indubitatae,
1171 1198 1275 1254 audent
1288 1196 1362 1254 nudo
1374 1197 1464 1270 capite
1479 1199 1513 1253 ad
1526 1199 1612 1253 1)ειιιιι
1627 1197 1711 1253 adire.
1727 1195 1783 1253 Sed

92 1286 97 1299 “
134 1291 258 1359 prasus.
284 1284 430 1343 Videamus
452 1300 520 1360 ergo
543 1287 616 1361 quod
642 1286 789 1345 humanum
811 1297 864 1356 est,
897 1305 932 1346 an
987 1287 1125 1344 aemulator
1138 1287 1212 1343 Deus
1225 1294 1253 1342 ει
1266 1286 1409 1356 Doriones,
1426 1288 1471 1359 qui
1490 1285 1559 1343 dixit
1574 1304 1580 1341 ι
1597 1285 1783 1344 Nibileecul-

133 1371 243 1431 firmum
258 1373 293 1429 sit
306 1378 333 1430 et
349 1389 454 1432 serunt.
987 1377 1132 1450 tumqued
1143 1393 1203 1441 nen
1216 1376 1388 1435 revelabitur
1400 1377 1458 1447 (99)
1477 1376 1585 1448 (ιιειιιι.
1601 1392 1632 1445 x,
1648 1374 1706 1447 86),
1728 1372 1785 1447 ple·

430 1516 544 1574 CAPUT
561 1517 625 1575 XIV
988 1480 1085 1536 rosque
1112 1465 1194 1523 etiam
1221 1465 1250 1521 in
1276 1471 1447 1535 conspectum
1476 1464 1594 1521 deducit.
1623 1464 1684 1519 Non
1711 1463 1784 1520 enim

630 1562 638 1578 ’
989 1553 1203 1620 confitebuntur,
1238 1554 1290 1612 nisi
1330 1554 1449 1626 ipsomm
1491 1551 1632 1610 infantium
1669 1567 1782 1609 suorum

169 1639 303 1700 Referunt
325 1641 469 1716 aliquando
492 1642 594 1701 dietum
624 1644 778 1717 aquodam
801 1645 846 1713 ³⁵,
871 1661 934 1702 eum
988 1644 1124 1717 uagitibus
1151 1643 1273 1715 prodite.
1300 1643 1438 1713 Quantum
1467 1651 1557 1699 autem
1592 1644 1702 1714 plures,
1729 1656 1784 1698 non

134 1727 254 1802 primum
282 1729 394 1803 questio
423 1729 475 1787 ista
503 1739 603 1787 tentata
621 1740 664 1788 est
692 1752 699 1789 :
728 1732 761 1787 Et
796 1733 933 1805 quomodo
950 1703 1065 1792 Batiam
1095 1733 1130 1790 de
1156 1732 1282 1806 pluribus
1304 1733 1451 1790 sceleribus
1478 1742 1619 1804 suspectas
1642 1730 1781 1788 babebis?

136 1822 249 1876 ceterae
261 1817 467 1876 sollicitabimus
485 1821 519 1876 ad
537 1820 695 1891 hujusmodi
713 1835 784 1893 opus
796 1823 864 1893 (86).
875 1823 933 1880 Sei·
986 1822 1090 1889 Dicam,
1119 1821 1182 1877 lieet
1205 1819 1300 1890 nobm‚
1331 1818 1442 1876 difficile
1470 1819 1566 1876 mulier
1590 1820 1675 1876 semel
1703 1818 1734 1875 fit
1747 1820 1783 1890 ⁷⁹,

137 1903 202 1965 licet
215 1905 304 1962 felices
314 1921 365 1962 uos
380 1907 488 1975 faeiem,
505 1908 528 1964 si
542 1909 633 1980 plures
653 1915 743 1977 erunt,
771 1918 798 1967 ει
814 1925 870 1968 non
884 1912 934 1968 [lei
987 1927 1048 1983 quae
1062 1926 1115 1967 nou
1132 1912 1209 1966 timet
1229 1909 1289 1966 ficri
1303 1909 1374 1983 (tt),
1387 1923 1502 1981 qumque
1521 1908 1579 1978 jam
1604 1907 1671 1964 taeta
1695 1914 1786 1978 potest

136 1994 225 2070 gratia
242 1996 284 2052 vel
309 1996 404 2053 merita
427 1997 568 2072 cujusque.
586 1998 713 2074 Virgines
730 1999 884 2069 ecclesiam,
899 2015 934 2056 an
987 1999 1121 2073 uirginem
1147 1999 1257 2055 mentiri
1278 2000 1329 2055 snb
1350 2000 1418 2054 Deo.
1433 1996 1539 2066 Quanta
1553 1996 1618 2052 item
1640 1995 1786 2052 circautc-

134 2081 250 2139 ecclesia
286 2082 405 2158 virgines
431 2095 510 2143 ornat
545 2089 613 2154 Deo,
652 2088 709 2146 sire
739 2088 933 2146 commendati
988 2104 1048 2144 rum
1062 2104 1141 2144 suum
1154 2087 1274 2154 audebit,
1290 2102 1325 2143 ne
1344 2087 1426 2144 etiam
1450 2095 1536 2141 mater
1558 2082 1715 2157 detegatur!
1732 2083 1787 2139 Scit

136 2170 268 2229 (ιοιιιεεει
303 2179 345 2230 εει
376 2175 459 2248 igitur
492 2177 604 2248 gloriam
635 2175 661 2217 7⁶
696 2193 758 2235 esse
786 2178 814 2234 in
841 2193 934 2236 causa.
987 2176 1188 2249 Deus⁸⁰quod
1201 2177 1256 2246 (ιιι
1276 2175 1394 2232 infantes
1413 2183 1440 2231 et
1454 2171 1546 2244 perfici
1569 2179 1596 2229 ct
1620 2171 1732 2244 perduci
1752 2171 1787 2227 ad

136 2258 222 2316 Porro
236 2259 282 2317 nbi
312 2261 408 2334 gloria,
424 2261 479 2319 illic
497 2264 650 2322 sollicitatio
676 2267 751 2338 (87);
769 2268 815 2324 ubi
830 2265 934 2325 sollici·
989 2275 1096 2338 partum
1119 2265 1241 2338 integros
1265 2264 1383 2329 duxerit,
1405 2261 1556 2319 debellatos
1586 2258 1742 2333 aliquandiu
1771 2274 1788 2314 a

136 2347 213 2415 tatio,
234 2348 290 2406 illic
318 2353 441 2424 coacti03
472 2352 518 2409 ubi
545 2354 660 2422 coactio,
687 2354 742 2411 illie
768 2355 935 2426 necessitas,·
988 2352 1128 2412 matribus.
1152 2352 1290 2410 Facillime
1317 2367 1425 2425 sempor
1449 2349 1613 2423 concipiunt,
1635 2356 1663 2404 et
1686 2346 1786 2405 felicis·

136 2435 187 2494 ubi
214 2437 372 2506 necessitas,
403 2439 620 2498 illicinfirmitas.
643 2443 740 2500 Merito
753 2443 846 2516 itaque
871 2445 935 2501 dum
988 2443 1055 2502 ειιιιε
1070 2443 1178 2516 pariunt
1191 2440 1349 2514 huiusmodi
1370 2441 1503 2514 virgines,
1518 2447 1545 2496 ει
1566 2438 1674 2513 quidem
1697 2437 1785 2495 simil·

136 2533 219 2598 caput
245 2541 301 2583 non
329 2535 426 2601 tegunt
452 2539 483 2587 ιιι
511 2530 688 2589 sollicitentur
723 2533 817 2605 gloriae
843 2548 937 2608 causa,
989 2533 1069 2590 limos
1084 2531 1214 2602 patribus.
1231 2532 1293 2588 ffaec
1315 2530 1431 2588 admittit
1448 2528 1553 2604 flagitia
1576 2534 1669 2585 concta
1692 2534 1720 2583 et
1743 2527 1786 2583 in·

136 2623 246 2672 tenues
279 2624 371 2690 tegere
399 2625 534 2692 eoguntur
562 2621 617 2693 (88)
658 2619 820 2678 infirmitatis
847 2622 936 2680 ruina.
989 2622 1044 2678 vita
1071 2621 1094 2661 ⁸¹
1123 2620 1262 2693 virginitas
1289 2620 1356 2693 (bb).
1390 2620 1452 2691 lpsa
1487 2616 1705 2689 concupiscentia
1730 2631 1785 2671 non

136 2701 282 2761 AEmulatio
310 2704 382 2761 enim
408 2705 481 2776 illas,
510 2722 564 2764 noo
594 2709 688 2784 religio
717 2710 856 2781 producit:
885 2709 936 2767 ali·
991 2708 1090 2766 latendi
1103 2724 1158 2765 non
1172 2714 1215 2763 est
1237 2708 1344 2778 pudica,
1361 2706 1462 2779 patitur
1479 2705 1581 2779 aliquid
1603 2704 1676 2776 quod
1698 2703 1786 2777 virgi·

135 2792 246 2865 quando
265 2801 293 2850 et
314 2792 373 2864 ipse
391 2804 484 2852 venter
497 2797 572 2854 Deos
589 2813 682 2854 earum
699 2799 769 2872 (89),
783 2800 847 2872 quia
861 2800 939 2859 facile
992 2799 1033 2854 nis
1059 2812 1116 2854 nou
1143 2797 1187 2862 sit,
1217 2796 1336 2853 studium
1365 2793 1503 2866 placendi,
1533 2795 1626 2866 utique
1657 2800 1684 2850 et
1711 2791 1786 2848 viris.

137 2879 259 2954 uirgines
281 2880 435 2939 fraternitas
464 2885 577 2957 suscipit
603 2886 673 2957 (90).
693 2887 750 2944 Νεε
763 2896 864 2944 tantum
890 2905 938 2946 au·
954 2886 1127 2968 nouantem
1153 2886 1221 2944 velis
1248 2887 1319 2942 bona
1345 2892 1437 2941 mento
1461 2891 1583 2948 conetur,
1607 2897 1721 2939 necesse
1744 2883 1788 2939 esi

139 2976 197 3026 tem
223 2978 315 3037 ruunt,
344 2971 392 3028 sed
412 2982 441 3029 ct
459 2973 552 3030 funem
574 2973 686 3049 longum
701 2974 860 3033 delictomm
886 2977 939 3034 sibi
991 2975 1172 3048 publicatione
1193 2973 1236 3030 sui
1259 2973 1431 3044 periclitetur,
1455 2973 1519 3029 dum
1537 2971 1685 3044 percutitur
1703 2970 1789 3028 oeulis

136 3054 291 3114 ndlrthunl.
316 3059 427 3116 Prolatae
451 3061 525 3117 enim
539 3062 567 3118 iu
591 3063 723 3133 medium,
750 3073 777 3121 et
804 3067 939 3138 publicato
992 3062 1100 3121 incertis
1127 3070 1155 3119 et
1182 3062 1283 3127 multis,
1321 3062 1386 3118 dum
1417 3061 1511 3135 digitis
1544 3058 1788 3118 demonstrantium

138 3144 214 3201 bono
241 3161 292 3203 suo
318 3147 372 3219 (91)
391 3147 479 3220 ειειιε,
511 3157 540 3206 ει
562 3166 579 3205 a
600 3150 729 3208 fratribus
753 3150 844 3211 909
865 3156 937 3212 omni
994 3150 1122 3220 titillatur,
1142 3151 1207 3207 dum
1229 3149 1341 3207 nimium
1364 3159 1477 3216 amatur,
1501 3150 1567 3206 dum
1587 3148 1659 3206 inter
1682 3149 1789 3221 ample-

176 3302 202 3342 r³
214 3299 245 3353 lo
259 3296 333 3355 omui
347 3298 495 3356 bumilitate
508 3303 599 3373 affert
614 3304 702 3361 libem
717 3304 742 3344 74
763 3227 970 3366 Datudtargml.
992 3234 1175 3362 &bigam
1192 3321 1246 3361 ms.
1261 3307 1289 3360 ct
1304 3304 1364 3377 ιιι).
1381 3300 1498 3384 quadam
1516 3317 1524 3357 ι
1540 3301 1639 3359 caeteri
1671 3299 1788 3410 gaudem

139 3374 167 3416 'tc
181 3372 269 3431 fidem
292 3369 416 3427 confessa
432 3415 439 3442 ,
456 3374 563 3439 caeteri,
592 3375 743 3432 confessus.
759 3377 784 3417 li
810 3381 871 3436 Lat.
890 3379 966 3451 conj.
990 3373 1137 3430 dummodo
1159 3375 1248 3441 latent,
1279 3375 1326 3431 ubi
1346 3373 1411 3446 qurd
1438 3372 1589 3428 admissum
1615 3380 1666 3431 εει.
1694 3372 1786 3444 ittig.

138 3443 257 3505 ooosciae
296 3441 468 3498 mulieritatis
503 3444 563 3512 jam
603 3445 762 3504 indubitatae
798 3449 886 3508 ffbcn.
927 3450 970 3507 cd.
1017 3447 1040 3501 1.
1083 3445 1253 3502 eonscientiae
1290 3443 1480 3500 muliebritatis
1532 3445 1589 3513 jam
1626 3441 1786 3497 indubitate.

139 3515 235 3649 aab?
261 3511 327 3582 Quae
341 3513 420 3570 timet
432 3513 491 3570 ficri
504 3516 593 3572 libem
625 3516 651 3558 ⁸⁰
673 3518 761 3577 tinen.
777 3529 843 3590 quot
873 3537 925 3594 pro
955 3516 1029 3594 quod
1054 3520 1211 3590 supposuit.
1228 3517 1251 3555 ⁸¹
1285 3518 1345 3575 Nau
1367 3516 1478 3572 inritata
1511 3519 1544 3572 ut
1566 3513 1655 3572 Rben.
1672 3517 1701 3571 et
1729 3513 1788 3572 cod.

193 3602 252 3645 san.

841 3661 1091 3730 Commentarius.

173 3737 231 3811 (85)
247 3735 509 3818 Camiliamipsam
518 3741 935 3800 matronensem-amesae
994 3740 1185 3796 consecranda
1212 3737 1373 3811 virginitatis
1408 3735 1561 3794 consilium.
1592 3734 1634 3792 Ac
1665 3733 1795 3806 deinceps
1844 3800 1847 3805 ,

141 3807 310 3869 dexDition.
325 3827 338 3857 r
352 3806 418 3862 Cum
428 3808 466 3864 rili
477 3807 530 3878 ipsi
540 3818 664 3866 naturam
673 3827 792 3871 consecr.
806 3814 934 3882 »natine
990 3828 1006 3866 a
1029 3809 1164 3880 fratribus,
1189 3812 1242 3867 froc
1258 3820 1307 3876 εει,
1332 3812 1366 3864 ab
1390 3808 1522 3875 Ecclesia,
1544 3807 1617 3863 omui
1642 3806 1745 3864 bonore
1769 3813 1796 3862 et

146 3880 241 3936 «Cum
261 3876 301 3933 illi
320 3878 406 3948 ipsam
419 3888 542 3935 naturam
555 3896 753 3942 consecramus.
773 3906 784 3934 a
800 3886 863 3943 Rue.
990 3881 1126 3940 charitatis
1140 3881 1295 3952 operatione
1311 3880 1525 3936 cumulabantur.
1544 3879 1607 3936 liro.

178 3949 237 4021 (88)
259 3948 301 4005 Ad
322 3948 483 4022 bujusmodi
502 3967 581 4024 opus.
606 3954 730 4026 intellige
753 3958 938 4027 operationem
1027 3952 1084 4025 (92)
1098 3953 1128 4010 fd
1146 3957 1282 4026 estpucm
1296 3952 1350 4009 sibi
1367 3953 1496 4009 uindicat
1508 3951 1792 4023 virginitanperma·

140 4019 342 4078 sanctificandae
369 4021 458 4078 carnis
490 4031 518 4077 et
548 4027 736 4081 consecrandae
764 4026 936 4098 uirginitatis.
991 4026 1040 4080 net
1054 4025 1243 4082 nibilominus
1259 4026 1290 4079 in
1315 4022 1415 4080 babitu
1427 4025 1470 4081 uel
1483 4028 1552 4081 tunc
1567 4025 1670 4082 saltem
1687 4021 1792 4092 alieno,

139 4094 189 4151 ste
205 4092 387 4160 operationem
407 4092 597 4164 eleemosynas,
614 4102 641 4151 ει
655 4096 840 4167 operationem
860 4098 933 4168 jeju·
995 4110 1031 4151 ne
1044 4095 1153 4151 scilicet
1166 4095 1328 4151 mutatione
1342 4093 1491 4167 prodatur.
1509 4095 1572 4149 llaec
1586 4093 1686 4172 omnia,
1701 4107 1796 4174 quam·

140 4163 191 4222 nii.
208 4165 272 4221 lita.
994 4165 1036 4221 sis
1050 4164 1218 4234 reperientur
1229 4165 1256 4220 in
1272 4163 1603 4235 subquiseremplaribus,
1615 4162 1681 4217 mibr
1695 4164 1794 4219 urden-

179 4233 241 4308 (87)
266 4233 314 4293 llbi
330 4233 430 4306 pluria,
458 4234 519 4292 illic
544 4237 720 4295 sollicitatio.
749 4238 813 4294 Haec
840 4236 939 4294 indicio
955 4194 978 4272 n
996 4242 1038 4290 tur
1050 4234 1217 4306 importuna,
1232 4241 1313 4306 atque
1328 4250 1360 4290 er
1375 4234 1467 4305 aliqua
1482 4233 1551 4290 forte
1568 4235 1602 4287 ad
1622 4231 1682 4288 libri
1695 4232 1796 4305 margi·

140 4305 479 4378 sunt,rirginesilloaevo,
494 4306 573 4364 etiam
587 4307 644 4362 fleo
658 4306 936 4376 fuisseeonsecratas‚
995 4321 1056 4361 uem
1071 4304 1291 4430 intergretatione
1305 4304 1419 4377 invecta.
1436 4306 1499 4360 ιιιε.
1618 4372 1623 4385 .

141 4393 194 4435 nec
209 4386 296 4432 umen
308 4377 417 4444 relatas,
433 4393 523 4451 neque
537 4377 664 4434 reclusas.
681 4380 744 4436 Rro.
1032 4379 1087 4447 (93)
1103 4377 1138 4432 Ni
1159 4377 1180 4432 r'l
1196 4377 1340 4434 occultum
1351 4375 1490 4448 quodnon
1503 4371 1684 4431 revelabatur.
1700 4374 1796 4431 Graeca

192 4449 240 4518 88)
261 4449 372 4505 Ventres
398 4452 490 4520 tegere
512 4454 664 4521 coquntur.
681 4450 798 4507 ventres
822 4449 896 4520 dicit,
911 4458 942 4506 ut
997 4447 1160 4520 exemplaria
1173 4444 1609 4518 imitaturdnoaateptrirrrarbunt
1622 4443 1796 4501 nibilominus

146 4534 179 4576 so
190 4527 238 4575 ent
251 4528 376 4575 auctores
396 4519 476 4590 juris,
492 4528 581 4578 ιιιειοε
596 4520 714 4577 admisso
736 4521 794 4579 viro
818 4523 942 4594 gravida·
996 4519 1075 4577 etiam
1091 4517 1254 4591 exemplaria
1268 4516 1350 4573 latina
1366 4518 1416 4573 bis.
1438 4515 1563 4573 editionis
1585 4515 1717 4588 Vulgutae,
1733 4533 1795 4590 quaa

144 4600 198 4648 tos.
224 4590 326 4663 ltaque,
353 4599 460 4647 ventres
483 4599 585 4665 tegere,
610 4592 663 4649 hoc
689 4600 740 4660 εει,
769 4593 943 4666 graviditates
996 4591 1037 4648 sic
1052 4590 1077 4646 le
1096 4596 1144 4645 ιιιιι
1159 4610 1167 4646 .·
1183 4589 1336 4647 reueletur.
1349 4589 1418 4646 Part.
1646 4659 1651 4670 ⁸

144 4659 327 4719 dissimulare.
346 4661 411 4717 lito.
1033 4606 1219 4733 (bbffbisficile
1229 4659 1793 4738 mulierscmelfit,gucenontrmetficri.

146 4731 206 4803 (89)
236 4734 296 4805 lpse
318 4736 416 4791 uenter
438 4735 509 4793 Deus
533 4752 643 4794 earnm.
667 4734 717 4792 Hie
737 4734 842 4808 vulgari
859 4750 942 4794 sensu
996 4733 1047 4791 Vix
1061 4742 1101 4789 est
1115 4732 1281 4788 utadmittat
1296 4733 1390 4800 semel,
1413 4747 1472 4802 quae
1494 4729 1580 4785 semel
1599 4729 1716 4784 admisso
1739 4744 1794 4810 nou

148 4811 269 4859 ventrem
283 4805 372 4875 posuit
387 4821 439 4875 pro
453 4806 526 4878 gulo.
542 4807 603 4863 fita.
995 4805 1072 4860 timet
1091 4803 1149 4859 fieri
1168 4804 1274 4870 mulier,
1293 4819 1354 4875 quae
1373 4819 1408 4859 ue
1431 4805 1486 4873 jam
1502 4801 1570 4858 iacta
1594 4804 1682 4879 potest
1705 4799 1792 4873 virga·

185 4873 243 4954 (98)
260 4877 330 4944 Quia
339 4877 425 4948 facile
434 4878 556 4951 cirpiucs
567 4881 735 4947 fraternitas
746 4879 874 4951 suscipit.
889 4878 943 4934 fle-
994 4891 1058 4931 nem
1073 4874 1182 4932 mentiri
1206 4876 1257 4930 snb
1276 4876 1344 4942 Deo,
1386 4889 1418 4930 oc
1440 4881 1491 4942 cst,
1507 4871 1535 4929 iu
1558 4870 1687 4953 Ecclesia.
1703 4871 1793 4945 Nega-

149 4945 200 5000 tulr
213 4945 247 5000 ad
261 4947 462 5020 eleemesynam
486 4965 539 5020 qua
553 4948 648 5006 fratres
668 4949 812 5007 Christiani
826 4949 942 5006 libenter
995 4946 1096 5002 tionem
1119 4945 1237 5016 reposui,
1261 4962 1321 5020 quae
1346 4945 1448 5003 excidit
1465 4945 1545 5001 etiam
1564 4949 1684 5014 antiquis
1704 4957 1794 4998 excru-

146 5015 316 5088 accipiebant
334 5016 466 5090 virginem
487 5035 519 5076 eo
547 5021 619 5078 enim
647 5038 689 5077 me
718 5020 820 5077 ducunt
847 5021 939 5087 verba,
997 5017 1128 5092 pluribus.
1145 5017 1207 5073 fito.

147 5102 210 5160 qnae
229 5090 430 5157 precedentes
450 5101 553 5158 ventre,
570 5098 599 5148 ut
620 5091 709 5147 dicat:
732 5091 861 5148 Producit
881 5091 941 5147 illas
1030 5089 1088 5160 (95)
1105 5090 1167 5146 ilaec
1181 5088 1312 5146 admittit
1326 5089 1546 5163 [lapitiaconcta
1560 5091 1588 5144 et
1603 5087 1698 5143 invita
1710 5087 1795 5159 uirga·

146 5158 292 5232 aliquando
306 5171 407 5227 venter,
422 5161 510 5229 idest,
540 5165 614 5237 guia,
638 5164 700 5237 quia
727 5163 820 5219 vident
847 5161 942 5220 fratres
994 5163 1082 5218 nitas.
1108 5161 1139 5215 fn
1166 5160 1226 5217 cod.
1255 5161 1412 5215 Divioneosi
1439 5160 1549 5244 legitur,
1565 5159 1700 5223 Invitata,
1722 5157 1795 5230 qued

146 5228 322 5300 suppeditare
335 5232 412 5287 cibos
430 5232 590 5305 virginibus.
607 5235 677 5290 Lao.
997 5231 1159 5314 respondere
1166 5232 1483 5289 videtursollicitatiom.
1493 5231 1649 5289 Conclamat
1658 5229 1796 5288 inritatam

182 5300 242 5374 (91)
263 5301 385 5360 Prolata
399 5305 431 5359 in
444 5306 570 5362 medium
589 5311 615 5361 ct
626 5305 771 5378 publicato
793 5304 862 5364 bono
879 5320 939 5361 suo.
997 5303 1063 5360 dicrt
1078 5302 1257 5376 virginitatem
1272 5319 1374 5369 earum,
1392 5318 1461 5376 quas
1475 5300 1622 5365 emulatio,
1633 5314 1687 5356 non
1703 5299 1796 5370 religio

147 5371 211 5427 llaec
232 5371 292 5429 fieri
305 5374 426 5430 solebant
440 5375 467 5430 in
488 5375 658 5446 professione
677 5374 790 5448 virginis
804 5376 938 5448 religiosa.
998 5375 1135 5446 produxit,
1151 5381 1178 5431 ει
1192 5372 1345 5431 εοιιίειιειιι
1359 5375 1393 5430 ad
1408 5373 1562 5444 hujusmodi
1581 5387 1649 5441 opus
1674 5371 1795 5426 dicandae

147 5441 269 5499 Ecclesia
295 5443 430 5517 frequenti
466 5447 650 5517 proferebatur
682 5446 709 5502 in
736 5447 853 5503 medium
881 5445 941 5502 talis
992 5445 1234 5528 consecrandaeque
1247 5447 1304 5502 Deo
1325 5445 1495 5518 virginitatis.
1520 5444 1697 5523 blalctueotnr
1722 5441 1796 5512 quod

146 5515 280 5586 propositi
295 5515 373 5588 virgo
388 5531 479 5575 coram
502 5518 618 5600 preside
640 5518 698 5574 sire
722 5518 876 5590 praeposito,
905 5517 939 5573 ab
993 5517 1116 5572 bumauae
1130 5517 1224 5590 glorta
1239 5517 1338 5584 studio,
1353 5531 1408 5573 uon
1423 5515 1572 5573 ειιιιιιιιιιε
1586 5525 1678 5568 amore
1698 5527 1794 5570 succc-

145 5599 235 5658 eoque
247 5586 433 5659 publicabatur
446 5591 561 5662 rirgmis
575 5591 687 5660 bouum,
715 5605 812 5663 nempe
834 5589 937 5647 bonum
992 5598 1100 5661 perant.
