3840 6134
142 253 172 313 ιι
712 241 1219 337 ιιιιιιιιιιιιιιιιιιιιιιιιιι
1752 271 1788 332 η

143 379 241 436 ham
254 373 433 449 probationes
446 386 541 430 eornm
554 386 617 445 quie
629 369 788 444 detendunt,
796 389 831 431 ne
839 372 941 445 pariter
954 387 979 469 Ι
994 372 1129 441 tlcaseent,
1148 375 1214 449 quia
1230 376 1403 436 adversarius
1424 381 1484 452 eins
1506 380 1606 443 Paulus
1630 389 1789 456 obvenerat.

146 467 314 525 mmmmm,
325 463 508 520 inductiones
516 476 609 518 corum
620 456 681 535 quie
690 463 857 519 mentiuntur
869 464 937 535 (tit).
992 462 1086 535 ltaque
1098 472 1126 519 et
1140 464 1278 521 dexteram
1297 466 1324 523 ei
1346 467 1488 537 dederunt,
1512 472 1619 546 signum
1638 482 1788 545 concordiis

439 549 552 607 gqup
573 550 676 605 xxm,
994 555 1022 605 et
1042 549 1253 621 conuenientim;
1275 560 1302 610 et
1325 553 1395 611 inter
1417 571 1446 612 se
1468 555 1681 622 distributionem
1704 569 1787 631 oilioii

152 639 181 695 ιι
201 636 281 692 pm„
309 632 400 690 mim.
420 647 478 686 nori
512 629 715 703 reprehensum
745 632 939 703 ignoruntium
992 637 1193 707 ordinaverunt,
1217 655 1272 698 non
1300 643 1497 714 separationem
1527 647 1665 724 Evangelii
1701 672 1709 712 ι
1737 674 1787 718 nec

234 722 366 794 aliquam
380 718 507 782 arcun,
522 717 570 776 scd
583 720 834 778 conversationem.
992 733 1023 782 ut
1049 726 1122 785 aliud
1149 727 1226 797 alter,
1255 731 1304 787 sed
1336 741 1365 789 ut
1400 731 1460 788 aliis
1496 736 1560 792 alter
1596 740 1785 818 praedicarent,

176 811 332 881 Proponunt
344 822 411 880 ergo
426 807 459 862 ud
484 806 682 880 suggillandam
697 809 876 881 ignoruntium
890 807 938 864 ali·
991 816 1086 872 Petrus
1098 816 1127 871 iu
1140 817 1389 889 circuncisionem,
1405 823 1501 879 Paulus
1522 823 1551 880 in
1573 827 1701 888 Netiones
1716 836 1785 909 (96).

147 916 212 973 quin
237 895 438 970 apostolorum,
461 896 535 967 qnod
559 894 666 965 Petrus,
690 904 717 953 et
738 896 784 969 qui
807 913 869 954 cum
891 913 934 965 eo,
990 902 1173 971 Ceterumsi
1195 909 1373 978 reprehensus
1386 919 1428 967 est
1441 911 1538 971 Petrus
1553 915 1625 988 (91),
1638 919 1711 992 quod
1725 939 1786 981 cum

144 986 294 1059 reprehensi
305 980 397 1041 sint'a
413 985 507 1040 Paulo.
523 982 612 1054 Adeo,
628 983 763 1055 inquiunt,
780 985 881 1054 aliquid
896 985 936 1042 eis
989 991 1153 1050 convixisset
1178 996 1303 1064 ethnicis,
1322 1005 1417 1072 postea
1443 1016 1473 1057 sc
1501 1017 1518 1056 a
1546 1006 1672 1065 convictu
1690 1023 1785 1067 eorum

142 1074 234 1144 deluit;
260 1082 293 1131 ut
317 1087 351 1128 ex
375 1071 522 1128 liccetiam
537 1071 603 1127 illud
618 1078 730 1138 struant,
747 1071 935 1147 potuissepo·
989 1082 1130 1152 separabat
1151 1099 1329 1155 personarum
1356 1094 1490 1159 respectu,
1520 1091 1616 1167 utique
1639 1110 1785 1157 murense·

140 1173 190 1220 sica
212 1163 365 1238 pleniorem
380 1161 520 1218 scientiam
540 1160 728 1233 superuenire,
747 1161 837 1234 qualis
850 1165 937 1220 obve-
988 1167 1070 1225 tionis
1084 1168 1134 1227 luit
1143 1171 1248 1241 vitium,
1263 1190 1317 1230 nou
1332 1176 1532 1248 predicationis
1547 1182 1616 1253 (98).
1636 1185 1698 1242 Nou
1712 1189 1783 1245 euim

141 1254 207 1309 uerit
228 1252 315 1309 Paulo
337 1249 552 1322 reprehendendi
577 1258 772 1306 antecessores.
786 1251 935 1310 Possumus
987 1271 1021 1312 eii
1036 1257 1087 1314 lino
1099 1259 1168 1316 alius
1182 1262 1265 1329 Deus,
1281 1279 1362 1335 qnam
1379 1264 1501 1334 Creator,
1515 1276 1542 1324 et
1563 1269 1631 1326 alins
1651 1273 1784 1347 Christus,

139 1350 162 1396 ιι
175 1342 222 1397 ιιι
237 1341 307 1398 Acis
320 1339 505 1410 apostolorum
516 1336 724 1408 repudiantibus
736 1337 827 1394 dicere
840 1339 934 1397 :Prius
987 1359 1069 1415 quam
1082 1360 1116 1402 ex
1131 1348 1221 1418 ιιιιιι,
1231 1357 1259 1406 et
1271 1349 1323 1407 alia
1337 1367 1400 1426 spes
1413 1368 1496 1425 quam
1510 1359 1670 1420 resurrectio
1683 1376 1786 1422 ιιιιιιιιι·

138 1438 177 1488 cst
191 1431 232 1486 uti
247 1426 397 1486 ostendatis
410 1426 470 1500 quis
484 1426 534 1482 iste
548 1424 659 1491 Paulus,
674 1433 703 1481 et
717 1424 781 1498 quid
793 1434 854 1483 aute
869 1443 934 1499 apo-
987 1431 1114 1490 liabetur.

136 1519 243 1583 stolum,
269 1521 297 1573 et
321 1516 457 1588 quomodo
479 1515 617 1586 apostolus
635 1533 644 1570 .·
663 1523 796 1586 quatenus
817 1523 846 1571 et
866 1517 934 1572 alias
1269 1523 1383 1580 CAPUT
1400 1529 1500 1588 XXIV·

135 1607 165 1662 ad
186 1606 356 1679 quaestiones
377 1605 520 1675 plurimum
543 1619 576 1660 eo
599 1611 720 1659 utuntur.
735 1604 831 1677 Neque
845 1605 930 1672 euim,
986 1611 1072 1684 quue
1084 1608 1313 1681 reprehensionis
1328 1621 1500 1687 usurpatum
1514 1620 1602 1689 subse
1613 1638 1663 1695 pro
1682 1630 1785 1701 tempe

136 1694 231 1766 iiipse
244 1709 277 1750 se
294 1692 451 1765 apostolum
465 1692 500 1746 de
514 1700 687 1763 persecutore
702 1691 853 1762 profitetur,
870 1692 932 1749 sul·
1190 1697 1280 1764 ribus,
1293 1702 1422 1771 personis
1437 1709 1465 1761 ct
1476 1708 1579 1763 causis.

135 1781 188 1838 licit
207 1781 356 1854 unicuique
378 1779 531 1836 examinate
547 1777 572 1817 ⁸²
591 1778 726 1851 credenti;
752 1781 861 1854 qnando
882 1731 974 1839 necn
1022 1787 1083 1842 Non
1099 1785 1162 1841 milii
1176 1792 1230 1841 tam
1244 1785 1314 1843 bene
1327 1795 1377 1855 est,
1393 1787 1449 1847 iuro
1468 1806 1521 1847 uon
1547 1793 1615 1849 mihi
1639 1802 1692 1853 tam
1717 1801 1785 1858 iusle

135 1871 338 1942 Dominusipse
351 1870 387 1926 de
401 1884 431 1926 se
456 1867 644 1926 teshmonium
666 1868 775 1925 dixerit.
799 1870 853 1927 Sed
876 1887 934 1928 cre·
987 1882 1040 1945 est,
1056 1882 1086 1930 ut
1099 1874 1236 1946 apostolos
1254 1875 1432 1943 committam.
1447 1878 1501 1934 Sed
1524 1881 1651 1952 quoniam
1674 1900 1784 1955 perper.

137 1961 205 2015 dant
227 1958 253 1996 *Β
276 1957 332 2013 sine
352 1956 503 2030 scripturis
525 1958 595 2027 (95),
618 1966 647 2012 ιιι
672 1958 782 2014 credant
804 1957 933 2015 adversus
987 1962 1086 2021 nissimi
1101 1961 1145 2019 isti
1160 1962 1233 2018 illam
1247 1965 1487 2035 reprehensionem
1500 1969 1533 2023 ad
1552 1969 1604 2027 hoc
1625 1972 1784 2045 obtendunt,

134 2046 305 2118 Scripturas;
335 2055 423 2102 tamen
451 2047 576 2112 doceant,
604 2061 638 2102 ex
667 2046 792 2119 eoquod
817 2047 934 2124 allegant
986 2057 1017 2106 ut
1040 2056 1192 2120 suspectam
1221 2048 1321 2108 iaciant
1343 2051 1494 2110 doctrinam
1523 2057 1691 2125 superiorem
1715 2062 1784 2134 (99),

130 2135 239 2191 Petrum
254 2153 270 2192 a
285 2136 365 2191 Paulo
389 2135 595 2208 reprehensum,
610 2133 687 2189 aliam
709 2135 851 2207 Evangelii
873 2137 931 2193 ior·
986 2138 1156 2209 respondebo
1170 2137 1246 2211 quasi
1262 2153 1313 2210 pru
1328 2140 1407 2198 Petro
1420 2159 1426 2196 :
1439 2142 1528 2214 ipsum
1546 2145 1658 2202 Paulum
1672 2137 1792 2218 dixisse,

132 2239 202 2278 marri
227 2223 347 2279 aPaulo
370 2222 568 2294 superductam,
582 2221 651 2277 citra
673 2238 733 2278 eam
756 2239 836 2294 quani
860 2240 932 2296 prae·
984 2223 1087 2283 iactum
1108 2241 1138 2282 se
1159 2241 1221 2283 asse
1244 2226 1371 2284 omuibus
1393 2231 1494 2297 omnia,
1519 2233 1623 2289 ludaeis
1649 2237 1785 2310 iudicum,

132 2313 243 2368 miserat
258 2310 356 2368 Petrus
371 2319 398 2367 ct
410 2311 511 2369 ooeteri.
527 2310 599 2381 Quin
614 2309 648 2376 ⁴⁹,
660 2311 814 2370 demutatus
827 2314 855 2368 in
866 2330 933 2385 prae·
986 2331 1040 2372 uon
1053 2315 1154 2372 luderis
1168 2330 1222 2372 uon
1244 2315 1377 2384 ludaeum,
1393 2326 1422 2374 ut
1446 2334 1541 2378 omnes
1565 2320 1726 2383 lucrificaret
1748 2327 1784 2384 ⁸⁰.

130 2401 282 2456 dicatorem
304 2401 338 2456 de
362 2407 544 2472 persecutore,
566 2397 710 2455 deducitur
739 2400 772 2455 ad
795 2400 932 2460 iratresa
985 2406 1062 2462 Adeo
1084 2419 1134 2476 pro
1157 2404 1325 2476 temporibus
1347 2414 1374 2462 et
1399 2408 1522 2477 personis
1551 2419 1578 2466 et
1607 2413 1786 2488 causisquae·

130 2490 273 2559 iratribus,
282 2501 313 2546 ut
327 2505 398 2545 uuus
411 2505 446 2546 eii
460 2487 599 2555 iratribus,
610 2496 638 2544 et
650 2489 684 2544 nd
700 2488 761 2547 ilios
775 2490 810 2545 ab
823 2489 931 2565 illisqui
984 2493 1046 2548 dam
1071 2492 1313 2564 reprehendebant,
1328 2492 1356 2549 in
1374 2510 1436 2566 quie
1450 2506 1477 2552 et
1491 2496 1542 2568 ipsi
1558 2514 1634 2572 aeque
1648 2517 1697 2572 pro
1712 2511 1783 2560 tem-

131 2578 164 2633 ab
189 2578 320 2650 apostolis
347 2576 431 2634 fidem
459 2578 613 2633 induerant.
637 2576 748 2644 Deliinc,
776 2579 847 2636 siout
873 2580 932 2653 ipse
986 2581 1096 2653 poribus
1119 2587 1148 2637 et
1170 2581 1292 2652 personis
1319 2591 1347 2639 et
1368 2585 1457 2640 crusis
1481 2588 1686 2646 committebant
1708 2592 1747 2664 (i)
1775 2611 1783 2650 ι

132 2679 251 2736 enarrat,
266 2667 390 2724 ascendit
412 2667 440 2722 iu
461 2665 646 2739 Hierosolyma
660 2669 845 2739 cognoscendi
859 2669 929 2726 Petri
984 2671 1214 2745 quemadmodum
1228 2670 1251 2726 si
1269 2678 1298 2726 et
1311 2672 1407 2729 Petrus
1423 2675 1638 2743 reprehenderet
1661 2680 1783 2750 Paulum,

132 2771 225 2827 causa,
241 2772 275 2812 ex
289 2754 380 2813 allicio
398 2764 426 2812 et
443 2751 504 2813 80
522 2755 585 2825 jure
604 2753 706 2812 scilicet
729 2755 853 2824 eiusdem
869 2755 930 2813 fidei
984 2760 1068 2833 quod.
1084 2759 1232 2830 prohibens
1254 2758 1497 2829 circumcisionem,
1513 2764 1712 2823 circumciderit
1724 2769 1783 2842 ipse

131 2854 157 2898 et
170 2844 382 2915 predicationis.
406 2844 475 2900 Nam
498 2853 527 2900 et
548 2842 586 2897 illi
607 2858 660 2900 non
684 2852 774 2899 esseut
793 2844 881 2900 mirati
896 2846 930 2902 de
984 2847 1164 2905 'limntheum
1192 2845 1315 2903 Viderint
1343 2849 1391 2921 qui
1420 2850 1453 2907 de
1487 2852 1617 2924 apostolis
1649 2856 1782 2926 judicant.

133 2945 310 3006 persecutore
336 2932 436 2990 iactum
459 2932 673 3005 predicatorem,
687 2931 711 2988 si
736 2931 839 3004 aliquid
862 2949 930 2990 con·
944 2900 967 2980 θ
983 2938 1053 2995 liene
1066 2936 1140 3009 quod
1156 2936 1249 2993 Petrus
1262 2933 1317 2993 87
1333 2937 1417 2994 Panlo
1433 2947 1460 2995 et
1475 2939 1501 2994 in
1515 2942 1645 3015 martyrio
1659 2943 1784 3018 adequi-

134 3023 245 3078 trannin
260 3019 433 3092 praedicarem
454 3037 504 3077 nec
517 3020 661 3076 Dominum
676 3027 809 3091 proeterea
823 3024 928 3098 magni·
981 3036 1026 3085 tur
1040 3026 1091 3098 (ι).
1107 3024 1162 3080 Sed
1185 3023 1237 3079 etsi
1261 3023 1419 3082 intertium
1443 3043 1531 3100 nsque
1553 3030 1651 3088 coelurn
1674 3042 1785 3108 ereptus

822 3120 918 3186 Variae
934 3131 1089 3192 lectiones.

164 3225 193 3265 ⁴⁷
209 3226 373 3282 Examinare
391 3226 479 3283 Vcnet.
492 3223 598 3306 Sulticit
611 3223 651 3278 nil
666 3224 700 3277 ab
734 3240 767 3280 ne
781 3224 903 3285 exambio
917 3228 1092 3288 momenti
1105 3223 1232 3282 credent.
1247 3224 1286 3281 nt.
1303 3238 1367 3281 sane
1387 3242 1440 3298 pro
1460 3230 1519 3284 sine
1544 3234 1609 3286 luri.
1634 3235 1660 3272 ⁴⁹
1682 3237 1784 3310 tiqui,

126 3300 211 3355 Pom.
228 3299 313 3370 Atqui
329 3298 413 3354 Scml.
429 3295 454 3333 ⁸⁰
467 3296 646 3353 Lucriiaocret
662 3296 726 3353 Seni
738 3312 779 3354 er.

830 3369 1081 3439 Commentarius.

127 3493 176 3534 nes
192 3476 268 3533 enim
291 3490 357 3532 cere
378 3474 587 3547 depravationes
608 3472 744 3547 intelligas
765 3489 827 3532 cuni
851 3473 925 3534 ithe-
982 3488 1039 3536 stes
1053 3471 1292 3550 reprehensionem
1311 3470 1384 3528 illam
1408 3474 1440 3531 B.
1463 3474 1538 3531 Petri
1556 3476 1670 3535 miridoe
1691 3481 1782 3539 extol.

128 3563 212 3615 nano,
226 3547 276 3603 aed
289 3546 426 3605 traductio
440 3549 511 3618 apud
532 3544 740 3613 Tertullianum,
755 3543 782 3601 id
805 3554 847 3603 est
867 3546 928 3604 illu·
980 3551 1057 3616 lunt;
1074 3549 1137 3605 inde
1157 3543 1233 3613 ¹enim
1258 3543 1410 3627 conlectum
1429 3554 1533 3617 putent,
1548 3564 1685 3605 sumtuum
1707 3551 1780 3608 Pon-

126 3621 231 3682 atraiio,
247 3617 452 3684 demonstratio,
471 3616 598 3673 detectio.
613 3616 681 3673 Nam
705 3616 775 3687 apud
799 3618 927 3676 eumdem
980 3620 1081 3678 tihcem
1110 3615 1315 3696 reprehensioni
1339 3629 1400 3672 esse
1422 3632 1485 3673 uere
1510 3618 1668 3679 obnoxium.
1701 3623 1780 3693 Quod

129 3690 278 3746 huducere
291 3700 332 3746 est
345 3690 374 3744 in
387 3690 475 3746 lucem
489 3702 633 3758 exponere,
653 3686 767 3759 aperire,
787 3689 924 3762 detegere.
980 3692 1009 3750 iu
1024 3692 1107 3748 rebus
1126 3688 1220 3743 saltem
1239 3683 1305 3741 fidei
1328 3684 1509 3742 ialsissimum.
1526 3689 1558 3745 ln
1580 3690 1614 3745 ιιι
1639 3691 1712 3749 enini
1735 3693 1781 3752 iila

128 3761 250 3817 Anausin
978 3756 1207 3836 apeririqllcclcsiae
1225 3772 1316 3814 errare
1338 3755 1412 3813 nullo
1425 3759 1507 3816 modo
1521 3767 1621 3832 potest.
1636 3761 1693 3821 Hoc
1714 3779 1779 3823 reso

163 3833 217 3902 tat)
228 3833 267 3890 lie
278 3833 393 3905 pariter
410 3829 604 3889 admittantur
621 3829 815 3889 traductiones
829 3847 926 3889 eorum
980 3833 1008 3890 in
1022 3849 1097 3901 cren,
1113 3844 1200 3894 error,
1216 3828 1240 3884 si
1255 3828 1319 3901 quis
1331 3835 1416 3884 umen
1431 3828 1491 3896 iuit,
1507 3833 1541 3886 de
1555 3832 1625 3889 lacto
1640 3843 1707 3901 erat,
1723 3852 1779 3893 non

132 3918 191 3974 quor
204 3906 399 3960 mentiuntur.
419 3902 475 3959 lloc
486 3911 536 3970 est,
559 3919 593 3959 ire
608 3903 707 3972 pariter
720 3902 862 3959 admittere
877 3919 927 3959 co-
980 3903 1089 3961 deiide.
1105 3901 1144 3956 Lu
1160 3899 1208 3956 Ρι.
1352 3969 1357 3981 ,
1799 3915 1805 3928 ·

132 3976 319 4046 gantur,quod
332 3972 472 4030 mendacia
485 3990 534 4029 sua
546 3973 688 4029 traducant
702 3973 728 4027 iu
743 3972 924 4046 vulgiiallin.
1015 3978 1070 4045 (98)
1088 3975 1186 4045 lltique
1200 3973 1420 4027 conuersationis
1438 3973 1498 4042 fuit
1509 3974 1684 4038 uitiumnon
1700 3993 1777 4050 pree·

167 4044 226 4112 (95)
237 4046 411 4104 Scdcredunt
421 4047 483 4101 sine
493 4041 717 4119 scripturisQui
727 4044 927 4115 uonreoipiuut
979 4046 1141 4105 dicationis.
1157 4040 1317 4099 Conteritur
1332 4041 1408 4098 locus
1422 4043 1466 4098 ilie
1482 4059 1541 4100 cum
1556 4043 1641 4102 altero
1655 4049 1776 4115 ejusdem

128 4114 202 4170 Acta
225 4118 414 4185 apestolorum,
429 4116 545 4172 credunt
566 4129 654 4172 tamen
673 4114 786 4171 Paulum
808 4116 843 4169 de
867 4130 925 4186 per-
979 4114 1138 4174 Tertulliani
1152 4111 1239 4194 capite
1266 4110 1346 4192 tertio
1373 4112 1435 4169 lihri
1460 4115 1593 4173 aduersus
1608 4116 1777 4177 Marcionem

127 4192 257 4240 secuturo
270 4186 365 4242 iactum
383 4187 552 4259 apostolum
574 4187 656 4258 quud,
672 4185 748 4242 Actis
762 4183 921 4257 repudiatis,
980 4189 1078 4261 quenti,
1102 4183 1148 4242 ubi
1171 4192 1266 4238 vitium
1297 4181 1363 4237 illud
1394 4186 1605 4242 conversationis
1632 4187 1776 4246 dilucidius

127 4257 200 4312 nulla
213 4258 272 4327 jani
293 4257 428 4327 Scriptura
446 4258 599 4314 anthentici
612 4264 792 4313 contestatum
816 4257 923 4314 liabent.
940 4238 964 4322 Β
979 4258 1101 4332 exponit.
1120 4255 1161 4310 Dc
1175 4253 1255 4308 Paulo
1268 4253 1377 4335 l’etrum
1400 4257 1580 4329 redarguente
1602 4258 1687 4333 uideri
1709 4274 1775 4330 pos·

127 4327 194 4383 iiam
209 4325 327 4384 nitidem
341 4329 442 4384 habere
456 4344 486 4384 se
504 4328 594 4385 dicant
615 4327 698 4384 Paulo
722 4328 760 4383 ιιι
782 4326 925 4400 scribenti,
979 4341 1043 4387 sunt
1067 4330 1095 4385 S.
1122 4326 1274 4405 Hieronymi
1298 4326 1420 4407 epistolae
1443 4328 1476 4383 ad
1492 4329 1522 4384 S.
1537 4331 1732 4400 augustinum,
1749 4341 1776 4388 et

127 4412 180 4454 non
193 4398 361 4456 eritl’aqus
375 4402 434 4471 ipse
453 4399 506 4456 sibi
528 4401 615 4465 testis,
630 4399 736 4470 quando
759 4414 810 4454 nec
834 4398 926 4455 Domi·
978 4398 1122 4474 Augustini
1136 4395 1169 4478 ad
1194 4395 1303 4451 Hieron.
1321 4395 1349 4449 lu
1375 4397 1449 4478 bisce
1472 4413 1551 4470 porro
1573 4399 1696 4482 epistolis
1719 4408 1776 4460 tota

128 4484 177 4524 niis
199 4469 260 4542 ipse
282 4471 318 4526 dc
336 4485 366 4526 se
389 4470 573 4528 testimonium
594 4469 704 4534 dixerit,
718 4468 772 4525 sert
791 4467 852 4524 fidei
871 4472 927 4526 sint
980 4471 1139 4530 describitur
1152 4467 1187 4524 lis
1199 4473 1227 4520 et
1241 4477 1424 4546 controversia
1437 4470 1471 4524 dc
1490 4469 1519 4526 S.
1535 4471 1603 4525 Petri
1627 4473 1775 4539 reprehen-

127 4541 193 4596 adeo
206 4556 352 4611 perversae,
367 4542 532 4615 ntqnaedam
555 4541 614 4597 sine
635 4541 781 4611 Scripturis
804 4539 924 4607 credant,
980 4544 1055 4601 sione
1082 4536 1254 4601 doctissimos
1281 4543 1350 4616 inter
1377 4536 1438 4594 illos
1466 4539 1558 4595 Patres
1585 4551 1678 4597 exorta
1704 4542 1774 4599 circa

128 4621 157 4666 ut
171 4610 224 4667 alia
238 4613 351 4669 credant
364 4611 493 4669 aduersus
502 4611 654 4685 Scripturas
670 4633 676 4669 :
694 4619 785 4667 tamen
799 4610 924 4677 domant,
979 4630 1079 4671 annum
1102 4608 1200 4668 Christi
1223 4607 1286 4664 iol.
1300 4604 1407 4687 videsis
1429 4617 1456 4663 et
1469 4609 1613 4667 Baromuni
1626 4610 1661 4667 sd
1674 4626 1774 4667 anuum

128 4696 160 4737 ex
174 4697 208 4738 eo
242 4684 299 4738 uod
315 4684 434 4758 allegant
457 4684 563 4740 Petrum
582 4684 694 4739 aPaulo
719 4683 923 4751 reprehensum,
979 4684 1097 4760 uulgaris
1124 4696 1185 4739 aerae
1216 4695 1243 4734 ir
1270 4691 1319 4748 pru
1346 4677 1447 4732 Hieron
1468 4694 1511 4735 ino
1536 4689 1628 4736 contin
1640 4680 1773 4762 Augusti·

126 4754 208 4808 uiam
253 4754 369 4827 nangelii
396 4755 510 4811 turmam
525 4771 540 4809 u
554 4753 638 4810 Paulo
654 4753 856 4826 superductam,
870 4758 923 4809 cto.
979 4772 1045 4812 num
1058 4755 1234 4818 scribentem3
1249 4756 1276 4803 et
1298 4748 1424 4829 Natalem,
1474 4751 1634 4820 exaudrum,
1656 4767 1703 4823 qui
1724 4749 1775 4807 Ba-

128 4822 192 4880 th·
980 4826 1087 4884 renium
1100 4841 1131 4879 ea
1146 4822 1173 4876 in
1193 4835 1223 4875 re
1246 4817 1371 4874 retium
1393 4818 1506 4876 Dissert.
1526 4821 1560 4876 x.
1586 4821 1620 4877 ed
1643 4821 1774 4881 menium

163 4897 332 4966 tsdll’etrus
347 4898 649 4967 incircumcisionem,
662 4897 768 4951 Poulns
782 4896 814 4951 in
834 4895 926 4951 Notio
979 4897 1105 4960 Ecclesiae
1142 4893 1270 4963 primuni.
1297 4889 1470 4947 Tuouusiirii
1508 4899 1595 4950 textus
1620 4892 1708 4951 editor
1734 4893 1773 4952 el.

127 4981 187 5022 nes.
204 4964 277 5023 Sane
292 4969 429 5038 apostolus
442 4967 655 5025 circumcisionis
670 4976 696 5020 et
714 4966 783 5021 alter
797 4965 841 5020 ille
855 4981 924 5038 gen·
978 4967 1101 5028 Vennoni.
1117 4966 1227 5020 nourr.
1466 4965 1472 4977 '

128 5039 196 5091 tium
219 5043 254 5092 ad
279 5041 408 5095 utrumvis
434 5043 562 5111 poputum
585 5036 714 5108 singulari
737 5034 819 5092 modo
849 5034 926 5091 missi
1017 5042 1073 5110 (99)
1097 5036 1263 5094 Doctrinum
1277 5034 1460 5106 superiorem.
1475 5031 1563 5103 Quam
1603 5036 1775 5094 rredioeverst

128 5118 217 5181 eram,
237 5125 292 5164 nou
306 5111 341 5164 ιιι
356 5118 445 5165 tamen
460 5118 489 5164 ut
512 5126 581 5165 unus
603 5111 716 5164 alterum
740 5106 838 5161 tinibus
861 5122 927 5178 pro·
980 5113 1085 5172 Peri-us,
1103 5117 1132 5164 ut
1145 5110 1250 5186 constit
1263 5120 1296 5186 ex
1307 5109 1362 5172 jain
1378 5120 1461 5187 supra
1474 5106 1562 5163 dictis.
1580 5053 1688 5165 Konna.
1755 5176 1761 5189 ι

126 5180 198 5250 priie
210 5182 376 5237 excluderet.
392 5182 492 5237 boatus
505 5180 576 5236 enim
590 5179 685 5235 Petrus
707 5178 787 5234 etiam
812 5178 926 5232 uuiver-
1014 5183 1055 5255 (ι)
1065 5182 1099 5236 ln
1109 5195 1172 5251 quoe
1181 5179 1208 5233 et
1218 5177 1535 5247 iper-committebant.
1542 5178 1672 5236 Similiter
1681 5178 1775 5236 scribit

126 5251 193 5306 ⁵³15ss
214 5251 341 5307 &tltssiae
364 5261 455 5321 Ριιῑθι
478 5262 504 5307 0²
527 5250 665 5318 atiustolus
689 5259 756 5309 eret.
778 5249 927 5318 beatusque
980 5250 1126 5325 Septimius
1141 5248 1228 5313 capi
1239 5247 1457 5326 ilpolopcticiri
1476 5249 1505 5304 ln
1519 5266 1613 5306 verum
1627 5248 1775 5308 committi-

127 5321 227 5378 Paulus
243 5323 367 5377 omnibus
390 5326 481 5379 omnia
501 5324 587 5378 lactus
603 5331 655 5387 est,
669 5320 769 5376 ludaris
786 5319 886 5389 pariter
901 5326 929 5373 et
981 5332 1025 5380 tur
1047 5325 1149 5379 crimen
1173 5316 1379 5398 irreligiositatis
1393 5333 1503 5398 errore.
1521 5343 1534 5370 a
1551 5322 1626 5378 ldein
1641 5339 1700 5394 cap.
1716 5322 1774 5375 29:

181 5393 268 5460 tibus,
284 5405 313 5450 ut
326 5409 422 5450 omues
437 5395 543 5450 Christo
557 5391 734 5449 lucrifaceret.
746 5392 817 5447 lion.
832 5405 866 5447 ei
881 5404 926 5460 op.
984 5415 997 5448 i
1013 5395 1076 5451 ileo
1089 5406 1155 5519 eligo
1177 5395 1370 5445 committimus
1391 5405 1419 5443 in
1442 5393 1609 5462 maiestatem
1632 5395 1777 5463 imperato·

153 5505 162 5521 ι
333 5482 358 5522 ἵ.
1016 5483 1084 5522 ιιι.)
1123 5475 1210 5519 om.

165 5465 438 5612 (mmmmm
462 5541 503 5594 est
517 5538 630 5595 Petrus.
645 5534 773 5590 bomne
786 5531 865 5590 Sedis
879 5531 931 5590 bo·
982 5484 1060 5608 1111(ι)
1078 5537 1149 5593 uene
1163 5529 1348 5609 quodPetrus
1361 5531 1449 5590 Petito
1462 5538 1491 5591 et
1504 5534 1686 5606 innectente
1707 5529 1779 5588 ndo

203 5647 326 5705 Parioi.
355 5647 390 5705 ll.
1658 5630 1677 5684 ¹
