3840 6134
128 303 183 367 265
457 322 461 329 ’
756 302 1155 369 aavsnsttslllltctoulstt.
1725 324 1780 385 266

129 428 276 491 arertende
289 437 411 500 peccata,
427 446 488 503 qnae
501 439 595 488 contra
607 431 658 490 Dei
673 432 827 490 mandatum
842 442 870 491 et
882 433 1044 490 voluntatem
1056 434 1235 492 admittuntur
1248 436 1308 507 (lib.
1326 454 1358 512 n,
1373 454 1432 511 cap.
1448 443 1492 512 ts)
1509 460 1516 498 :
1533 446 1594 503 Nan
1607 453 1778 522 enrmsutfi.

128 519 335 579 maenum
348 523 595 594 persemetipsum
609 523 928 592 commendatissimi
943 523 1043 598 aliqua
1049 529 1181 599 preesset
1191 528 1322 595 timendi,
1339 544 1401 602 qun
1412 528 1517 589 tanum
1533 537 1621 592 etiam
1648 541 1778 599 ualentes

126 613 288 685 appeteret,
304 615 332 667 et
346 610 492 670 custodire
505 611 673 686 impelleret.
686 611 803 669 Edranis
820 613 901 687 igitur
914 613 1043 685 pensandi
1059 611 1171 672 libertas
1186 616 1314 688 panditur
1329 620 1524 690 peccatoribus,
1541 623 1606 680 dum
1626 625 1678 682 illis
1705 629 1779 686 Dens

127 698 300 772 proponitur,
315 699 363 772 qui
391 699 454 771 igne
472 707 499 755 et
511 708 611 758 urtsra
640 702 736 773 punire
758 701 862 773 nequit,
877 709 904 758 ct
929 701 976 775 qni
1000 702 1087 758 timeri
1101 719 1155 760 non
1170 713 1270 777 potest,
1284 713 1312 763 et
1327 707 1393 765 nolit
1406 709 1479 781 (cap.
1501 712 1556 783 la).
1589 714 1698 783 Quanta
1713 735 1778 775 mc-

128 789 190 846 tem
205 789 376 861 injustitic;
388 792 471 846 tortia
485 791 711 863 tanumjustitia
721 812 731 859 ,·
740 791 813 848 bano
826 793 917 864 initur
929 795 1276 867 seueritas,quiejusto,si
1285 797 1480 871 bonusjndex,
1493 801 1574 859 idest
1583 806 1696 874 justus.
1709 807 1779 864 ltem

129 882 233 934 coetsrc
242 877 323 944 bana,
331 894 383 950 per
393 895 455 951 quse
464 881 645 951 apusbauum
659 881 753 937 currit
767 879 847 937 banea
864 882 1034 948 seueritatis,
1051 886 1108 941 siae
1117 886 1173 948 irc,
1185 885 1243 944 siae
1252 888 1408 957 aemulatio,
1421 888 1480 946 sive
1493 891 1613 957 saeuitia,
1626 891 1781 951 Deirideli·

129 975 168 1023 set
195 966 353 1035 volitiones,
371 983 439 1040 quaa
458 983 508 1024 nos
537 967 609 1024 hisce
631 969 743 1027 vocibus
774 969 972 1042 significamus,
992 985 1086 1028 amnes
1109 982 1201 1029 umen
1228 975 1361 1032 humanas
1388 993 1403 1032 a
1431 977 1488 1034 Deo
1516 981 1658 1051 passiones
1686 982 1786 1054 procul

130 1056 298 1131 ablegantes
331 1056 397 1112 Cum
414 1067 502 1114 tamen
529 1057 695 1130 philosophi,
723 1073 871 1131 eorumque
892 1065 1040 1117 sectatores
1055 1062 1182 1133 haeretici,
1211 1079 1247 1119 ne
1262 1065 1348 1122 Deum
1367 1066 1525 1124 inducerent
1538 1068 1595 1126 sire
1609 1070 1781 1142 passionibus

129 1146 288 1213 obnoxium,
305 1145 365 1203 siue
379 1145 549 1216 mutabilem,
575 1155 603 1203 et
629 1163 662 1204 ea
680 1158 864 1221 consequente
887 1148 1090 1221 corruptibilem
1119 1159 1148 1207 et
1168 1154 1319 1225 mortalem,
1341 1155 1452 1211 omnino
1477 1156 1661 1216 insensibilem
1689 1159 1779 1235 linge·

130 1235 192 1291 bant
204 1234 278 1305 (cap.
300 1238 355 1306 ts).
377 1237 460 1308 Bene,
476 1236 624 1307 reponebat
638 1237 829 1305 Tertullianus,
843 1238 914 1311 quad
936 1239 1166 1297 Christianarum
1185 1246 1238 1313 est,
1263 1245 1353 1301 etium
1372 1249 1523 1302 rnartuum
1547 1250 1635 1305 Deum
1658 1251 1779 1320 medere,

131 1328 157 1383 st
171 1325 372 1382 tamenviacre
384 1327 417 1381 in
427 1341 483 1383 cera
493 1342 629 1384 enarum.
640 1328 822 1392 Stultissimi,
834 1327 1067 1401 quidedumanis
1078 1331 1352 1403 diriunproedicant,
1364 1338 1407 1405 nt,
1415 1338 1586 1406 quantumin
1596 1337 1710 1398 domine
1724 1357 1783 1398 ear-

132 1415 272 1488 raptarier
279 1414 448 1472 conditionis
459 1413 598 1473 debentur
608 1414 771 1485 huiusmodi
779 1419 934 1488 passiones,
944 1417 1050 1476 idcirco
1060 1419 1127 1474 etin
1135 1422 1188 1477 Dea
1199 1420 1326 1490 ejusdem
1340 1425 1437 1482 status
1447 1427 1662 1485 existimentur.
1677 1430 1706 1484 ln
1718 1429 1780 1500 qui·

132 1503 180 1560 bns
192 1503 288 1560 verbis
306 1511 418 1576 apparet
433 1503 589 1560 Tertulliani
604 1519 662 1562 aera
676 1513 843 1562 constantem
861 1505 944 1562 luisse
962 1513 989 1564 et
1016 1516 1098 1563 ratam
1120 1508 1155 1564 de
1177 1507 1276 1565 Christi
1295 1509 1442 1582 divinitate,
1457 1528 1489 1569 ac
1509 1514 1586 1570 trium
1602 1530 1780 1588 personarum

133 1592 242 1658 uninte,
260 1590 424 1647 doctrinam.
444 1589 521 1658 Dein,
542 1606 620 1647 suum
636 1606 804 1666 prosequens
818 1607 979 1662 sermonem,
994 1593 1085 1651 subdit
1101 1611 1108 1651 :
1125 1596 1465 1668 Monaesubstcntiam,
1479 1606 1507 1658 et
1520 1618 1583 1659 suas
1599 1607 1626 1660 ci
1643 1602 1781 1664 distribue

135 1694 231 1736 nasus
248 1681 312 1734 tana
322 1666 453 1743 diversas,
463 1694 550 1750 quam
568 1680 737 1737 substantie
755 1681 886 1752 enipnnt,
903 1681 970 1737 licat
983 1680 1124 1738 uocabulis
1139 1682 1351 1741 communicare
1365 1684 1527 1743 uideuatur.
1544 1689 1615 1745 Nam
1634 1694 1662 1745 et
1682 1691 1780 1749 dente·

136 1767 364 1834 summonitor,
379 1771 408 1824 et
420 1767 503 1839 pedes
518 1768 568 1824 Dei
579 1769 716 1840 lepianus:
730 1784 788 1826 nan
806 1769 866 1827 ideo
882 1774 979 1826 tamen
994 1770 1127 1827 bannonis
1136 1773 1389 1844 comparabantur,
1405 1776 1473 1845 quic
1487 1773 1520 1831 de
1533 1776 1726 1848 appellatione
1738 1795 1783 1838 sa⁴

137 1860 282 1915 matur...
296 1857 380 1912 Prior
393 1856 503 1913 bonitas
516 1859 566 1913 Dei
580 1858 736 1915 seeundum
745 1861 894 1925 naturam,
906 1859 1040 1916 seueritas
1053 1860 1194 1931 posterior
1201 1861 1357 1918 seeundum
1371 1878 1488 1920 eausam
1503 1863 1575 1935 (cap.
1592 1868 1635 1932 ts,
1654 1867 1707 1938 ll).
1723 1867 1781 1922 Pri-

137 1963 204 2004 num
215 1945 302 2017 igitur
313 1943 414 2000 malum
437 1954 588 2016 peccatum,
608 1946 680 2018 quod
699 1961 778 2017 poena
792 1947 939 2002 subsecuto
952 1955 1002 2017 est,
1027 1963 1088 2018 quae
1102 1946 1183 2004 ent
1208 1949 1308 2005 malum
1323 1959 1378 2018 est;
1394 1958 1421 2005 at
1436 1952 1546 2008 alterius
1561 1953 1670 2027 generis
1683 1955 1781 2022 mola,

138 2034 237 2092 scilicet
250 2035 351 2107 quibus
361 2032 567 2106 rependuntur,
585 2040 720 2092 ceterum
735 2051 786 2092 sua
802 2037 917 2094 nominc
929 2038 1009 2104 bana,
1024 2037 1090 2109 quio
1100 2037 1379 2110 justa,setbanorurn
1392 2039 1561 2111 tassinaria,
1578 2045 1605 2099 et
1615 2041 1784 2101 deliciarum

139 2126 266 2190 inimica,
282 2126 368 2196 etque
381 2124 414 2179 in
428 2122 478 2179 baa
497 2123 595 2181 ordine
609 2126 663 2181 Dea
679 2125 773 2196 diane.
1126 2141 1131 2148 ’
1780 2187 1782 2192 .

168 2214 204 2272 Ut
225 2226 293 2270 vero
311 2212 374 2268 mali
402 2211 536 2285 originem
559 2212 674 2286 detegat,
703 2213 811 2269 humani
837 2213 989 2270 libertatem
1017 2215 1118 2271 arbitrii
1143 2215 1281 2273 constituit
1306 2215 1498 2286 Tertullianus,
1525 2219 1640 2278 dicans:
1677 2222 1708 2276 ln
1730 2238 1785 2294 qua

139 2304 183 2364 las
201 2306 300 2376 ipsum
315 2304 406 2374 imoqa
421 2305 448 2358 et
461 2302 618 2359 similitudo
628 2304 676 2360 Dei
689 2302 884 2375 deputaretur,
898 2303 1013 2360 arbitrii
1026 2304 1135 2361 scilieet
1151 2304 1265 2363 libertas
1281 2310 1311 2363 ct
1320 2309 1457 2379 potestas.
1472 2309 1507 2363 At
1520 2309 1609 2381 imago
1624 2325 1730 2379 semper
1744 2318 1786 2366 cst

138 2392 260 2465 originali
276 2391 397 2462 interior,
423 2395 451 2448 et
473 2407 544 2463 opus
557 2394 682 2464 inferius
701 2393 824 2462 artifice,
849 2400 991 2464 propterea
1005 2401 1101 2449 natura
1114 2409 1163 2448 sua
1174 2393 1330 2450 defectibile
1343 2396 1415 2467 (cap.
1432 2398 1493 2469 l0);
1509 2400 1539 2454 et
1552 2399 1628 2456 sicut
1638 2401 1713 2456 Dens
1733 2398 1785 2454 ta-

138 2484 206 2540 ntini
216 2481 543 2547 aitoestctumindueit,
554 2483 597 2537 ita
611 2482 692 2540 bama
701 2484 918 2540 martisstatum
927 2481 1067 2549 adtraxit,
1079 2491 1105 2539 et
1114 2482 1185 2538 idem
1200 2483 1234 2538 de
1249 2482 1344 2557 angela
1354 2484 1514 2555 dicendum;
1531 2486 1605 2543 Deus
1617 2487 1687 2544 enim
1698 2504 1784 2562 ange·

137 2572 188 2628 lana
215 2572 295 2636 tecit,
322 2570 369 2642 qni
386 2569 505 2641 seipsum
525 2570 553 2625 in
570 2571 722 2628 demonem
736 2571 919 2630 commutarit.
934 2571 1035 2629 lithos
1049 2579 1126 2644 pacta
1140 2571 1319 2643 objectionem
1335 2574 1430 2646 solvit,
1450 2574 1483 2630 ad
1502 2577 1683 2633 accusandum
1703 2579 1786 2634 tlrea·

137 2670 217 2718 ιοιοιιι
246 2676 283 2718 ex
309 2659 428 2716 bominis
454 2669 481 2716 et
498 2661 655 2734 angelorum
670 2661 749 2734 lapsu
775 2661 960 2735 desumptam
995 2660 1121 2717 nimirum
1151 2658 1196 2718 rel
1229 2661 1342 2720 inscitie
1370 2671 1399 2720 et
1422 2663 1593 2735 ignorantiae,
1609 2665 1632 2721 si
1647 2676 1787 2737 peccatum
1890 2716 1896 2726 .

136 2750 278 2822 utriusque
297 2763 352 2806 non
365 2749 513 2822 prenavit3
528 2749 570 2807 rel
585 2751 704 2819 malitiae,
715 2750 771 2824 qui,
788 2766 850 2807 eum
864 2749 1025 2823 prenderit,
1036 2765 1090 2807 non
1110 2749 1260 2823 impedivit.
1276 2751 1343 2807 Nam
1359 2752 1428 2808 Deus
1443 2752 1564 2822 etfidcm
1580 2765 1607 2809 et
1616 2757 1787 2826 pravitatem

136 2855 210 2897 taam
239 2839 269 2894 in
298 2838 373 2896 omni
390 2853 475 2910 opere
504 2854 611 2896 serrare
638 2840 771 2910 debebat,
800 2839 969 2898 conservarit
994 2839 1077 2911 iqitur
1104 2855 1184 2912 opas,
1213 2840 1292 2912 quale
1319 2840 1484 2913 condiderat,
1500 2842 1527 2897 id
1553 2851 1594 2898 est
1616 2843 1701 2901 libero
1716 2859 1787 2915 prae·

138 2928 224 2985 ditum
237 2928 481 3000 autumnans).
495 2930 525 2985 Si
534 2930 612 2986 enim
622 2930 709 2987 semel
720 2927 833 2988 bamini
843 2930 1013 3004 permiserat
1023 2928 1136 2985 arbitrii
1145 2929 1341 2986 libertatemet
1348 2935 1534 3004 patestatem,
1545 2933 1788 3005 ntiqucsrncndas

143 3035 190 3075 cns
210 3033 247 3074 ex
268 3017 326 3089 ipsa
338 3015 508 3076 institutione
523 3018 705 3090 permiserat:
722 3033 802 3089 passe
827 3027 915 3075 autem
940 3032 1051 3088 peceare
1070 3024 1112 3071 est
1135 3017 1216 3089 hujus
1234 3017 1368 3074 libertatis
1387 3020 1594 3092 consectarium,
1614 3023 1688 3094 quod
1718 3022 1792 3078 Deus

149 3105 273 3176 permisit
295 3120 352 3163 uum
374 3107 509 3180 adjunctis
536 3107 603 3176 sois,
617 3108 735 3180 peccatis
749 3107 852 3165 scilicet
878 3114 905 3164 et
919 3104 1069 3179 suppliciis,
1085 3120 1146 3179 quse
1160 3105 1252 3162 omnia
1268 3113 1362 3178 postea
1376 3106 1403 3161 in
1422 3123 1480 3163 suae
1498 3109 1590 3180 gloriae
1608 3110 1791 3168 ostensionem

145 3193 290 3252 murenis

179 3283 276 3340 Postea
288 3284 321 3341 ad
345 3287 451 3343 llessiae
466 3285 622 3344 missionem
637 3294 664 3342 ct
678 3284 888 3344 incarnationem
902 3283 1089 3357 progrediens,
1106 3283 1170 3340 dicit
1184 3281 1241 3353 (lib.
1257 3298 1298 3356 ru,
1318 3298 1377 3354 cap.
1398 3286 1426 3356 3)
1443 3283 1589 3343 Christum
1602 3301 1661 3342 non
1674 3303 1711 3344 en
1723 3288 1790 3345 salus

136 3374 298 3433 virtutum
313 3375 483 3433 eredendum
496 3377 595 3446 fuisse,
611 3376 661 3432 sed
676 3392 707 3433 οι
724 3374 829 3448 praeriis
843 3374 1033 3447 prophetarum
1054 3373 1088 3430 de
1101 3372 1148 3429 illo
1161 3372 1316 3440 vaticiniis;
1338 3372 1472 3444 siquidem
1487 3373 1589 3431 dictum
1603 3384 1670 3445 crat,
1685 3377 1793 3436 mattas

137 3468 283 3529 uenturas,
300 3466 330 3520 et
343 3465 426 3536 sipna
435 3467 564 3536 tacturas
574 3470 602 3523 et
616 3468 735 3524 uirtutes
742 3481 860 3538 maenas
874 3465 1008 3533 edituros,
1024 3478 1075 3519 nec
1090 3462 1150 3519 idea
1164 3467 1260 3518 tumen
1271 3460 1471 3520 admittendas.
1488 3463 1538 3520 Ubi
1554 3473 1581 3521 et
1594 3465 1662 3521 illud
1671 3464 1793 3521 animad-

137 3551 217 3609 uertit
229 3568 248 3608 a
261 3552 405 3625 prophetis
421 3556 490 3626 (cap.
508 3556 536 3627 5)
551 3554 613 3613 ideo
632 3557 736 3626 tuturo
749 3554 895 3613 interdum
908 3568 959 3626 pra
971 3555 1035 3626 jam
1057 3554 1214 3609 transactis
1227 3553 1387 3620 enuntiari,
1404 3552 1467 3625 quia
1489 3554 1560 3627 apud
1576 3555 1665 3611 Deum
1682 3571 1740 3613 nan
1754 3558 1794 3612 sit

138 3641 305 3714 Maenalia
320 3647 465 3716 temporis,
476 3643 553 3716 apud
563 3660 644 3719 quem
651 3645 825 3715 uniformem
833 3648 944 3700 statum
955 3646 1115 3715 temporum
1125 3642 1226 3714 diripit
1235 3644 1393 3711 eternitas,
1404 3647 1433 3699 et
1443 3643 1614 3701 divinationi
1623 3645 1795 3718 propheticae

141 3732 289 3802 ssmdmre
304 3734 432 3805 estquod
440 3734 592 3806 prospicit,
603 3733 673 3790 dum
680 3735 818 3807 prospicit
825 3735 889 3805 jem
903 3734 1005 3799 nisum,
1020 3736 1105 3804 atque
1115 3733 1419 3805 itajameepunctnm,
1433 3732 1517 3789 idest
1531 3735 1610 3789 amni
1619 3733 1699 3791 moda
1711 3735 1794 3805 futu·

142 3837 206 3879 nm
221 3821 431 3881 umemtrare.
462 3821 495 3878 Ut
509 3837 574 3882 aero
587 3823 744 3881 ostenderet
763 3822 849 3878 Deum
871 3838 964 3881 verum
995 3820 1134 3877 bominem
1162 3820 1256 3888 luisse,
1284 3835 1338 3877 non
1353 3819 1521 3877 umbratilem
1536 3833 1564 3877 et
1585 3822 1793 3893 phantasticum,

143 3907 216 3976 dicit,
237 3910 262 3966 si
278 3911 306 3966 in
335 3910 443 3967 Cbristo
471 3927 524 3969 non
540 3911 634 3968 luisset
651 3927 716 3970 vera
729 3911 889 3978 humanitas,
905 3925 955 3967 neo
967 3909 1131 3966 credendam
1145 3908 1174 3966 in
1198 3923 1232 3965 eo
1254 3924 1346 3968 veram
1362 3909 1529 3966 divinitatem
1552 3911 1623 3982 (cap.
1639 3912 1667 3984 8)
1685 3930 1692 3968 :
1723 3901 1795 3969 Narra

90 4047 93 4050 ⁴
145 3999 212 4054 riis
228 3999 343 4057 Christo
358 4016 417 4057 nan
431 4006 494 4058 erat
505 4001 579 4074 quod
591 4001 747 4067 miniatum,
762 4005 790 4057 et
801 4001 873 4073 quad
880 4004 942 4058 erat
951 3998 1156 4064 mentiebatur,
1169 4014 1234 4055 cara
1250 4014 1301 4057 nec
1315 4015 1395 4068 cara,
1409 3999 1489 4057 bama
1506 4016 1558 4058 nec
1574 4000 1665 4066 bama,
1678 4000 1796 4074 proinde

143 4087 215 4144 beas
229 4087 375 4159 Christus,
389 4106 441 4148 nec
455 4093 538 4147 Deus.
556 4092 613 4149 Cur
627 4093 704 4147 enim
716 4106 773 4146 nan
792 4093 880 4148 etiam
892 4091 943 4148 Dei
950 4089 1127 4162 pbentosma
1138 4090 1267 4160 parturit
1277 4087 1292 4143 i
1303 4090 1347 4145 An
1357 4089 1470 4147 credam
1484 4091 1511 4146 ei
1524 4088 1558 4146 de
1567 4091 1705 4148 interiore
1718 4090 1795 4147 susbs-

147 4179 251 4247 tunm,
266 4181 317 4253 qui
331 4180 371 4235 sit
381 4178 413 4237 ds
423 4180 565 4238 anteriore
579 4180 763 4252 frustratus?
773 4179 970 4237 Verumautena
980 4176 1117 4234 bominem
1130 4174 1222 4246 inisse,
1237 4176 1328 4232 omnia
1342 4177 1490 4234 ostendunt
1504 4194 1565 4249 quae
1579 4180 1614 4233 de
1628 4178 1695 4234 eoin
1704 4178 1794 4235 livan-

149 4266 344 4339 telilaaeripta
357 4266 496 4341 leguntur,
515 4268 639 4327 videlicet
652 4278 679 4326 et
694 4268 824 4343 tetigisse,
844 4275 871 4325 et
884 4276 983 4324 motuni
997 4267 1032 4322 ab
1046 4263 1220 4335 aliiaiuisse;
1241 4265 1370 4335 scriptum
1400 4274 1441 4322 est
1464 4266 1537 4323 eninr
1561 4267 1695 4342 tangendo
1718 4265 1795 4323 infir·
1831 4282 1842 4303 ⁹

151 4369 266 4415 ιιιοοοοο
280 4355 446 4425 liberasses
460 4357 610 4428 peccatrice
641 4367 725 4415 tactos
745 4359 805 4428 ejus
834 4356 917 4429 pedes
932 4371 965 4413 se
991 4354 1102 4426 pertusa
1121 4361 1262 4427 unguento
1275 4352 1423 4421 delibutos,
1439 4370 1490 4411 nec
1503 4370 1558 4411 nan
1574 4372 1693 4426 passum,
1720 4372 1795 4414 mor-

148 4450 278 4510 tun-,et
302 4443 428 4515 spiritum
452 4446 486 4500 ab
502 4460 535 4503 ea
562 4445 701 4513 emissum,
730 4451 756 4500 et
783 4451 845 4516 post
872 4444 1099 4502 resurrectionem
1127 4457 1157 4498 se
1185 4455 1296 4498 carnem
1324 4448 1351 4497 et
1378 4454 1439 4496 assa
1465 4442 1565 4497 habere
1583 4443 1794 4511 demonstrasse,

149 4531 270 4602 iubendo
283 4539 315 4588 nt
328 4548 391 4589 eam
405 4539 546 4609 tangerent
559 4541 586 4590 et
605 4534 761 4606 palparent;
777 4531 904 4604 alioquin,
934 4532 957 4588 si
971 4546 1068 4589 acram
1081 4545 1136 4588 non
1155 4528 1292 4586 habuisset
1305 4543 1424 4598 earnem,
1443 4544 1493 4584 nec
1518 4544 1627 4601 passus,
1642 4547 1693 4587 nec
1719 4546 1796 4588 mor-

149 4627 212 4678 tuns
229 4621 336 4688 inisset,
366 4631 510 4695 propterea
523 4638 572 4680 nec
599 4623 789 4681 resurrexisset
804 4641 812 4694 ς
837 4620 1055 4695 proindeinanls
1082 4628 1122 4678 est
1137 4618 1205 4676 fides
1226 4626 1328 4689 nostra,
1344 4616 1432 4674 inanis
1446 4627 1474 4675 et
1487 4617 1649 4690 [praedicatio
1662 4618 1796 4692 apostolo-

150 4727 220 4779 rum,
238 4713 287 4785 qai
300 4711 361 4768 falsi
374 4712 423 4770 Dei
439 4719 524 4770 testes
538 4713 733 4774 invenirentur.

181 4799 270 4858 ω
284 4800 449 4859 Ιοιοίοοίιο
463 4800 627 4872 objiciebant
640 4817 748 4859 carnem
754 4815 894 4858 assumere
911 4798 1050 4873 indignam
1061 4797 1145 4855 luisse
1157 4796 1424 4865 Christo,eamenim
1438 4802 1583 4855 terrenam
1596 4796 1795 4865 substantiam,

148 4890 321 4949 stercoribus
336 4892 487 4962 intertum,
503 4891 627 4949 cloacam
640 4896 757 4949 nicrum
771 4890 889 4963 sirpinis
903 4888 1096 4963 appellabant,
1112 4892 1140 4945 et
1155 4892 1260 4961 partus
1280 4886 1432 4945 immunda
1446 4890 1475 4945 et
1489 4886 1622 4960 pudenda
1643 4891 1801 4967 tormentep

146 4985 174 5037 et
185 4980 336 5055 paler-perii
349 4997 476 5054 spurcas,
493 4982 605 5049 nonies,
618 4980 742 5039 ludicras
756 4982 851 5037 exitus
867 4979 926 5037 late
939 4977 1180 5053 persequebantur
1193 4976 1265 5048 (cap.
1279 4977 1335 5048 lli.
1349 4978 1385 5032 At
1399 4979 1457 5032 liaec
1468 4976 1558 5033 amnia
1573 4977 1637 5034 dicit
1651 4976 1797 5034 Tertullia-

148 5083 200 5126 nus
218 5070 403 5127 mestissima
416 5085 450 5126 ac
475 5070 629 5127 reverende
648 5085 706 5128 esse
723 5085 808 5141 opera
828 5073 956 5135 nature,
970 5081 1030 5140 quoe
1042 5076 1133 5122 tamen
1147 5082 1208 5122 eum
1223 5066 1325 5122 ldarcio
1345 5065 1458 5139 indigna
1472 5066 1530 5124 Deo
1545 5066 1709 5137 ostenderet,
1729 5064 1798 5124 nihil

149 5159 236 5214 buren
250 5157 389 5230 proliciet3
402 5175 474 5214 nam
483 5174 542 5217 nan
558 5159 615 5215 erit
629 5157 773 5230 indipniar
787 5161 879 5216 marte
892 5158 1029 5213 nadaitas
1039 5160 1157 5213 eternae
1171 5156 1302 5226 infantia
1316 5157 1462 5213 cinctura
1473 5172 1558 5228 paena
1571 5161 1600 5215 st
1614 5171 1703 5214 carne
1716 5156 1799 5214 dem·

151 5248 246 5304 ntia.
263 5246 552 5321 &assumpseras
567 5251 610 5305 est
622 5247 759 5317 Christus,
775 5248 871 5303 minus
884 5247 986 5316 suntet
1000 5246 1081 5300 nasci
1094 5243 1165 5317 (cap.
1182 5244 1237 5315 ld).
1253 5243 1397 5311 Ceterum,
1419 5247 1444 5302 si
1456 5245 1493 5300 ad
1507 5250 1617 5303 certum
1631 5231 1799 5320 speetembs,

149 5335 509 5409 nundinantium
520 5343 564 5395 est
578 5352 664 5411 quam
673 5339 743 5395 Deus
753 5335 868 5393 induat.
883 5335 1070 5406 Οοοάοοοοιιο
1087 5334 1218 5391 induerit
1233 5336 1303 5407 ipsc,
1318 5333 1437 5405 diqnum
1447 5336 1528 5405 facit,
1539 5335 1642 5408 absque
1655 5334 1801 5392 mendacia

150 5427 299 5494 tumeant
314 5427 378 5485 ideo
392 5427 475 5499 quate
488 5431 531 5485 est
544 5430 579 5484 ut
591 5426 709 5485 dederam
717 5426 928 5483 aestimaverit
937 5425 1191 5498 ueritatempatius
1200 5440 1286 5496 quam
1296 5423 1479 5482 menducium
1488 5423 1605 5480 carnis?
1616 5423 1724 5488 Verum,
1738 5435 1813 5481 cum,

148 5514 452 5586 murmuratores
478 5516 513 5573 da
538 5515 657 5584 Christo,
672 5530 736 5571 euna
759 5512 915 5585 opprobriis
932 5513 1106 5570 saturandum
1133 5520 1160 5568 et
1185 5511 1347 5568 contusione
1372 5510 1560 5583 operiendum,
1575 5509 1644 5566 adea
1658 5518 1687 5564 at
1706 5509 1803 5566 vermis

148 5605 508 5676 emmeramiano,
522 5602 845 5675 erubescereaportebat
861 5601 920 5675 (lib.
935 5616 975 5672 au,
989 5618 1049 5673 cap.
1064 5601 1110 5671 tl)
1123 5604 1158 5657 ut
1178 5600 1310 5658 dedecore
1336 5601 1400 5670 ejus
1422 5599 1504 5655 salus
1527 5603 1627 5655 nasim
1645 5603 1805 5669 concuret,-

240 5701 366 5761 Paraon.
384 5703 419 5760 ll.
446 5766 451 5776 .
1698 5701 1714 5753 9
