3840 6134
133 307 204 370 tout
780 300 881 380 tuith
899 299 944 365 bu
966 301 1140 367 rubicula.
1317 309 1320 313 ’
1712 301 1784 372 tota

126 447 179 490 nee
201 429 380 490 remissionis.
396 429 550 489 Secundum
563 426 833 503 bancjdiiterenriem
847 428 929 487 delic-
944 428 1131 531 qmunimre.
1155 424 1269 486 Adsistit
1295 423 1367 485 enim
1399 442 1448 500 pro
1471 429 1576 488 forilrus
1602 432 1672 502 ejus,
1698 442 1724 490 et
1747 436 1782 491 de

127 529 234 589 torum,
252 521 416 594 poenitentiae
442 533 551 594 quoque
579 517 698 576 conditio
722 518 929 578 discriminatur.
984 526 1056 576 note
1079 533 1136 575 suae
1159 516 1284 589 exemplo
1301 524 1414 574 ceteros
1436 517 1583 589 admonet,
1609 531 1636 577 et
1649 521 1783 594 lacrymas

126 609 187 668 alia
207 610 258 668 erit
284 625 345 682 quae
368 607 475 667 reniam
507 607 637 682 consequi
659 607 758 682 possit,
783 608 810 665 in
833 609 931 668 delicto
984 607 1097 665 fratrum
1113 607 1166 665 sibi
1179 621 1287 681 quoque
1301 606 1426 678 aduocat,
1441 615 1469 664 et
1489 608 1560 666 redit
1575 609 1636 681 pius
1649 612 1743 684 utique
1759 612 1783 650 ¹³

127 697 241 756 scillicet
264 695 436 769 remissibili;
452 695 504 753 alia
518 712 578 769 quae
600 697 730 770 consequi
750 697 825 754 nullo
850 697 931 755 modo
984 698 1131 772 negotiata,
1155 695 1372 769 compassionem
1396 695 1500 754 scilicet
1515 699 1539 736 ¹¹
1552 715 1633 770 quarn
1657 714 1783 757 commu·
1894 760 1897 767 ,

128 786 224 860 possit,
241 787 268 843 in
291 784 389 843 delicto
411 784 514 843 seilicet
534 784 726 842 irremissibili.
741 785 774 841 Et
807 795 933 860 superest
983 787 1164 846 nicationem.
1185 787 1218 842 Et
1241 787 1265 843 si
1281 801 1376 857 pacem
1399 785 1513 843 hicnon
1538 790 1621 856 metit,
1637 790 1709 861 apud
1723 791 1783 848 Do-

128 875 283 948 specialiter
299 876 333 932 de
346 873 471 931 moechiae
493 883 520 932 et
547 874 735 933 fornicationis
762 882 834 933 statu
862 892 945 946 ειε-Ι
982 876 1086 935 minum
1105 875 1239 932 seminat:
1256 873 1431 960 necamittit,
1448 875 1496 932 sed
1509 885 1642 950 praeparat
1655 878 1782 938 fructum:

128 966 245 1033 minare,
260 965 289 1020 in
303 980 382 1039 quarn
396 963 557 1022 delictorum
578 975 683 1036 partem
700 963 816 1022 debeant
833 964 930 1039 redigi.
984 980 1039 1023 non
1061 965 1168 1023 vacabit
1191 964 1225 1019 ab
1250 964 1445 1031 emolumento,
1471 965 1495 1020 si
1519 981 1576 1043 non
1598 967 1733 1024 recurarit
1749 969 1784 1025 ab

984 1053 1086 1112 officio.
1103 1054 1144 1110 lta
1159 1067 1208 1110 nec
1224 1052 1382 1125 poenitentia
1404 1053 1560 1126 hujusmodi
1584 1071 1664 1126 vaus,
1679 1071 1729 1114 nec
1741 1056 1784 1113 di-

442 1159 555 1216 qppup
575 1159 623 1220 (ῃ,
985 1142 1101 1216 sciplina
1114 1141 1249 1214 ejusmodi
1266 1141 1334 1197 dura
1353 1147 1406 1198 est.
1420 1141 1509 1200 Deum
1526 1144 1613 1202 ambre
1626 1145 1761 1205 honorant
1776 1164 1785 1203 :

984 1232 1033 1290 iila
1056 1232 1121 1288 nihil
1145 1232 1197 1289 sibi
1226 1231 1390 1288 blandiendo
1413 1230 1518 1289 lucilius
1540 1234 1710 1308 impetrabit,
1735 1235 1787 1295 ista

167 1320 222 1379 Sed
256 1321 333 1394 prius
359 1319 484 1378 decidam
500 1319 713 1378 intercedentem
723 1333 757 1376 ex
771 1318 933 1380 diversore·
985 1320 1052 1378 nibil
1066 1321 1118 1379 sibi
1130 1321 1292 1379 assumendo
1311 1319 1420 1394 plenius
1434 1321 1585 1395 adjuvabit.

131 1411 306 1485 sponsionem
320 1409 354 1466 ad
370 1425 428 1467 eam
437 1408 605 1485 poenitentiae
619 1408 748 1482 speciem,
761 1425 841 1483 quum
856 1426 933 1468 curn·

132 1497 248 1555 maxime
275 1497 412 1555 difluimus
432 1499 513 1556 uenia
531 1513 622 1556 carere
637 1498 705 1570 (to).
726 1496 754 1555 Si
780 1499 864 1565 enim,
889 1500 932 1554 in·
1299 1463 1413 1521 CAPUT
1431 1463 1480 1523 lv·

132 1588 241 1661 quiunt,
260 1587 349 1662 aliqua
364 1587 523 1658 poenitentia
543 1595 619 1646 caret
636 1587 725 1656 venia,
753 1588 811 1658 jam
838 1603 890 1645 nec
903 1587 932 1643 in
1022 1587 1168 1644 Possumus
1192 1585 1292 1658 igitur,
1316 1586 1477 1644 demandata
1499 1588 1666 1660 poenitentiae
1689 1590 1788 1649 distin·

132 1685 219 1736 toturn
232 1677 341 1748 agenda
355 1677 403 1732 tibi
412 1687 463 1735 est.
488 1676 562 1734 Nihil
577 1677 649 1734 enim
663 1677 799 1752 agendum
812 1685 854 1734 est
873 1678 933 1733 fru-
949 1639 972 1719 B
987 1674 1087 1742 ctione,
1104 1675 1140 1730 ad
1154 1673 1276 1753 ipsorum
1289 1674 1346 1745 jam
1360 1675 1520 1748 delictorum
1537 1679 1647 1752 regredi
1663 1696 1786 1751 censum,

132 1774 200 1825 stra.
214 1767 299 1823 Porro
308 1764 408 1822 frustra
426 1774 523 1839 agetur
536 1763 704 1838 poenitentia,
720 1765 743 1821 si
758 1772 832 1824 caret
845 1765 933 1831 venia,
958 1774 1022 1837 m
1034 1781 1067 1821 ea
1080 1765 1135 1823 sint
1151 1780 1213 1838 quae
1236 1762 1343 1822 veniam
1363 1763 1397 1820 ab
1421 1763 1549 1823 omnibus
1571 1772 1698 1842 consequi
1721 1787 1789 1843 pos-

133 1854 231 1913 Omuis
260 1860 349 1910 autem
377 1855 538 1928 paenitentia
561 1851 650 1912 980
675 1853 781 1927 agenda
810 1862 852 1912 est
865 1855 934 1929 (11).
987 1854 1051 1911 sint.
1077 1855 1108 1909 ln
1136 1851 1249 1926 primis,
1271 1852 1345 1926 quod
1367 1853 1512 1911 moechiam
1537 1863 1564 1912 et
1584 1856 1790 1919 fornicationem

133 1941 207 2015 Ergo
221 1942 312 1999 omnis
328 1943 434 2001 veniam
448 1951 639 2017 consequatur,
659 1956 695 1998 ne
707 1940 806 1999 frustra
819 1953 935 2018 agatur3
989 1943 1170 2012 nominamus,
1182 1941 1408 2014 usuaexpostulat
1423 1959 1431 1999 :
1447 1944 1564 2003 habetet
1577 1944 1645 2003 tides
1659 1965 1791 2020 quorum-

134 2030 200 2105 qnia
213 2046 269 2088 uon
282 2031 333 2087 erit
350 2033 466 2107 agenda,
487 2031 511 2088 si
523 2031 622 2088 frustra
639 2029 738 2103 agitur.
753 2036 848 2101 Porro,
863 2033 936 2091 frus·
990 2033 1052 2095 dam
1080 2033 1221 2091 numinum
1253 2030 1461 2090 familiaritatem
1489 2033 1565 2107 (2⁰);
1590 2035 1627 2092 ita
1655 2038 1683 2092 iu
1715 2038 1790 2097 omni

135 2119 329 2191 traaqetur,si
346 2119 426 2178 venia
449 2119 561 2176 carebit.
577 2118 674 2176 hierito
697 2120 722 2159 ¹⁰
742 2122 834 2194 utique
853 2121 876 2161 ¹¹
901 2125 939 2179 ita
991 2123 1121 2196 opusculo
1141 2139 1220 2178 usum
1234 2122 1413 2179 custodimus.
1430 2121 1575 2194 Caeterum,
1588 2124 1612 2182 si
1625 2124 1790 2186 adulterium

135 2214 287 2282 opponunt,
303 2209 431 2280 quoniam
453 2205 534 2281 hujus
548 2222 657 2282 quoque
674 2208 842 2281 paenitentias
863 2210 937 2268 fruc·
990 2219 1018 2268 et
1031 2212 1054 2267 si
1069 2218 1193 2283 stuprum
1208 2211 1304 2268 dixero
1323 2210 1404 2284 (11),
1424 2228 1508 2269 unum
1524 2214 1577 2270 erit
1600 2215 1790 2274 mnuminatae

136 2303 205 2365 turn,
221 2297 249 2351 id
262 2304 304 2352 εει
317 2295 433 2367 reniam,
452 2295 481 2350 in
506 2311 556 2352 sua
576 2303 709 2368 potestate
729 2307 937 2366 usurpaverunt.
990 2297 1079 2357 carnis
1093 2297 1225 2371 elogium.
1248 2299 1306 2356 Neo
1320 2299 1394 2355 eninr
1408 2301 1520 2357 interest
1541 2311 1659 2373 nuptam
1672 2304 1790 2361 ahenam

98 2400 101 2404 ’
136 2386 273 2460 Quantum
287 2385 360 2443 enim
373 2385 407 2441 ad
431 2384 496 2442 illos
518 2399 534 2441 a
551 2384 651 2459 quibus
672 2399 766 2456 pacem
793 2387 938 2444 humanam
990 2402 1025 2443 an
1039 2386 1148 2444 uiduam
1163 2387 1225 2459 quis
1239 2386 1368 2455 incurset,
1380 2388 1445 2443 dum
1455 2402 1510 2446 non
1525 2405 1603 2451 suam
1616 2390 1745 2451 feminam
1755 2396 1790 2452 ¹³:

138 2477 313 2548 consequitur
323 2473 362 2542 ¹¹,
378 2481 509 2547 quantum
532 2482 622 2531 autern
644 2472 679 2528 ad
693 2488 753 2546 uos,
782 2475 830 2547 qui
850 2475 939 2532 solum
991 2477 1060 2534 sicut
1075 2491 1125 2533 nec
1137 2475 1206 2532 locis
1225 2475 1320 2547 refert,
1336 2475 1365 2532 iu
1379 2475 1513 2534 cubiculis
1536 2478 1791 2543 1111111111111111ε16

137 2564 286 2623 Dominum
300 2563 474 2622 meminimus
487 2562 585 2621 delicta
612 2563 761 2620 concedere
774 2563 833 2637 (18)
848 2572 875 2620 ει
888 2564 940 2622 uti·
991 2564 1121 2641 pudicitia
1137 2563 1294 2623 trucidetur.
1306 2564 1394 2623 Omne
1413 2565 1591 2624 homicidium
1605 2577 1681 2631 extre
1696 2572 1792 2632 silvam

138 2669 194 2729 que
220 2653 354 2721 mortalia,
382 2668 437 2711 non
471 2651 570 2710 frustra
588 2658 694 2726 agetur.
723 2653 767 2708 Ad
793 2653 940 2711 Dominum
991 2650 1076 2711 981
1089 2653 1261 2710 latrocinium
1270 2660 1327 2712 est:
1344 2655 1416 2710 itaet
1428 2653 1642 2728 ubicunque,vel
1651 2658 1679 2715 iu
1694 2676 1794 2732 quam

139 2742 214 2802 enirn
228 2743 341 2816 remissa
354 2750 382 2800 et
395 2741 541 2800 illioninde
555 2748 687 2814 postrata,
703 2740 756 2799 boc
779 2740 839 2815 ipso
854 2743 940 2819 magis
994 2756 1098 2815 cunque
1114 2740 1290 2813 semetipsum
1312 2738 1447 2799 adulterat
1461 2751 1490 2798 et
1511 2749 1625 2815 stuprat,
1644 2748 1691 2818 qui
1712 2748 1791 2808 aliter

139 2832 295 2908 operabitur
317 2832 436 2905 reniam,
451 2832 527 2904 quod
540 2846 601 2887 eam
619 2832 677 2888 solo
691 2831 749 2888 fleo
763 2839 856 2889 exorat
871 2831 939 2906 (19),
995 2847 1076 2904 quam
1090 2829 1191 2904 nuptiis
1214 2829 1309 2887 utitur.
1333 2829 1397 2886 ideo
1416 2845 1500 2902 penes
1514 2846 1564 2888 uos
1587 2835 1699 2898 occultae
1720 2852 1791 2908 quo.

142 2922 219 2996 quod
241 2921 339 2979 delicto
372 2936 423 2979 suo
442 2922 588 2978 humanam
615 2934 711 2992 pacem
733 2918 859 2978 sufficere
886 2936 941 2978 nou
955 2922 978 3002 (ζ
991 2936 1044 2994 qua
1061 2918 1280 2993 conjunctiones,
1295 2918 1323 2975 id
1337 2926 1380 2975 est
1394 2934 1448 2977 non
1463 2921 1539 2993 prius
1552 2923 1625 2995 apud
1643 2925 1794 2987 Ecclesiam

140 3010 240 3080 credit,
255 3011 326 3084 quod
340 3010 469 3069 Ecclesiae
484 3012 587 3068 mauult
601 3010 760 3068 embescere
774 3024 940 3086 quemcom-
994 3008 1123 3083 professae
1137 3007 1283 3080 (11))11111
1296 3007 1441 3066 moechum
1456 3016 1484 3066 et
1500 3010 1706 3073 fornieationem
1718 3016 1797 3088 judi·

832 3133 930 3199 Variae
950 3138 1107 3199 lectiones.

180 3271 249 3356 ¹⁰‚si
267 3271 349 3357 uenia
363 3261 467 3328 carebit
479 3266 580 3326 merito
594 3267 687 3378 utique
714 3270 814 3351 Wouw.
830 3269 891 3329 cod.
904 3269 928 3309 ¹¹
943 3268 1048 3353 Utique
1071 3268 1181 3326 adata
1198 3268 1285 3351 Eheu.
1302 3269 1389 3328 Semi
1407 3270 1517 3329 oberth.
1536 3272 1560 3312 ¹²
1578 3272 1688 3358 Frustra
1707 3278 1794 3354 agitur

145 3344 227 3404 oddtt
254 3344 343 3401 froco.
358 3343 383 3382 ¹³
406 3342 524 3412 Plusque
545 3341 625 3396 Pom.
654 3340 812 3397 ¹Precrbus
835 3358 888 3413 que
914 3347 1061 3416 nepotata,
1079 3355 1297 3412 compassionem
1321 3342 1402 3398 elrcrt.
1420 3344 1482 3400 Lot.
1509 3344 1532 3382 ¹⁵
1556 3347 1732 3406 somenam
1757 3353 1795 3408 od

142 3416 276 3475 lentinum
288 3415 364 3475 delet
381 3415 472 3473 dioec.
488 3411 656 3470 16Τ111111111ε
670 3413 733 3470 bot.
749 3413 811 3485 Rip.
828 3413 918 3470 ciacc.

834 3537 1085 3604 Commentarius.

181 3647 241 3722 (to)
262 3645 516 3717 Definimurverrio
531 3659 638 3704 carcre.
652 3644 693 3701 De
716 3646 819 3701 Ponit.
843 3661 902 3719 cap.
932 3647 950 3702 1
1003 3661 1084 3718 quam
1098 3643 1205 3717 quaeris,
1222 3643 1346 3716 accipies.
1361 3643 1469 3701 Etenim
1484 3646 1675 3718 praemittithic
1692 3672 1705 3706 1
1720 3661 1796 3714 actus

143 3736 209 3779 cum
218 3719 307 3775 adhuc
318 3717 474 3789 catholicus,
494 3718 522 3773 in
536 3716 871 3774 eanoneratsententiarc
887 3716 951 3774 Om·
1001 3716 1136 3789 publicos,
1152 3715 1318 3788 poenitentiae
1334 3735 1348 3769 1
1364 3717 1473 3773 eosdem
1487 3734 1556 3791 quos
1573 3720 1620 3776 lib.
1637 3724 1796 3798 choenr't.,

143 3792 226 3849 nibus
240 3805 308 3866 erqo
318 3789 431 3855 delictis,
448 3788 545 3861 inquit,
557 3805 604 3845 seu
619 3786 725 3859 spiritu,
735 3803 784 3844 seu
799 3789 880 3857 facto,
897 3805 948 3845 seu
1000 3804 1059 3859 cap.
1077 3792 1111 3855 93
1128 3795 1156 3845 ει
1171 3795 1259 3842 tamen
1273 3789 1329 3843 vult
1347 3808 1361 3840 1
1376 3804 1392 3842 a
1406 3787 1464 3844 solo
1479 3790 1535 3846 Deo
1553 3795 1660 3852 exorari
1677 3799 1794 3866 veniam,

148 3864 287 3923 voluntate
299 3860 464 3928 commissis,
479 3861 526 3932 qui
545 3875 655 3931 poenam
678 3873 727 3941 per
748 3859 878 3929 judicium
899 3859 947 3916 de·
1000 3875 1056 3915 uon
1074 3872 1138 3917 vero
1164 3858 1290 3915 Ecclesiae
1312 3858 1524 3920 communicare.
1547 3864 1611 3919 »Et
1628 3881 1694 3924 vero
1717 3870 1797 3928 ualde

144 3932 395 4000 1111111111111111111
417 3931 522 3989 veniam
544 3947 593 4004 per
612 3934 800 4003 poenrteutiam
824 3945 946 4012 spopon·
999 3928 1101 3986 incerta
1113 3935 1153 3984 est
1167 3930 1257 3995 venia,
1275 3937 1302 3986 et
1325 3931 1439 4002 proinde
1462 3934 1647 4005 (quantumvis
1661 3938 1688 3997 id
1707 3946 1800 4015 neget)

145 4006 195 4063 dit.
220 4005 377 4062 »Omnium
390 4003 463 4058 enirn
490 4012 661 4076 peccatorum
679 4006 859 4072 quamtumvis
879 4017 944 4074 qra—
1000 4001 1158 4071 poenitentia
1172 4017 1249 4066 vana,
1273 4001 1370 4073 siquis
1389 4019 1403 4058 a
1419 4003 1476 4060 solo
1500 4004 1557 4063 Deo
1572 4008 1678 4065 veniam
1693 4027 1797 4085 exspe-

144 4079 222 4136 rium
244 4091 293 4148 per
317 4074 506 4148 poenitentiam
528 4073 559 4129 lit
577 4072 709 4139 remissio,
731 4078 761 4127 ut
778 4071 882 4129 docent
895 4072 943 4130 SS.
1000 4081 1073 4127 ctare
1087 4072 1192 4126 debeat.
1208 4074 1277 4129 Patr.

145 4151 244 4209 Patres
255 4155 350 4205 contra
362 4145 537 4205 Noratianos.
553 4143 593 4202 bu
611 4146 660 4202 Pr.
1036 4140 1188 4222 (solidabat
1198 4141 1502 4222 etpidqrquoromdom
1511 4148 1798 4222 hominumlomih'u-

177 4218 237 4293 (11)
257 4217 353 4278 01111111
362 4221 462 4277 antem
468 4217 649 4290 penetrantia
661 4214 832 4288 manducet.
842 4212 948 4287 Legen-
1001 4215 1129 4270 ritatem.
1154 4212 1246 4292 Eidem
1263 4214 1307 4268 bre
1321 4213 1388 4269 dicit
1419 4230 1482 4272 uam
1495 4218 1689 4289 aliusseetam,
1703 4224 1799 4296 philo.

146 4288 214 4349 dum
224 4289 344 4350 ardetur.
361 4288 465 4347 10111111
479 4295 569 4346 autem
583 4285 742 4361 poenitentia
754 4285 860 4360 agenda
867 4294 916 4345 est.
933 4305 946 4339 1
1002 4283 1147 4366 sophiam,
1170 4283 1357 4364 disciplinam,
1379 4231 1556 4360 religionem,
1578 4291 1683 4348 scilicet
1717 4295 1797 4355 Chri.

961 4365 1124 4448 nsuanam.
1142 4354 1230 4427 Supra
1243 4355 1320 4421 drxrt,
1342 4355 1458 4413 «Habet
1469 4365 1497 4415 et
1515 4361 1543 4416 iu
1566 4360 1671 4422 Christo
1685 4366 1798 4428 edentia

179 4431 402 4566 &mumolum
411 4433 563 4490 Dominam
572 4427 943 4490 meminimurdetictocoa·
998 4436 1093 4485 aetams
1106 4442 1181 4483 suas.
1204 4426 1293 4484 111111.

147 4521 178 4566 ec
230 4523 255 4566 ε.
270 4505 417 4563 Aituoitao
431 4505 583 4561 iliudblerc.
599 4507 654 4569 rr,'i
670 4520 678 4559 :
697 4503 763 4572 Quis
777 4505 867 4574 potest
879 4516 945 4574 pec·
1032 4497 1090 4572 (11)
1105 4497 1327 4582 δι’ἀςιειιενίεεε
1336 4502 1364 4581 ει
1378 4499 1405 4556 st
1417 4504 1554 4573 stuprum
1568 4503 1677 4577 dicero,
1691 4515 1743 4570 etc.
1755 4513 1798 4572 De

147 4583 215 4636 coto
224 4579 368 4636 dimittere
380 4576 440 4634 uisi
451 4578 528 4635 solus
542 4572 945 4646 Deae...;rerumdehoclatins
997 4571 1129 4629 neuterio
1139 4572 1177 4628 rdr
1197 4587 1257 4626 sum
1273 4571 1375 4636 docuit,
1387 4570 1420 4630 de
1436 4574 1666 4646 lfonoqomiolib.
1686 4598 1747 4655 esp,
1758 4588 1794 4639 9·

148 4651 230 4708 inim.
257 4651 326 4708 Pu,
998 4644 1033 4702 de
1047 4649 1151 4713 stupro,
1164 4588 1212 4697 pff,
1224 4642 1257 4700 de
1267 4642 1417 4700 Ecbortot.
1428 4659 1489 4715 cap.
1505 4649 1541 4701 9:
1557 4649 1631 4719 quod
1641 4650 1731 4723 ipsum
1741 4625 1797 4712 fro:

183 4716 245 4803 (19)
257 4720 498 4791 Qnodeomoeolo
508 4715 945 4789 Deoexoret,atc.(lontreboc...
1000 4723 1112 4787 quanter
1123 4721 1248 4787 usurpet,
1262 4728 1317 4771 non
1335 4715 1417 4772 modo
1434 4730 1483 4787 pro
1497 4719 1628 4787 moabia,
1639 4722 1687 4776 sed
1705 4731 1733 4779 et
1745 4741 1795 4796 pro
1907 4757 1909 4759 ·

147 4791 323 4852 latrusottam
337 4792 417 4859 iufra,
432 4807 495 4866 cap.
510 4795 555 4847 at.
567 4791 616 4847 ilic
632 4789 721 4847 solum
735 4788 856 4847 dicemus
872 4786 947 4862 quod
1000 4786 1220 4869 fornicatione...¹
1233 4786 1326 4842 malim
1339 4793 1429 4843 autem
1442 4787 1533 4861 legere
1549 4807 1556 4845 z
1575 4790 1689 4848 ‹Omue
1705 4795 1797 4852 homi·

147 4864 279 4922 videatur
292 4863 366 4920 idem
380 4866 502 4920 sensisse
514 4867 626 4931 Auctor,
650 4863 722 4934 quod
744 4862 778 4918 de
798 4864 948 4920 Noratieno
1001 4860 1101 4914 crdrum
1115 4867 1184 4914 intra
1199 4859 1304 4916 silvam.
1317 4879 1331 4908 ο
1347 4872 1396 4928 pro
1411 4863 1494 4918 estro
1504 4879 1514 4929 ,·
1524 4863 1575 4918 sed
1590 4863 1664 4921 nolui
1687 4864 1716 4921 in
1730 4880 1797 4924 cou-

149 4934 251 4994 scribit
262 4936 355 4992 beatus
378 4936 528 5007 Cyprianus
540 4934 640 5007 (Epist.
655 4936 701 5000 52,
716 4933 752 4988 od
766 4930 947 5004 Antonium).
1002 4937 1074 4987 textu
1086 4928 1152 5000 qnid
1165 4929 1317 4986 immutare.
1331 4929 1403 4988 aas.

149 5010 174 5065 Α
208 5023 242 5064 ne
257 5008 323 5064 adeo
332 5015 429 5079 posset
446 5006 499 5088 ipsi
510 5004 671 5077 responderi
689 5003 787 5061 uerbis
808 5005 948 5075 ejusdem:
1039 5002 1096 5074 (11)
1111 5001 1172 5059 lion
1184 5003 1266 5074 prius
1280 5000 1355 5074 opud
1373 5003 1680 5080 Ecclesiomprofcssoe.
1695 5009 1800 5070 Oblatis

148 5079 172 5137 0
198 5075 953 5158 rustraudaefraterurtatisirrisioiOmiserorumlamen·
1003 5072 1138 5156 Ecclesiae¹
1155 5088 1202 5144 per
1227 5075 1398 5156 presbyteros
1421 5073 1546 5134 fidelibus
1565 5081 1645 5150 conju
1666 5083 1754 5153 andis,
1768 5092 1799 5141 ut

150 5151 265 5208 anuum
299 5151 401 5207 caduca
429 5148 566 5232 deceptiel
584 5163 600 5204 o
620 5149 752 5205 baeretrcae
779 5154 953 5204 rustrtnuonrs
1005 5145 1194 5201 communibus
1204 5155 1272 5201 votrs
1280 5161 1408 5219 conJugro
1423 5148 1637 5208 benediceretur.
1676 5169 1709 5211 oe
1727 5158 1800 5212 enim

150 5221 279 5280 inefficax
300 5231 328 5279 et
350 5236 420 5279 rana
437 5220 560 5278 tradrtio!
577 5220 680 5276 hortari
703 5219 738 5275 ad
762 5216 954 5276 satisfactionis
1005 5216 1138 5290 significat
1152 5216 1179 5271 in
1190 5215 1387 5274 finelibrirrod
1402 5219 1529 5287 fluorem,
1545 5239 1606 5279 cum
1621 5224 1658 5279 ait
1673 5243 1682 5280 1
1699 5229 1801 5284 :Unde

150 5293 349 5367 poeninndam
365 5301 393 5350 et
407 5294 568 5350 subtrahere
585 5292 619 5346 de
641 5291 822 5348 satisfactione
843 5288 954 5347 medici·
1007 5288 1172 5345 suthoiamus
1182 5289 1215 5344 ad
1229 5292 1407 5344 enarrandam
1422 5292 1572 5349 felicitatem
1583 5297 1644 5365 eius
1658 5299 1799 5353 matrimo-

150 5362 233 5424 naml
256 5367 349 5424 dicere
371 5362 445 5422 fratri
460 5383 468 5419 ι
482 5365 593 5437 Plange,
612 5375 638 5419 et
662 5367 794 5434 lacrymas
811 5361 904 5434 funde,
929 5367 957 5418 et
1008 5360 1045 5415 nii
1065 5360 1138 5432 quod
1157 5361 1278 5416 Ecclesia
1301 5361 1465 5418 conciliaret
1488 5366 1629 5422 confirmat
1643 5365 1767 5424 obtaaor
1784 5387 1797 5421 1

150 5438 254 5496 diebus
279 5454 313 5495 ac
343 5438 469 5495 noctibus
490 5435 648 5509 ingemisce,
662 5444 689 5491 et
707 5449 756 5507 pro
772 5433 904 5490 abluendo
929 5438 957 5488 ει
1008 5432 1078 5489 Dum
1102 5434 1220 5489 occultas
1241 5434 1470 5504 conjunctiones»
1497 5436 1686 5517 interpretatur
1711 5460 1725 5488 ι
1746 5454 1802 5498 uon

151 5508 301 5584 purgando
314 5508 415 5566 delicto
428 5508 582 5580 frequenter
595 5514 622 5563 et
634 5506 743 5582 largiter
761 5520 885 5576 operare;
906 5503 956 5562 sed
1007 5506 1084 5576 prius
1096 5507 1168 5577 apud
1181 5505 1328 5565 Ecclesiam
1341 5506 1488 5578 professas,
1505 5527 1518 5558 a
1538 5523 1636 5563 murum
1649 5508 1678 5563 iu
1691 5511 1802 5569 modum

152 5592 233 5658 estro
259 5580 420 5652 Ecclesiun,
436 5588 500 5653 post
518 5577 609 5637 omnia
629 5579 692 5652 ista,
713 5577 861 5646 morieris;
878 5591 955 5649 quae·
1009 5575 1150 5632 confirmat
1163 5577 1301 5633 decretum
1317 5576 1422 5634 concilii
1432 5578 1580 5634 Tridentini
1592 5579 1626 5634 de
1639 5578 1726 5638 irritis
1737 5584 1804 5639 tali-

149 5654 313 5730 conquaeri
328 5667 421 5730 pacem
437 5646 671 5728 portinentfacias,
688 5650 734 5710 sed
749 5649 851 5710 nuliam
863 5662 956 5725 pacem
1010 5648 1061 5708 bus
1072 5647 1438 5725 conjunctionibus,eoquod
1448 5647 1682 5724 deiltissubpicit:
1698 5654 1803 5720 «iusta
