3848 6120
638 236 1130 329 trutannurttcnrmma's.
1663 269 1716 331 aaa

881 409 905 490 Α
921 402 1014 467 mptas
1027 394 1097 451 inter
1109 392 1183 449 sede
1198 391 1376 450 matrimoniis
1392 393 1519 464 plaudent
1532 395 1568 452 ³³.
1583 393 1648 452 llaee
1661 397 1700 453 eri

339 457 453 516 CAPUT
471 458 590 519 XXXII·
921 483 1087 557 Spiritalium
1113 498 1226 551 merces,
1251 483 1303 540 hoc
1326 483 1469 554 praemium
1497 485 1637 543 credendi.
1661 486 1714 542 Fa-

102 564 229 622 numana
250 578 316 620 rero
343 579 415 637 gens
433 564 462 620 in
485 566 536 623 boe
554 567 579 607 22
607 566 697 625 exitus
712 569 769 643 (67)
789 569 863 644 ibit;
919 572 990 630 bulae
1011 573 1077 628 tales
1095 571 1183 639 utilcs,
1208 579 1238 626 ut
1270 572 1384 640 Marcus,
1414 579 1460 628 ant
1488 573 1569 631 Caius
1590 575 1618 630 in
1642 576 1712 633 benc

65 653 170 711 eboicae
189 664 216 710 et
230 651 376 709 materialis
391 661 471 721 note,
483 653 513 710 in
522 655 547 694 22
565 664 651 713 totum
664 657 803 717 interitum
817 661 842 700 22
857 678 864 718 :
919 677 1025 721 earnem
1039 662 1064 701 22
1078 663 1214 728 barbatus,
1236 670 1264 717 et
1277 661 1336 718 baec
1352 662 1443 718 omnia
1465 663 1490 701 ³⁵
1505 680 1513 735 3
1529 679 1640 722 serenus
1655 682 1713 722 ma·

64 744 133 817 quia
148 743 236 800 ontnis
256 757 320 798 caro
334 742 451 813 ioenum,
472 752 498 800 et
512 745 635 802 auima³⁰
653 748 773 805 mortalis
793 749 866 821 apud
919 753 995 821 ritus,
1010 759 1095 824 pater,
1112 768 1187 817 arus,
1206 765 1333 822 proavus,
1351 758 1423 807 certe
1448 751 1523 824 quod
1537 753 1637 810 suiiteit
1657 771 1713 812 ma-

64 831 139 896 illos,
168 829 222 885 nisi
245 845 306 901 quae
330 831 442 888 salutern
463 830 518 890 lida
550 834 695 894 invenerit.
726 839 865 897 iustorum
918 842 1018 912 sculus,
1037 842 1065 898 in
1089 842 1250 914 Nymphone
1265 839 1290 878 ³⁶
1300 839 1459 897 Pleromatis
1482 843 1515 897 ab
1531 843 1640 916 angelo,
1668 855 1711 900 ta·

64 917 175 985 anime,
191 917 219 973 id
232 929 273 974 est
286 928 396 988 nostre,
413 921 448 976 ad
466 923 645 994 Demiurgum
657 925 684 980 in
711 927 866 984 medietatis
918 932 1002 988 eendo
1014 932 1071 1001 jam
1086 930 1139 986 diri
1154 939 1181 988 et
1192 929 1302 987 forsitan
1313 928 1401 1002 parias
1418 929 1537 1003 aliquem
1552 929 1713 991 Onesimum

64 1007 234 1081 receptacula
254 1008 479 1066 transmittentur.
515 1011 627 1084 Agimus
658 1015 769 1088 gratias,
797 1032 864 1076 con·
917 1020 1028 1077 AEouem
1041 1020 1110 1092 (69).
1126 1019 1172 1076 llis
1182 1019 1286 1090 nuptiis
1299 1026 1371 1074 recte
1386 1018 1567 1087 deducendis,
1588 1036 1638 1091 pro
1649 1020 1708 1080 iace

63 1095 131 1155 tenti
147 1095 252 1154 erimus
280 1112 343 1153 cum
357 1098 414 1155 Deo
429 1103 523 1157 nostro
536 1101 670 1174 deputari,
698 1120 751 1176 quo
774 1121 868 1164 aseen-
917 1119 945 1167 et
972 1110 1106 1176 flammeo,
1128 1118 1191 1167 tune
1216 1108 1299 1165 credo
1320 1107 1366 1165 ille
1392 1107 1465 1180 ignis
1479 1124 1593 1166 arcanus
1620 1126 1711 1168 erum·

62 1200 110 1243 sus
124 1183 372 1243 ³¹.Nihilanimale
385 1186 413 1242 in
429 1188 587 1246 Pleromatis
615 1192 742 1263 palatium
766 1195 864 1252 admit·
918 1206 962 1272 pet
989 1198 1057 1271 (70),
1085 1207 1111 1254 et
1132 1197 1287 1254 universam
1315 1196 1495 1254 substantiam
1519 1198 1712 1271 depopulatus,

62 1272 151 1346 titur,
174 1273 227 1332 nisi
242 1274 363 1349 spiritale
381 1292 496 1333 examen
510 1277 654 1335 Valentini.
688 1281 745 1338 illic
773 1282 864 1355 itaque
917 1287 975 1360 ipse
1000 1302 1106 1360 quoque
1126 1285 1289 1342 decineratis
1308 1285 1434 1341 omnibus
1448 1285 1475 1340 in
1490 1285 1603 1342 nibilum
1629 1287 1711 1344 finie-

61 1365 152 1439 printo
167 1362 352 1437 despoliantur
370 1366 493 1425 homines
517 1367 581 1440 ipsi,
601 1368 684 1428 idest
709 1372 861 1429 interiores.
917 1385 959 1433 tur
975 1384 1021 1445 ,et
1034 1375 1107 1432 nulla
1127 1375 1184 1446 jam
1199 1374 1293 1430 sabula
1305 1374 1374 1447 (rt).
1399 1374 1452 1431 Sed
1466 1390 1509 1431 nae
1528 1391 1580 1447 ego
1595 1383 1712 1435 temera-

60 1451 215 1527 Despoliari
228 1464 318 1510 autem
333 1464 375 1511 cst
398 1455 532 1528 deponere
550 1457 662 1526 animas,
693 1459 792 1531 quibus
817 1459 862 1517 in·
917 1468 983 1536 rius,
1017 1467 1063 1539 qui
1091 1474 1192 1523 tantum
1216 1471 1414 1522 sacramentum
1457 1463 1536 1520 etiam
1563 1466 1712 1526 inludendo

60 1540 120 1598 dati
146 1541 318 1614 ridebantur,
344 1557 447 1617 easque
478 1545 627 1618 Demiurgo
652 1561 704 1603 suo
737 1547 861 1620 reddent,
916 1555 1092 1628 prodiderim.
1106 1553 1260 1611 Verendum
1274 1552 1338 1609 mibi
1349 1561 1401 1622 est,
1425 1568 1460 1609 ne
1474 1553 1635 1624 Achamoth,
1649 1573 1711 1628 qum

60 1646 128 1705 qun
142 1630 220 1687 abeo
234 1637 357 1690 avertant
371 1633 405 1688 ³².
421 1631 475 1704 ipsi
498 1641 588 1689 autem
603 1634 713 1706 spiritus
732 1634 760 1692 in
776 1644 860 1694 toturn
915 1659 945 1701 so
972 1657 1023 1701 neo
1055 1642 1111 1699 iilic
1133 1644 1251 1715 agnitam
1281 1641 1372 1712 voluit,
1415 1641 1553 1713 insaniat;
1582 1659 1616 1700 ue
1647 1645 1713 1701 Pbi-

62 1715 129 1777 nent
150 1718 356 1789 intellectuales,
376 1737 464 1794 neque
480 1722 615 1794 detentui,
635 1740 723 1798 neque
745 1741 861 1798 conspe·
876 1706 899 1785 Β
912 1732 982 1790 letus
1008 1733 1147 1800 irascatur,
1173 1747 1206 1786 ne
1228 1730 1348 1786 Fortuna
1375 1733 1526 1787 acerbetur.
1558 1732 1593 1788 nt
1623 1744 1712 1792 tamen

61 1806 120 1864 tnui
141 1806 253 1863 obnoxii
274 1822 381 1881 :atque
407 1813 444 1866 ita
475 1810 647 1870 invisibiliter
674 1815 703 1869 in
735 1815 859 1872 Pleroma
913 1823 994 1880 bomo
1008 1838 1067 1877 sum
1087 1819 1238 1891 Demiurgi,
1253 1819 1317 1875 illue
1330 1818 1417 1874 habeo
1433 1819 1713 1892 devertere,ubipost

64 1895 236 1966 recipientur.
252 1895 366 1969 Furtim,
383 1899 406 1955 si
420 1900 457 1957 ita
467 1907 520 1969 est,
536 1903 603 1976 quid
614 1901 712 1959 deinde
722 1904 737 1959 t
749 1904 861 1979 Angelis
915 1924 1056 1967 excessum
1079 1907 1188 1966 omnino
1203 1922 1257 1964 non
1281 1907 1425 1963 obnubitur
1439 1907 1463 1946 22
1496 1907 1551 1979 (77)
1567 1924 1574 1965 :
1591 1910 1637 1966 ubi
1659 1926 1721 1970 sn·¹

63 1982 259 2042 distribuentur
272 1986 432 2045 satellitibus
466 1991 577 2048 Soteris.
607 1993 639 2047 lu
666 1991 737 2049 filios
753 1994 860 2064 putasi
913 1997 1037 2070 perindui
1058 1996 1185 2068 potius³³
1198 2011 1279 2069 quam
1292 1994 1455 2067 despoliari:
1472 1994 1518 2052 ubi
1537 1997 1588 2053 etsi
1608 1997 1713 2070 despo-

60 2072 134 2130 Non.
150 2070 204 2129 Sed
219 2074 248 2129 iu
261 2077 429 2147 apparitores
443 2080 457 2134 t
471 2076 554 2137 588
585 2081 625 2136 Ne
654 2080 726 2137 istud
736 2081 857 2154 quidem.
913 2087 963 2146 lior
976 2087 1054 2143 sexui
1068 2101 1139 2157 meo,
1154 2087 1270 2155 deputor
1288 2085 1391 2158 angelis
1407 2103 1414 2153 ;
1431 2099 1484 2141 non
1513 2085 1637 2160 angelus,
1658 2102 1713 2144 non

60 2159 113 2217 Sed
128 2159 159 2217 in
173 2162 330 2237 imagines?
346 2165 454 2222 Utinam
461 2170 502 2224 vel
513 2170 564 2226 boe
574 2169 632 2242 (68)
644 2167 651 2225 i
662 2170 692 2225 ln
702 2171 768 2242 quid
781 2186 858 2244 ergo,
913 2173 1000 2234 ttae
1017 2175 1112 2249 angela
1122 2174 1190 2247 (73).
1205 2174 1291 2231 Nemo
1306 2173 1370 2230 mibi
1385 2172 1531 2245 quicquam
1546 2173 1628 2231 faciet
1642 2175 1710 2249 (il),

60 2247 150 2308 sinon
163 2250 249 2324 pudet
262 2251 355 2310 dicere
370 2254 384 2311 i
399 2254 429 2312 ln
448 2271 573 2329 sponsas.
592 2259 668 2316 Tunc
681 2257 721 2315 illi
745 2258 860 2316 Sabinas
913 2279 997 2336 quem
1011 2271 1038 2320 et
1050 2273 1117 2322 tunc
1128 2262 1275 2321 masculum
1291 2261 1430 2320 invenient
1445 2260 1514 2335 (te).

748 2356 846 2421 Varia
873 2362 1029 2427 lectiones.

91 2458 118 2498 22
132 2458 192 2516 llos
206 2459 273 2516 dnn.
290 2457 316 2497 22
329 2458 359 2513 ln
373 2459 483 2518 alesta
504 2461 593 2520 illren.
618 2462 703 2522 Semi.
721 2463 831 2522 oneret.
846 2467 914 2524 lun.
936 2467 961 2508 22
975 2469 1149 2526 lateriturum
1162 2472 1230 2527 tan.
1256 2467 1281 2509 ³⁰
1304 2467 1439 2525 Animalia
1458 2469 1550 2527 Venet.
1565 2469 1708 2528 mendose.

60 2529 80 2570 ³¹
95 2529 160 2600 Qua
182 2545 282 2586 census
296 2530 382 2616 sent.
405 2531 493 2616 liban.
509 2535 589 2616 Pam.
611 2533 721 2592 oneret.
743 2533 767 2573 22
786 2535 946 2595 everterant
961 2540 1049 2597 liban.
1075 2541 1162 2599 Semi.
1180 2541 1291 2599 Obertlr.
1317 2541 1342 2580 ³³
1365 2540 1487 2596 Laudent
1510 2540 1597 2598 Semi.
1619 2541 1708 2599 ntea.

62 2600 174 2659 obern.
195 2608 284 2672 raptos
305 2617 365 2672 pure
379 2612 540 2685 matrimonrr
564 2604 689 2673 plaudent
711 2607 791 2663 Pam.
815 2610 900 2668 Fran.
926 2609 994 2668 Par.
1018 2612 1043 2651 22
1065 2613 1095 2667 In
1119 2614 1169 2668 bac
1189 2628 1270 2669 carne
1293 2612 1362 2670 Ian.
1386 2629 1439 2684 pra
1463 2611 1592 2667 barbatus
1612 2614 1712 2680 forsan

61 2673 194 2728 barbarus
207 2672 292 2754 Semi·
309 2673 334 2712 ³⁵
355 2674 418 2729 llaec
432 2690 521 2729 anima
538 2676 624 2733 tinen.
641 2676 727 2734 Semi.
751 2678 861 2735 Oderit.
884 2682 935 2736 bac
957 2682 1047 2739 anima
1059 2684 1127 2741 len.
1148 2683 1173 2722 ³⁶
1191 2683 1347 2757 Sympboue
1368 2683 1455 2741 liban.
1485 2682 1571 2740 Senti.
1598 2684 1711 2741 Obertlt.

61 2743 160 2802 ”Non
174 2744 286 2800 nubitur
300 2744 388 2802 liban.
409 2745 496 2803 Semi.
518 2747 626 2806 Obertlt.
641 2750 722 2805 Pam.
737 2748 763 2788 22
777 2750 868 2806 Potuit
882 2752 969 2811 lllren.
987 2755 1074 2813 Semi.
1089 2753 1199 2814 Obertlt.

785 2839 1036 2907 Commentarius.

61 2913 162 3000 Νζνιίνξ
175 2912 277 2978 stenem
290 2918 335 2964 τοῦ
349 2913 862 2983 tempseratneaeeteem’tpepca,
916 2923 1148 2994 comprehendens
1173 2922 1330 2979 universam
1345 2921 1481 2979 materiam
1510 2920 1656 2991 consumit,
1681 2932 1710 2980 et

61 2986 194 3122 &nm
207 2984 271 3037 νῑναν
285 2986 388 3051 repetet
409 2988 452 3036 aet
466 2988 573 3052 νὺμφην,
587 2993 706 3054 vappam
728 2990 756 3040 δὶ
771 2990 800 3040 τὸ
813 2996 862 3041 πᾶν
915 2992 1006 3075 ipsum
1008 2995 1099 3120 1simul
1122 3002 1322 3067 consumptum,
1352 2994 1427 3050 abire
1442 2992 1513 3050 inid
1527 3001 1556 3049 ut
1567 2993 1626 3064 jam
1653 3009 1709 3051 non

952 3087 994 3122 .»
1063 3107 1070 3122 ·

86 3072 230 3201 621)Ἓέ
243 3129 270 3197 2,
286 3127 358 3185 citet
371 3127 453 3184 finem
469 3147 476 3185 :
492 3132 541 3186 Τόν
554 3131 709 3196 deprompto
724 3131 751 3181 δὲ
766 3130 801 3190 εἰς
816 3132 860 3183 τὸν
914 3073 1007 3208 Βιι(77)
1023 3081 1061 3194 ἐξ
1075 3138 1159 3194 nella
1172 3137 1230 3207 iam
1243 3134 1352 3207 sabaim
1367 3136 1406 3216 Su
1425 3151 1498 3192 rema
1520 3136 1589 3208 baec,
1613 3137 1711 3210 iuquit,

54 3205 204 3273 ὑπουράνιον
215 3206 302 3270 τόπον,
317 3210 384 3259 τοῦτ’
398 3209 465 3260 ἔστιν
476 3211 504 3285 Ιἐν
519 3217 550 3275 τῇ
559 3211 675 3276 indeptos
690 3209 755 3274 (seit.
766 3212 863 3273 οῑιιιιν)
878 3204 1005 3284 comnia
1019 3207 1083 3264 fient
1095 3210 1129 3262 ad
1147 3222 1251 3265 verunt.
1265 3207 1325 3262 Non
1340 3216 1391 3263 enti
1401 3151 1499 3262 girulo.
1517 3206 1580 3264 Rtti.

84 3278 155 3350 Cep.
173 3277 203 3346 7,
216 3277 259 3352 Ei
278 3296 285 3334 ε
300 3282 350 3332 Τὸν
360 3280 739 3346 δὶΔημιουργὸνμιταὸῆναικαὶ
748 3283 862 3343 adstante
950 3278 1008 3351 (72)
1028 3280 1146 3337 Omnino
1161 3295 1219 3338 nott
1232 3278 1395 3336 sanabitur.
1409 3277 1493 3335 Unico
1508 3277 1591 3335 verbo
1600 3286 1705 3333 uirum·

54 3349 93 3402 m
113 3355 159 3411 τῆς
179 3351 270 3417 μητρὸς
282 3351 372 3414 Doctae
385 3353 473 3411 τόιιον,
487 3356 553 3403 τοῦτ’
568 3354 635 3403 ἔστιν
649 3355 674 3404 tr
689 3360 719 3419 τῇ
734 3354 861 3418 μεσότητι.
914 3366 967 3421 que
1007 3352 1166 3420 expressit:
1194 3349 1249 3404 οὔτι
1286 3354 1425 3423 γαμοῦσιν,
1461 3349 1517 3403 oltra
1545 3348 1710 3421 γαμίσκονται

83 3421 292 3495 interpretatio
306 3428 395 3479 actas.
422 3423 528 3490 -Cap
544 3426 571 3479 7.
584 3425 597 3496 5
612 3428 625 3478 t
649 3442 656 3478 ε
674 3423 748 3481 Cam
763 3430 862 3482 aetem
914 3421 995 3478 llarci
1010 3437 1064 3491 ιιι,
1078 3429 1105 3477 et
1114 3421 1193 3478 Lucae
1208 3437 1253 3478 rx.
1263 3420 1326 3476 itte.

53 3493 220 3550 samberrem
234 3508 329 3549 renen
341 3495 502 3564 perfectam
515 3495 786 3565 faerit,1tcltamotlt
801 3498 861 3568 pci-
952 3493 1011 3562 (73)
1023 3495 1148 3565 Depntor
1161 3494 1269 3576 angelis
1282 3508 1362 3559 ,·non
1380 3493 1508 3565 ampelos,
1518 3506 1578 3547 non
1596 3492 1705 3563 arrecta.

52 3560 247 3621 manerem
256 3565 383 3636 ipsoram
394 3568 520 3623 transire
531 3567 564 3622 de
573 3567 737 3623 medietatis
753 3566 810 3623 laco
820 3567 862 3622 dt·
913 3563 1037 3631 llucest,
1064 3563 1162 3619 similis
1194 3566 1229 3620 bo
1256 3562 1372 3637 angelis,
1406 3579 1494 3635 neque
1519 3563 1574 3632 iam
1593 3577 1707 3618 censeor

51 3637 121 3690 nott
150 3639 179 3691 et
192 3635 273 3690 intra
287 3636 418 3693 Pleroma
438 3638 558 3694 introire
585 3641 613 3693 et
636 3639 761 3709 recipere
776 3655 860 3710 spon·
914 3635 1108 3691 masculosnee
1123 3633 1231 3690 femina.
1255 3635 1406 3716 Resurgent
1434 3633 1533 3690 mortui
1556 3648 1621 3690 curn
1643 3648 1709 3690 seru

49 3719 112 3761 utra
134 3705 416 3770 mameatcotarem,
432 3707 728 3778 quiesteeomnibar
751 3712 859 3781 scater,
912 3704 1100 3777 quisquesuo,
1116 3707 1162 3761 sed
1178 3714 1258 3762 erunt
1279 3706 1369 3763 oiiicra
1396 3720 1511 3761 sexuum
1542 3704 1624 3773 nulla,
1648 3704 1711 3777 quia

51 3776 712 3851 uiryappiafiatsalcatorisetSoplrioe,peoe
741 3783 782 3838 ert
805 3781 860 3836 Ac·
912 3792 963 3833 nec
980 3779 1096 3850 amplius
1132 3777 1182 3832 erit
1210 3779 1283 3833 nasci
1320 3791 1371 3833 nec
1392 3777 1474 3835 mori.
1484 3774 1660 3846 Augustinus,
1681 3774 1709 3829 in

51 3844 176 3914 umet,
202 3848 366 3905 etbcaerse
395 3864 529 3920 spamam
552 3853 580 3905 et
603 3866 744 3922 sponsam,
773 3867 859 3922 epm·
913 3849 1080 3918 Psobxxvr,
1096 3847 1130 3902 ad
1145 3847 1212 3902 iilud
1226 3847 1710 3912 Eccles.SastineDamincm,cirt-

51 3918 245 3991 maere
255 3919 420 3976 anismam
434 3921 574 3978 Pleroma.
915 3919 983 3976 liter
997 3936 1046 3991 ape
1062 3939 1071 3977 .·
1085 3937 1098 3972 ι
1118 3919 1191 3988 Ergo
1206 3919 1376 3991 quiperdidit
1394 3917 1593 3983 sustinentiam,
1608 3915 1710 3972 etiami·

80 3988 151 4061 cap.
167 3990 195 4054 Β,
210 3989 225 4062 5
238 3990 390 4047 ibenter
407 4006 529 4048 amcero
543 3993 671 4064 incoqui
683 3993 724 4049 sit
737 3994 768 4048 in
792 3993 859 4050 caeto
913 3999 1043 4046 natusest
1059 4035 1066 4062 ,
1083 3990 1199 4060 perdidit
1213 3991 1343 4063 rigorem.
1359 3991 1416 4046 lloc
1444 3989 1504 4056 viri,
1529 3990 1580 4044 boe
1603 3986 1711 4043 laminae

51 4056 139 4125 bene,
154 4060 207 4118 noc
220 4064 263 4120 est
277 4062 310 4116 in
325 4009 495 4143 ¹bebdqamcde
512 4062 675 4133 (babitare).
913 4062 1039 4142 audeant,
1054 4061 1119 4132 quia
1140 4062 1236 4117 inuno
1260 4061 1316 4118 tiro
1339 4060 1380 4118 tir
1398 4067 1425 4117 et
1445 4060 1552 4116 lemine.
1579 4058 1650 4115 Talis
1683 4060 1710 4114 in

50 4127 114 4200 esp.
129 4132 159 4196 7,
178 4130 233 4203 3¹·
250 4134 367 4189 Demrer
386 4150 435 4189 am
448 4149 511 4191 vero
522 4135 646 4190 transire
663 4138 691 4189 et
715 4135 809 4206 ipram
829 4134 860 4189 in
913 4131 1030 4196 Christo,
1046 4146 1095 4187 nec
1111 4131 1152 4187 vir
1165 4147 1215 4187 noc
1230 4131 1329 4188 semina
1343 4141 1395 4187 est.
1412 4132 1499 4186 alirn.

51 4203 224 4261 urrann
242 4203 353 4276 Sophiae
367 4151 471 4268 {ocum
485 4205 536 4262 boc
551 4209 604 4273 est,
620 4206 652 4260 in
662 4205 857 4262 medietatem.
949 4201 1188 4283 (itiiteaaomilri
1201 4204 1354 4284 quidquam
1372 4203 1473 4326 (aciat.
1489 4200 1535 4256 Sia
1548 4198 1592 4281 ³5¹.
1608 4197 1712 4270 Scapu-

51 4270 122 4329 Μ.
913 4272 965 4327 larn
983 4289 989 4327 :
1009 4274 1198 4345 «Magistrum
1218 4288 1353 4329 nemmem
1390 4273 1515 4337 abemus,
1543 4285 1595 4324 ntst
1624 4269 1710 4325 Deum

83 4341 143 4417 (t't)
165 4344 200 4401 ln
228 4343 279 4404 boe
305 4347 409 4404 certas
434 4344 479 4401 Sic
505 4345 584 4400 babet
611 4353 686 4402 retus
708 4345 858 4418 exemplar,
874 4371 898 4449 ss
913 4344 1012 4400 solum.
1027 4343 1152 4399 liicnnte
1182 4351 1206 4397 te
1227 4352 1279 4411 est,
1304 4358 1354 4398 nee
1377 4341 1507 4398 abscondi
1536 4347 1634 4412 potest,
1661 4339 1710 4395 sed

50 4411 170 4480 mest,
184 4415 218 4470 in
232 4416 309 4474 irene
323 4419 445 4475 exitam.
462 4416 524 4472 lire.
912 4414 955 4471 cui
983 4414 1047 4469 nibil
1063 4415 1150 4471 iecere
1174 4414 1289 4484 passis.»
1307 4413 1377 4470 Psal.
1397 4428 1444 4478 ιν,
1460 4415 1487 4476 b,
1502 4415 1533 4466 tt
1552 4428 1560 4465 ι
1576 4411 1638 4468 Νοιι
1667 4413 1709 4468 ti·

82 4483 144 4557 (68)
160 4486 275 4545 ennam
290 4489 332 4545 vet
346 4489 407 4545 trec.
424 4488 456 4544 Ut
470 4488 503 4543 iis
526 4485 627 4544 scilieet
649 4485 782 4558 imagines
797 4494 857 4543 teu·
909 4484 988 4543 meda
998 4485 1067 4558 qnid
1080 4486 1168 4556 sanat
1183 4484 1253 4540 milti
1268 4486 1358 4541 tremo.
1382 4483 1443 4541 Non
1458 4481 1559 4539 timeto
1582 4480 1650 4554 qaid
1663 4484 1710 4553 ta·

52 4566 107 4613 tent
124 4560 352 4631 essentneqnttiae
367 4573 421 4614 non
433 4558 553 4631 nequitia
567 4557 633 4628 ipsa.
645 4558 708 4614 lita.
911 4559 970 4615 ciat
979 4555 1053 4613 mibi
1066 4572 1141 4612 earo.
1157 4555 1220 4611 nm.

84 4626 144 4699 (est
162 4628 333 4699 Dttcrsr'tan
344 4631 442 4702 partas
457 4632 586 4702 ationem
608 4630 771 4688 Onesimum
796 4630 860 4686 AEa-
948 4630 1004 4698 (75)
1030 4628 1186 4684 inveniant.
1209 4628 1281 4682 lran.
1300 4630 1401 4682 eontra
1415 4626 1592 4742 Haereacap.
1608 4624 1637 4691 7,
1652 4622 1706 4694 §13

50 4697 242 4757 sematlunit
255 4703 288 4754 ad
303 4699 460 4758 Onesimum
473 4700 647 4769 Philemonis,
663 4716 744 4772 quem
759 4699 858 4756 Paulus
911 4725 942 4737 -
955 4701 1004 4757 Τὰς
1017 4700 1044 4749 δὲ
1057 4703 1107 4748 τῶν
1121 4699 1220 4748 δικαίων
1235 4700 1315 4764 ψυχὰς
1329 4696 1514 4746 ἀναπαύσεσθαι
1536 4711 1570 4743 να
1594 4694 1670 4751 αὐτὸς
1684 4694 1710 4743 tv

50 4766 211 4828 briceolis
234 4771 336 4845 genuit,
350 4780 381 4828 nt
411 4772 470 4844 ipse
488 4772 522 4827 ad
542 4771 654 4830 Philem.
677 4771 784 4839 scribit,
812 4773 857 4827 sed
911 4771 946 4834 τῷ
961 4776 1003 4830 mr
1018 4770 1151 4833 praeterae
1164 4770 1335 4836 reaptantes
1349 4768 1396 4832 γὰρ
1410 4766 1514 4831 papiens
1529 4765 1597 4822 ἐντὸς
1610 4765 1713 4828 Πληρώ·

50 4851 127 4911 prta
146 4839 231 4913 plane
243 4844 356 4914 eoelestt,
377 4840 475 4899 iactum
500 4841 600 4900 scilicet
615 4843 650 4899 de
671 4842 768 4916 gentili
785 4841 859 4900 Cbri·
911 4858 987 4906 ματος
1000 4844 1100 4906 χωρεῖν·
1116 4841 1217 4889 Τούτων
1231 4841 1259 4890 δὲ
1274 4839 1412 4904 γενομένων
1427 4838 1514 4899 οὕτως,
1528 4837 1557 4886 τὸ
1571 4836 1712 4900 epaunensi

49 4911 181 4979 lienum,
196 4912 230 4970 de
243 4913 354 4988 fugitivo
383 4914 508 4984 probum.
535 4914 747 4987 Exspectamus‚
771 4914 859 4984 inquit
911 4915 947 4977 τῷ
959 4914 1046 4977 κόσμῳ
1060 4917 1108 4975 πῦρ
1123 4909 1263 4976 ἐκλάμψαι,
1277 4912 1319 4961 καὶ
1332 4911 1442 4975 ἐξαφθὲν,
1456 4909 1499 4959 eat
1520 4907 1711 4973 νντνρνννσᾶινν·

49 4980 167 5040 menno
182 4983 340 5057 Septimius,
356 4992 385 5041 ut
404 4992 432 5041 tu
452 4987 497 5058 qui
526 4988 631 5042 Marcus
654 5001 684 5042 es
702 4995 750 5041 aut
768 4985 858 5052 Ceius,
911 5001 952 5034 νον
966 4983 1129 5044 πᾶσανῠλην,
1144 4983 1391 5042 σνναναλωθὴσεσθαι
1405 4980 1712 5044 commurmurant

50 5064 125 5111 certa
141 5055 217 5129 quod
231 5056 330 5113 sufficit
351 5059 497 5124 masculus,
527 5056 628 5114 inistis
650 5055 766 5112 infandis
779 5071 860 5127 ange·
910 5054 974 5105 alvea
989 5055 1113 5120 χωρήσειν
1128 5054 1282 5104 διδάσκουσι·

51 5122 140 5184 loram
181 5125 429 5185 Valcnnnianorum
457 5129 573 5185 vinculis
601 5127 660 5183 sine
691 5127 859 5200 amplexibus
948 5126 1210 5199 tartammpaopae
1224 5127 1336 5183 animas
1355 5126 1525 5196 refrigerare
1544 5127 1573 5181 et
1592 5124 1666 5194 ipsas
1680 5124 1714 5178 in

52 5198 139 5267 ntiae
154 5213 163 5265 ς
178 5198 227 5255 sed
241 5199 306 5271 quid
340 5198 456 5270 perias?
480 5199 598 5271 aliquem
625 5198 727 5256 scilicet
764 5199 859 5256 Onesi·
911 5197 1072 5254 medietatis
1087 5198 1155 5253 toea.
1173 5196 1512 5269 Niltilenimpspaltieem
1525 5197 1607 5250 intra
1620 5195 1713 5250 Plera-

52 5280 124 5324 nnrn
139 5269 378 5327 Paulinumiimo
392 5271 578 5343 prodigiosum
605 5269 721 5342 aliquem
753 5269 859 5326 &tanae
912 5285 960 5324 ma
971 5269 1104 5325 transire.
1113 5269 1355 5339 bisantemsnetis
1364 5267 1504 5336 itemesti
1513 5266 1622 5323 tatetin
1631 5282 1713 5321 rnen·

51 5339 211 5404 mntem.
232 5342 290 5398 ilua
304 5341 376 5398 enim
390 5345 446 5397 rntt
460 5341 583 5414 intelligi.
604 5342 665 5398 ltro.
912 5339 945 5397 dc
959 5339 1034 5410 ipnis
1049 5339 1233 5398 exardescens
1245 5346 1272 5398 et
1285 5339 1523 5412 comprehendens
1549 5339 1713 5393 uniuersam

83 5410 223 5483 (70)le
234 5413 314 5472 eredo
328 5414 378 5472 itte
405 5414 479 5487 ienis
493 5428 618 5471 arcanas
644 5416 783 5486 erumpet.
806 5414 860 5468 lre·
912 5406 1716 5487 materiamconscmitetipsamsimeteensamptamadi·

51 5494 127 5563 μιν
141 5499 149 5541 :
162 5502 178 5537 ι
191 5482 240 5541 llis
260 5495 350 5541 autern
377 5483 455 5541 iactis
480 5486 527 5552 ita,
542 5484 588 5555 qui
615 5483 679 5539 latet
705 5485 733 5538 iu
762 5483 860 5540 mundo
913 5499 943 5542 re
953 5483 1069 5540 inidat
1078 5484 1211 5555 jamnon
1220 5484 1383 5540 rie-llaec
1393 5480 1464 5537 baud
1474 5477 1715 5559 ielictterareter·e

51 5553 133 5628 unis,
162 5552 307 5631 ipe-trica
342 5561 380 5630 rip
408 5557 496 5630 κόσμῳ
519 5562 589 5627 erip:
619 5554 799 5613 exardescens
833 5561 862 5612 et
912 5555 1059 5625 interprete
1081 5554 1184 5610 reddita
1210 5564 1283 5612 suut.
1309 5553 1398 5623 Quare
1423 5564 1485 5606 cum
1502 5546 1578 5603 balbo
1602 5551 1712 5602 verten-
