<?xml version="1.0" encoding="UTF-8"?>
<!DOCTYPE html PUBLIC "-//W3C//DTD XHTML 1.0 Transitional//EN"
    "http://www.w3.org/TR/xhtml1/DTD/xhtml1-transitional.dtd">
<html xmlns="http://www.w3.org/1999/xhtml" xml:lang="en" lang="en">
 <head>
  <title>
</title>
<meta http-equiv="Content-Type" content="text/html;charset=utf-8" />
  <meta name='ocr-system' content='tesseract 3.04.00' />
  <meta name='ocr-capabilities' content='ocr_page ocr_carea ocr_par ocr_line ocrx_word'/>
</head>
<body>
  <div class='ocr_page' id='page_1' title='image "./patrologiaecurs51unkngoog/patrologiaecurs51unkngoog_0470.png"; bbox 0 0 3840 6134; ppageno 0'>
   <div class='ocr_carea' id='block_1_1' title="bbox 99 295 1753 383">
    <p class='ocr_par' dir='ltr' id='par_1_1' title="bbox 99 295 1753 383">
     <span class='ocr_line' id='line_1_1' title="bbox 99 295 1753 383; baseline 0.004 -27"><span class='ocrx_word' id='word_1_1' title='bbox 99 310 153 371; x_wconf 78' lang='lat'><strong>929</strong></span> <span class='ocrx_word' id='word_1_2' title='bbox 635 296 732 358; x_wconf 85' lang='lat' dir='ltr'>LIBER</span> <span class='ocrx_word' id='word_1_3' title='bbox 743 296 1010 358; x_wconf 67' lang='lat' dir='ltr'>RESURRECTIONE</span> <span class='ocrx_word' id='word_1_4' title='bbox 1024 295 1067 356; x_wconf 82' lang='lat' dir='ltr'><strong>bit</strong></span> <span class='ocrx_word' id='word_1_5' title='bbox 1085 299 1203 361; x_wconf 79' lang='lat' dir='ltr'><strong>caulis</strong></span> <span class='ocrx_word' id='word_1_6' title='bbox 1699 320 1753 383; x_wconf 78' lang='lat'><strong>930</strong></span> 
     </span>
    </p>
   </div>
   <div class='ocr_carea' id='block_1_2' title="bbox 37 422 1839 1934">
    <p class='ocr_par' dir='ltr' id='par_1_2' title="bbox 37 422 1839 1934">
     <span class='ocr_line' id='line_1_2' title="bbox 96 422 1751 516; baseline 0.019 -40"><span class='ocrx_word' id='word_1_7' title='bbox 96 427 730 508; x_wconf 50' lang='lat' dir='ltr'><strong>meppiam,sioeproerentimomnicvestro</strong></span> <span class='ocrx_word' id='word_1_8' title='bbox 743 429 897 489; x_wconf 70' lang='lat' dir='ltr'><strong>sunteos-</strong></span> <span class='ocrx_word' id='word_1_9' title='bbox 951 438 1009 480; x_wconf 87' lang='lat' dir='ltr'><strong>esse</strong></span> <span class='ocrx_word' id='word_1_10' title='bbox 1023 422 1112 482; x_wconf 81' lang='lat' dir='ltr'><strong>officia</strong></span> <span class='ocrx_word' id='word_1_11' title='bbox 1134 429 1327 499; x_wconf 87' lang='lat' dir='ltr'><strong>membrorum,</strong></span> <span class='ocrx_word' id='word_1_12' title='bbox 1348 437 1540 507; x_wconf 75' lang='lat' dir='ltr'>corpulentiam</span> <span class='ocrx_word' id='word_1_13' title='bbox 1557 459 1665 516; x_wconf 83' lang='lat' dir='ltr'><strong>quoque</strong></span> <span class='ocrx_word' id='word_1_14' title='bbox 1689 464 1751 506; x_wconf 85' lang='lat' dir='ltr'><strong>era·</strong></span> 
     </span>
     <span class='ocr_line' id='line_1_3' title="bbox 95 511 1750 599; baseline 0.015 -25"><span class='ocrx_word' id='word_1_15' title='bbox 95 528 159 582; x_wconf 73' lang='lat' dir='ltr'><strong>dem</strong></span> <span class='ocrx_word' id='word_1_16' title='bbox 172 520 314 582; x_wconf 89' lang='lat' dir='ltr'><strong>constituit</strong></span> <span class='ocrx_word' id='word_1_17' title='bbox 335 517 457 575; x_wconf 76' lang='lat' dir='ltr'><strong>haeredes</strong></span> <span class='ocrx_word' id='word_1_18' title='bbox 478 517 558 573; x_wconf 89' lang='lat' dir='ltr'><strong>etiam</strong></span> <span class='ocrx_word' id='word_1_19' title='bbox 582 513 744 570; x_wconf 85' lang='lat' dir='ltr'><strong>futurorum.</strong></span> <span class='ocrx_word' id='word_1_20' title='bbox 758 511 830 568; x_wconf 90' lang='lat' dir='ltr'><strong>Nihil</strong></span> <span class='ocrx_word' id='word_1_21' title='bbox 848 511 896 569; x_wconf 87' lang='lat' dir='ltr'><strong>tibi</strong></span> <span class='ocrx_word' id='word_1_22' title='bbox 952 512 1030 569; x_wconf 87' lang='lat' dir='ltr'><strong>dant:</strong></span> <span class='ocrx_word' id='word_1_23' title='bbox 1071 516 1150 587; x_wconf 86' lang='lat' dir='ltr'><strong>cujus</strong></span> <span class='ocrx_word' id='word_1_24' title='bbox 1176 517 1281 577; x_wconf 88' lang='lat' dir='ltr'><strong>scilicet</strong></span> <span class='ocrx_word' id='word_1_25' title='bbox 1310 529 1514 592; x_wconf 87' lang='lat' dir='ltr'><strong>perseverantis</strong></span> <span class='ocrx_word' id='word_1_26' title='bbox 1546 534 1682 592; x_wconf 89' lang='lat' dir='ltr'><strong>credenda</strong></span> <span class='ocrx_word' id='word_1_27' title='bbox 1693 553 1750 599; x_wconf 86' lang='lat' dir='ltr'><strong>hon</strong></span> 
     </span>
     <span class='ocr_line' id='line_1_4' title="bbox 37 601 1751 687; baseline 0.03 -52"><span class='ocrx_word' id='word_1_28' title='bbox 37 643 43 651; x_wconf 50' lang='grc'><strong>,</strong></span> <span class='ocrx_word' id='word_1_29' title='bbox 95 616 210 687; x_wconf 54' lang='lat' dir='ltr'><strong>mnu,</strong></span> <span class='ocrx_word' id='word_1_30' title='bbox 224 611 308 666; x_wconf 60' lang='lat' dir='ltr'><strong>psai„</strong></span> <span class='ocrx_word' id='word_1_31' title='bbox 321 609 415 664; x_wconf 60' lang='lat' dir='ltr'><strong>dicen,</strong></span> <span class='ocrx_word' id='word_1_32' title='bbox 436 605 495 678; x_wconf 63' lang='lat' dir='ltr'><strong>(xi,</strong></span> <span class='ocrx_word' id='word_1_33' title='bbox 517 608 544 670; x_wconf 87' lang='lat'><strong>5,</strong></span> <span class='ocrx_word' id='word_1_34' title='bbox 560 605 587 675; x_wconf 82' lang='grc'><strong>6)</strong></span> <span class='ocrx_word' id='word_1_35' title='bbox 612 620 618 660; x_wconf 92' lang='lat'>:</span> <span class='ocrx_word' id='word_1_36' title='bbox 637 605 734 661; x_wconf 80' lang='lat' dir='ltr'><strong>Omnis</strong></span> <span class='ocrx_word' id='word_1_37' title='bbox 757 619 823 658; x_wconf 88' lang='lat' dir='ltr'><strong>caro</strong></span> <span class='ocrx_word' id='word_1_38' title='bbox 845 604 900 674; x_wconf 83' lang='lat' dir='ltr'><strong>sm·</strong></span> <span class='ocrx_word' id='word_1_39' title='bbox 951 601 986 657; x_wconf 90' lang='lat' dir='ltr'><strong>sit</strong></span> <span class='ocrx_word' id='word_1_40' title='bbox 999 603 1091 676; x_wconf 86' lang='lat' dir='ltr'><strong>utique</strong></span> <span class='ocrx_word' id='word_1_41' title='bbox 1104 607 1163 663; x_wconf 91' lang='lat' dir='ltr'><strong>sine</strong></span> <span class='ocrx_word' id='word_1_42' title='bbox 1177 608 1315 681; x_wconf 90' lang='lat' dir='ltr'><strong>membris,</strong></span> <span class='ocrx_word' id='word_1_43' title='bbox 1331 612 1394 683; x_wconf 89' lang='lat' dir='ltr'><strong>quia</strong></span> <span class='ocrx_word' id='word_1_44' title='bbox 1407 630 1459 674; x_wconf 90' lang='lat' dir='ltr'><strong>neo</strong></span> <span class='ocrx_word' id='word_1_45' title='bbox 1472 619 1592 676; x_wconf 81' lang='lat' dir='ltr'><strong>membra</strong></span> <span class='ocrx_word' id='word_1_46' title='bbox 1613 628 1751 686; x_wconf 87' lang='lat' dir='ltr'><strong>credenda</strong></span> 
     </span>
     <span class='ocr_line' id='line_1_5' title="bbox 95 689 1751 784; baseline 0.013 -31"><span class='ocrx_word' id='word_1_47' title='bbox 95 721 186 770; x_wconf 75' lang='lat' dir='ltr'><strong>nnm;</strong></span> <span class='ocrx_word' id='word_1_48' title='bbox 198 710 226 757; x_wconf 91' lang='lat' dir='ltr'><strong>et</strong></span> <span class='ocrx_word' id='word_1_49' title='bbox 241 699 303 755; x_wconf 88' lang='lat' dir='ltr'><strong>alibi</strong></span> <span class='ocrx_word' id='word_1_50' title='bbox 318 716 326 753; x_wconf 73' lang='grc' dir='ltr'>ε</span> <span class='ocrx_word' id='word_1_51' title='bbox 342 699 379 754; x_wconf 82' lang='lat' dir='ltr'><strong>Et</strong></span> <span class='ocrx_word' id='word_1_52' title='bbox 392 696 496 752; x_wconf 83' lang='lat' dir='ltr'><strong>videbit</strong></span> <span class='ocrx_word' id='word_1_53' title='bbox 516 696 608 750; x_wconf 77' lang='lat' dir='ltr'><strong>oannis</strong></span> <span class='ocrx_word' id='word_1_54' title='bbox 622 709 688 749; x_wconf 86' lang='lat' dir='ltr'><strong>coro</strong></span> <span class='ocrx_word' id='word_1_55' title='bbox 703 693 831 747; x_wconf 81' lang='lat' dir='ltr'><strong>solutore</strong></span> <span class='ocrx_word' id='word_1_56' title='bbox 846 694 899 748; x_wconf 83' lang='lat' dir='ltr'><strong>Do·</strong></span> <span class='ocrx_word' id='word_1_57' title='bbox 950 689 1005 746; x_wconf 88' lang='lat' dir='ltr'><strong>sint</strong></span> <span class='ocrx_word' id='word_1_58' title='bbox 1018 691 1079 749; x_wconf 90' lang='lat' dir='ltr'><strong>sine</strong></span> <span class='ocrx_word' id='word_1_59' title='bbox 1092 693 1198 751; x_wconf 83' lang='lat' dir='ltr'><strong>officiis.</strong></span> <span class='ocrx_word' id='word_1_60' title='bbox 1214 694 1275 764; x_wconf 89' lang='lat' dir='ltr'><strong>Quo</strong></span> <span class='ocrx_word' id='word_1_61' title='bbox 1287 699 1361 754; x_wconf 90' lang='lat' dir='ltr'><strong>enim</strong></span> <span class='ocrx_word' id='word_1_62' title='bbox 1375 703 1443 773; x_wconf 86' lang='lat' dir='ltr'><strong>jam,</strong></span> <span class='ocrx_word' id='word_1_63' title='bbox 1459 704 1597 779; x_wconf 86' lang='lat' dir='ltr'><strong>inquiunt,</strong></span> <span class='ocrx_word' id='word_1_64' title='bbox 1621 714 1751 784; x_wconf 81' lang='lat' dir='ltr'><strong>spelunca</strong></span> 
     </span>
     <span class='ocr_line' id='line_1_6' title="bbox 94 779 1752 868; baseline 0.01 -21"><span class='ocrx_word' id='word_1_65' title='bbox 94 793 170 848; x_wconf 82' lang='lat' dir='ltr'><strong>mini</strong></span> <span class='ocrx_word' id='word_1_66' title='bbox 196 791 230 844; x_wconf 79' lang='lat'><strong>⁶⁵.</strong></span> <span class='ocrx_word' id='word_1_67' title='bbox 261 786 364 850; x_wconf 80' lang='lat' dir='ltr'>Exitus,</span> <span class='ocrx_word' id='word_1_68' title='bbox 394 799 447 839; x_wconf 91' lang='lat' dir='ltr'><strong>non</strong></span> <span class='ocrx_word' id='word_1_69' title='bbox 475 781 636 839; x_wconf 88' lang='lat' dir='ltr'><strong>substantias</strong></span> <span class='ocrx_word' id='word_1_70' title='bbox 663 780 792 836; x_wconf 77' lang='lat' dir='ltr'><strong>distinxit.</strong></span> <span class='ocrx_word' id='word_1_71' title='bbox 830 779 899 849; x_wconf 86' lang='lat' dir='ltr'><strong>Quis</strong></span> <span class='ocrx_word' id='word_1_72' title='bbox 950 780 1008 835; x_wconf 81' lang='lat' dir='ltr'><strong>baec</strong></span> <span class='ocrx_word' id='word_1_73' title='bbox 1022 782 1088 854; x_wconf 86' lang='lat' dir='ltr'><strong>oris,</strong></span> <span class='ocrx_word' id='word_1_74' title='bbox 1102 792 1130 838; x_wconf 90' lang='lat' dir='ltr'><strong>et</strong></span> <span class='ocrx_word' id='word_1_75' title='bbox 1144 784 1264 844; x_wconf 88' lang='lat' dir='ltr'><strong>dentium</strong></span> <span class='ocrx_word' id='word_1_76' title='bbox 1278 789 1367 856; x_wconf 85' lang='lat' dir='ltr'><strong>statio,</strong></span> <span class='ocrx_word' id='word_1_77' title='bbox 1384 799 1411 847; x_wconf 92' lang='lat' dir='ltr'><strong>et</strong></span> <span class='ocrx_word' id='word_1_78' title='bbox 1428 793 1500 865; x_wconf 78' lang='lat' dir='ltr'><strong>gula</strong></span> <span class='ocrx_word' id='word_1_79' title='bbox 1514 795 1616 868; x_wconf 87' lang='lat' dir='ltr'><strong>lapsus,</strong></span> <span class='ocrx_word' id='word_1_80' title='bbox 1632 810 1658 857; x_wconf 90' lang='lat' dir='ltr'><strong>et</strong></span> <span class='ocrx_word' id='word_1_81' title='bbox 1674 820 1752 862; x_wconf 87' lang='lat' dir='ltr'><strong>corn·</strong></span> 
     </span>
     <span class='ocr_line' id='line_1_7' title="bbox 94 867 1751 957; baseline 0.019 -31"><span class='ocrx_word' id='word_1_82' title='bbox 94 880 168 936; x_wconf 69' lang='lat' dir='ltr'><strong>enim</strong></span> <span class='ocrx_word' id='word_1_83' title='bbox 185 876 316 949; x_wconf 85' lang='lat' dir='ltr'><strong>judicium</strong></span> <span class='ocrx_word' id='word_1_84' title='bbox 335 874 383 930; x_wconf 89' lang='lat' dir='ltr'><strong>Dei</strong></span> <span class='ocrx_word' id='word_1_85' title='bbox 402 887 457 927; x_wconf 93' lang='lat' dir='ltr'><strong>non</strong></span> <span class='ocrx_word' id='word_1_86' title='bbox 479 872 506 926; x_wconf 92' lang='lat' dir='ltr'><strong>in</strong></span> <span class='ocrx_word' id='word_1_87' title='bbox 529 868 661 926; x_wconf 89' lang='lat' dir='ltr'><strong>sententia</strong></span> <span class='ocrx_word' id='word_1_88' title='bbox 674 869 775 939; x_wconf 85' lang='lat' dir='ltr'><strong>duplici</strong></span> <span class='ocrx_word' id='word_1_89' title='bbox 791 867 894 935; x_wconf 87' lang='lat' dir='ltr'><strong>statuit,</strong></span> <span class='ocrx_word' id='word_1_90' title='bbox 949 868 1035 938; x_wconf 88' lang='lat' dir='ltr'><strong>pitum</strong></span> <span class='ocrx_word' id='word_1_91' title='bbox 1061 874 1193 930; x_wconf 79' lang='lat' dir='ltr'><strong>stomachi</strong></span> <span class='ocrx_word' id='word_1_92' title='bbox 1212 874 1281 947; x_wconf 78' lang='lat'><strong>(56),</strong></span> <span class='ocrx_word' id='word_1_93' title='bbox 1304 886 1332 935; x_wconf 79' lang='lat' dir='ltr'><strong>ai</strong></span> <span class='ocrx_word' id='word_1_94' title='bbox 1354 880 1409 936; x_wconf 76' lang='lat' dir='ltr'><strong>alti</strong></span> <span class='ocrx_word' id='word_1_95' title='bbox 1430 900 1542 957; x_wconf 68' lang='lat' dir='ltr'><strong>turget,</strong></span> <span class='ocrx_word' id='word_1_96' title='bbox 1566 896 1593 944; x_wconf 66' lang='grc' dir='ltr'><strong>θ)</strong></span> <span class='ocrx_word' id='word_1_97' title='bbox 1609 886 1751 952; x_wconf 63' lang='lat' dir='ltr'><strong>intestino·</strong></span> 
     </span>
     <span class='ocr_line' id='line_1_8' title="bbox 94 957 1839 1049; baseline 0.011 -24"><span class='ocrx_word' id='word_1_98' title='bbox 94 968 190 1025; x_wconf 88' lang='lat' dir='ltr'><strong>salutis</strong></span> <span class='ocrx_word' id='word_1_99' title='bbox 215 975 243 1024; x_wconf 92' lang='lat' dir='ltr'><strong>et</strong></span> <span class='ocrx_word' id='word_1_100' title='bbox 264 964 376 1035; x_wconf 77' lang='lat' dir='ltr'><strong>poenae?</strong></span> <span class='ocrx_word' id='word_1_101' title='bbox 397 960 492 1018; x_wconf 89' lang='lat' dir='ltr'><strong>Omnis</strong></span> <span class='ocrx_word' id='word_1_102' title='bbox 517 960 600 1031; x_wconf 82' lang='lat' dir='ltr'><strong>igitur</strong></span> <span class='ocrx_word' id='word_1_103' title='bbox 621 974 684 1014; x_wconf 92' lang='lat' dir='ltr'><strong>caro</strong></span> <span class='ocrx_word' id='word_1_104' title='bbox 707 957 821 1024; x_wconf 83' lang='lat' dir='ltr'><strong>foenum,</strong></span> <span class='ocrx_word' id='word_1_105' title='bbox 836 974 896 1030; x_wconf 84' lang='lat' dir='ltr'><strong>quse</strong></span> <span class='ocrx_word' id='word_1_106' title='bbox 949 972 1008 1012; x_wconf 92' lang='lat' dir='ltr'><strong>rum</strong></span> <span class='ocrx_word' id='word_1_107' title='bbox 1032 963 1160 1032; x_wconf 80' lang='lat' dir='ltr'><strong>perplexa</strong></span> <span class='ocrx_word' id='word_1_108' title='bbox 1183 966 1339 1037; x_wconf 74' lang='lat' dir='ltr'><strong>proceritas,</strong></span> <span class='ocrx_word' id='word_1_109' title='bbox 1361 984 1423 1026; x_wconf 88' lang='lat' dir='ltr'><strong>cum</strong></span> <span class='ocrx_word' id='word_1_110' title='bbox 1442 973 1501 1029; x_wconf 89' lang='lat' dir='ltr'><strong>esui</strong></span> <span class='ocrx_word' id='word_1_111' title='bbox 1523 982 1550 1030; x_wconf 91' lang='lat' dir='ltr'><strong>et</strong></span> <span class='ocrx_word' id='word_1_112' title='bbox 1577 979 1652 1049; x_wconf 89' lang='lat' dir='ltr'><strong>potui</strong></span> <span class='ocrx_word' id='word_1_113' title='bbox 1674 981 1751 1041; x_wconf 89' lang='lat' dir='ltr'><strong>locus</strong></span> <span class='ocrx_word' id='word_1_114' title='bbox 1836 995 1839 998; x_wconf 77' lang='grc'>’</span> 
     </span>
     <span class='ocr_line' id='line_1_9' title="bbox 95 1048 1750 1140; baseline 0.01 -29"><span class='ocrx_word' id='word_1_115' title='bbox 95 1057 153 1130; x_wconf 84' lang='lat' dir='ltr'><strong>igni</strong></span> <span class='ocrx_word' id='word_1_116' title='bbox 167 1055 330 1122; x_wconf 64' lang='lat' dir='ltr'><strong>destinatum</strong></span> <span class='ocrx_word' id='word_1_117' title='bbox 350 1060 377 1108; x_wconf 90' lang='lat' dir='ltr'><strong>et</strong></span> <span class='ocrx_word' id='word_1_118' title='bbox 398 1050 487 1107; x_wconf 91' lang='lat' dir='ltr'><strong>omnis</strong></span> <span class='ocrx_word' id='word_1_119' title='bbox 505 1064 568 1106; x_wconf 91' lang='lat' dir='ltr'><strong>caro</strong></span> <span class='ocrx_word' id='word_1_120' title='bbox 591 1048 691 1105; x_wconf 87' lang='lat' dir='ltr'><strong>ridebit</strong></span> <span class='ocrx_word' id='word_1_121' title='bbox 711 1049 896 1104; x_wconf 87' lang='lat' dir='ltr'><strong>salutareDo·</strong></span> <span class='ocrx_word' id='word_1_122' title='bbox 949 1061 1004 1102; x_wconf 91' lang='lat' dir='ltr'><strong>non</strong></span> <span class='ocrx_word' id='word_1_123' title='bbox 1034 1052 1113 1105; x_wconf 80' lang='lat' dir='ltr'><strong>erit‘l</strong></span> <span class='ocrx_word' id='word_1_124' title='bbox 1153 1052 1214 1122; x_wconf 87' lang='lat' dir='ltr'><strong>Quo</strong></span> <span class='ocrx_word' id='word_1_125' title='bbox 1247 1056 1401 1126; x_wconf 88' lang='lat' dir='ltr'><strong>hujusmodi</strong></span> <span class='ocrx_word' id='word_1_126' title='bbox 1444 1065 1564 1120; x_wconf 86' lang='lat' dir='ltr'><strong>membra</strong></span> <span class='ocrx_word' id='word_1_127' title='bbox 1595 1068 1750 1140; x_wconf 88' lang='lat' dir='ltr'><strong>admittunt,</strong></span> 
     </span>
     <span class='ocr_line' id='line_1_10' title="bbox 94 1134 1750 1230; baseline 0.017 -41"><span class='ocrx_word' id='word_1_128' title='bbox 94 1145 160 1201; x_wconf 70' lang='lat' dir='ltr'><strong>,nini</strong></span> <span class='ocrx_word' id='word_1_129' title='bbox 174 1145 209 1211; x_wconf 78' lang='lat'><strong>⁶⁶,</strong></span> <span class='ocrx_word' id='word_1_130' title='bbox 232 1159 294 1215; x_wconf 83' lang='lat' dir='ltr'><strong>qnae</strong></span> <span class='ocrx_word' id='word_1_131' title='bbox 316 1140 395 1197; x_wconf 88' lang='lat' dir='ltr'><strong>saluti</strong></span> <span class='ocrx_word' id='word_1_132' title='bbox 417 1139 568 1195; x_wconf 88' lang='lat' dir='ltr'><strong>ordinatur.</strong></span> <span class='ocrx_word' id='word_1_133' title='bbox 589 1136 646 1210; x_wconf 80' lang='lat' dir='ltr'><strong>Ego</strong></span> <span class='ocrx_word' id='word_1_134' title='bbox 669 1152 712 1192; x_wconf 92' lang='lat' dir='ltr'><strong>me</strong></span> <span class='ocrx_word' id='word_1_135' title='bbox 731 1136 897 1209; x_wconf 82' lang='lat' dir='ltr'><strong>sciensque</strong></span> <span class='ocrx_word' id='word_1_136' title='bbox 948 1134 1089 1209; x_wconf 84' lang='lat' dir='ltr'><strong>subigunt,</strong></span> <span class='ocrx_word' id='word_1_137' title='bbox 1114 1140 1269 1212; x_wconf 85' lang='lat' dir='ltr'><strong>devolvunt,</strong></span> <span class='ocrx_word' id='word_1_138' title='bbox 1290 1145 1424 1216; x_wconf 86' lang='lat' dir='ltr'><strong>dividunt,</strong></span> <span class='ocrx_word' id='word_1_139' title='bbox 1445 1150 1582 1224; x_wconf 87' lang='lat' dir='ltr'><strong>digerunt,</strong></span> <span class='ocrx_word' id='word_1_140' title='bbox 1615 1163 1750 1230; x_wconf 73' lang='lat' dir='ltr'><strong>egerunt?</strong></span> 
     </span>
     <span class='ocr_line' id='line_1_11' title="bbox 92 1225 1749 1320; baseline 0.031 -65"><span class='ocrx_word' id='word_1_141' title='bbox 92 1234 145 1290; x_wconf 49' lang='lat' dir='ltr'><strong>alin</strong></span> <span class='ocrx_word' id='word_1_142' title='bbox 168 1248 248 1289; x_wconf 57' lang='lat' dir='ltr'><strong>wne</strong></span> <span class='ocrx_word' id='word_1_143' title='bbox 270 1230 404 1287; x_wconf 55' lang='lat' dir='ltr'><strong>,duperia</strong></span> <span class='ocrx_word' id='word_1_144' title='bbox 425 1227 591 1284; x_wconf 58' lang='lat' dir='ltr'><strong>commisisse</strong></span> <span class='ocrx_word' id='word_1_145' title='bbox 614 1225 682 1297; x_wconf 73' lang='grc'>(54),</span> <span class='ocrx_word' id='word_1_146' title='bbox 706 1241 796 1299; x_wconf 91' lang='lat' dir='ltr'><strong>neque</strong></span> <span class='ocrx_word' id='word_1_147' title='bbox 824 1241 895 1282; x_wconf 89' lang='lat' dir='ltr'><strong>nunc</strong></span> <span class='ocrx_word' id='word_1_148' title='bbox 946 1240 1002 1296; x_wconf 89' lang='lat' dir='ltr'><strong>quo</strong></span> <span class='ocrx_word' id='word_1_149' title='bbox 1020 1243 1117 1284; x_wconf 91' lang='lat' dir='ltr'><strong>manus</strong></span> <span class='ocrx_word' id='word_1_150' title='bbox 1134 1229 1202 1300; x_wconf 77' lang='lat' dir='ltr'><strong>ipsae</strong></span> <span class='ocrx_word' id='word_1_151' title='bbox 1217 1242 1245 1289; x_wconf 94' lang='lat' dir='ltr'><strong>et</strong></span> <span class='ocrx_word' id='word_1_152' title='bbox 1262 1233 1347 1305; x_wconf 91' lang='lat' dir='ltr'><strong>pedes</strong></span> <span class='ocrx_word' id='word_1_153' title='bbox 1361 1247 1389 1294; x_wconf 93' lang='lat' dir='ltr'><strong>et</strong></span> <span class='ocrx_word' id='word_1_154' title='bbox 1403 1242 1521 1310; x_wconf 88' lang='lat' dir='ltr'><strong>operarii</strong></span> <span class='ocrx_word' id='word_1_155' title='bbox 1534 1243 1636 1316; x_wconf 88' lang='lat' dir='ltr'><strong>quiquo</strong></span> <span class='ocrx_word' id='word_1_156' title='bbox 1663 1257 1749 1320; x_wconf 88' lang='lat' dir='ltr'><strong>artus,</strong></span> 
     </span>
     <span class='ocr_line' id='line_1_12' title="bbox 92 1313 1749 1402; baseline 0.011 -24"><span class='ocrx_word' id='word_1_157' title='bbox 92 1323 147 1378; x_wconf 89' lang='lat' dir='ltr'><strong>alia</strong></span> <span class='ocrx_word' id='word_1_158' title='bbox 160 1338 242 1379; x_wconf 87' lang='lat' dir='ltr'><strong>carne</strong></span> <span class='ocrx_word' id='word_1_159' title='bbox 264 1320 298 1376; x_wconf 89' lang='lat' dir='ltr'><strong>ad</strong></span> <span class='ocrx_word' id='word_1_160' title='bbox 317 1317 509 1376; x_wconf 72' lang='lat' dir='ltr'><strong>continentiam</strong></span> <span class='ocrx_word' id='word_1_161' title='bbox 536 1314 611 1373; x_wconf 86' lang='lat' dir='ltr'><strong>eniti.</strong></span> <span class='ocrx_word' id='word_1_162' title='bbox 638 1314 668 1371; x_wconf 91' lang='lat' dir='ltr'><strong>Si</strong></span> <span class='ocrx_word' id='word_1_163' title='bbox 686 1313 746 1385; x_wconf 86' lang='lat' dir='ltr'><strong>quis</strong></span> <span class='ocrx_word' id='word_1_164' title='bbox 768 1323 809 1370; x_wconf 88' lang='lat' dir='ltr'><strong>est</strong></span> <span class='ocrx_word' id='word_1_165' title='bbox 830 1315 896 1370; x_wconf 86' lang='lat' dir='ltr'><strong>bina</strong></span> <span class='ocrx_word' id='word_1_166' title='bbox 946 1328 1008 1369; x_wconf 92' lang='lat' dir='ltr'><strong>cum</strong></span> <span class='ocrx_word' id='word_1_167' title='bbox 1022 1317 1110 1375; x_wconf 88' lang='lat' dir='ltr'><strong>rictus</strong></span> <span class='ocrx_word' id='word_1_168' title='bbox 1123 1319 1204 1376; x_wconf 88' lang='lat' dir='ltr'><strong>etiarn</strong></span> <span class='ocrx_word' id='word_1_169' title='bbox 1225 1338 1291 1379; x_wconf 86' lang='lat' dir='ltr'><strong>curs</strong></span> <span class='ocrx_word' id='word_1_170' title='bbox 1308 1326 1446 1383; x_wconf 77' lang='lat' dir='ltr'><strong>cessabit?</strong></span> <span class='ocrx_word' id='word_1_171' title='bbox 1470 1346 1524 1402; x_wconf 88' lang='lat' dir='ltr'><strong>quo</strong></span> <span class='ocrx_word' id='word_1_172' title='bbox 1546 1348 1625 1391; x_wconf 89' lang='lat' dir='ltr'><strong>renes</strong></span> <span class='ocrx_word' id='word_1_173' title='bbox 1647 1338 1749 1396; x_wconf 72' lang='grc' dir='ltr'>οοηεοϋ</span> 
     </span>
     <span class='ocr_line' id='line_1_13' title="bbox 92 1403 1748 1496; baseline 0.011 -30"><span class='ocrx_word' id='word_1_174' title='bbox 92 1411 219 1483; x_wconf 84' lang='lat' dir='ltr'><strong>pudenda</strong></span> <span class='ocrx_word' id='word_1_175' title='bbox 242 1407 446 1474; x_wconf 74' lang='lat' dir='ltr'><strong>mrcumierens,</strong></span> <span class='ocrx_word' id='word_1_176' title='bbox 471 1413 559 1479; x_wconf 89' lang='lat' dir='ltr'><strong>potest</strong></span> <span class='ocrx_word' id='word_1_177' title='bbox 577 1405 634 1476; x_wconf 83' lang='lat' dir='ltr'><strong>jam</strong></span> <span class='ocrx_word' id='word_1_178' title='bbox 657 1412 684 1460; x_wconf 93' lang='lat' dir='ltr'><strong>et</strong></span> <span class='ocrx_word' id='word_1_179' title='bbox 709 1405 819 1460; x_wconf 90' lang='lat' dir='ltr'><strong>demere</strong></span> <span class='ocrx_word' id='word_1_180' title='bbox 838 1403 893 1461; x_wconf 85' lang='lat' dir='ltr'><strong>toe-</strong></span> <span class='ocrx_word' id='word_1_181' title='bbox 946 1404 1091 1474; x_wconf 90' lang='lat' dir='ltr'><strong>seminum,</strong></span> <span class='ocrx_word' id='word_1_182' title='bbox 1118 1411 1271 1484; x_wconf 84' lang='lat' dir='ltr'><strong>etreliqua</strong></span> <span class='ocrx_word' id='word_1_183' title='bbox 1299 1415 1458 1486; x_wconf 75' lang='lat' dir='ltr'><strong>genitalium</strong></span> <span class='ocrx_word' id='word_1_184' title='bbox 1485 1421 1629 1495; x_wconf 84' lang='lat' dir='ltr'><strong>utriusque</strong></span> <span class='ocrx_word' id='word_1_185' title='bbox 1652 1441 1748 1496; x_wconf 85' lang='lat' dir='ltr'><strong>sexus,</strong></span> 
     </span>
     <span class='ocr_line' id='line_1_14' title="bbox 92 1492 1750 1579; baseline 0.012 -25"><span class='ocrx_word' id='word_1_186' title='bbox 92 1516 157 1556; x_wconf 88' lang='lat' dir='ltr'><strong>num</strong></span> <span class='ocrx_word' id='word_1_187' title='bbox 183 1498 273 1555; x_wconf 90' lang='lat' dir='ltr'><strong>carnis</strong></span> <span class='ocrx_word' id='word_1_188' title='bbox 296 1495 459 1561; x_wconf 80' lang='lat' dir='ltr'><strong>immundae,</strong></span> <span class='ocrx_word' id='word_1_189' title='bbox 488 1502 515 1552; x_wconf 92' lang='lat' dir='ltr'><strong>et</strong></span> <span class='ocrx_word' id='word_1_190' title='bbox 541 1493 626 1550; x_wconf 89' lang='lat' dir='ltr'><strong>solam</strong></span> <span class='ocrx_word' id='word_1_191' title='bbox 659 1492 710 1549; x_wconf 91' lang='lat' dir='ltr'><strong>sibi</strong></span> <span class='ocrx_word' id='word_1_192' title='bbox 741 1508 891 1558; x_wconf 85' lang='lat' dir='ltr'><strong>reservare,</strong></span> <span class='ocrx_word' id='word_1_193' title='bbox 946 1498 974 1546; x_wconf 90' lang='lat' dir='ltr'><strong>et</strong></span> <span class='ocrx_word' id='word_1_194' title='bbox 993 1506 1169 1566; x_wconf 75' lang='lat' dir='ltr'><strong>conceptuum</strong></span> <span class='ocrx_word' id='word_1_195' title='bbox 1194 1500 1307 1574; x_wconf 89' lang='lat' dir='ltr'><strong>stabula,</strong></span> <span class='ocrx_word' id='word_1_196' title='bbox 1331 1511 1359 1561; x_wconf 90' lang='lat' dir='ltr'><strong>et</strong></span> <span class='ocrx_word' id='word_1_197' title='bbox 1385 1506 1497 1564; x_wconf 86' lang='lat' dir='ltr'><strong>uberum</strong></span> <span class='ocrx_word' id='word_1_198' title='bbox 1522 1509 1621 1579; x_wconf 81' lang='lat' dir='ltr'><strong>tontes,</strong></span> <span class='ocrx_word' id='word_1_199' title='bbox 1657 1515 1750 1573; x_wconf 67' lang='lat' dir='ltr'><strong>decm-</strong></span> 
     </span>
     <span class='ocr_line' id='line_1_15' title="bbox 91 1581 1748 1674; baseline 0.003 -16"><span class='ocrx_word' id='word_1_200' title='bbox 91 1586 311 1660; x_wconf 70' lang='lat' dir='ltr'><strong>charbuiam</strong></span> <span class='ocrx_word' id='word_1_201' title='bbox 333 1584 439 1642; x_wconf 85' lang='lat' dir='ltr'><strong>Domini</strong></span> <span class='ocrx_word' id='word_1_202' title='bbox 461 1582 485 1623; x_wconf 68' lang='lat'><strong>⁶7</strong></span> <span class='ocrx_word' id='word_1_203' title='bbox 509 1583 632 1640; x_wconf 68' lang='lat' dir='ltr'><strong>salutm,</strong></span> <span class='ocrx_word' id='word_1_204' title='bbox 658 1582 710 1638; x_wconf 67' lang='lat' dir='ltr'><strong>Sed</strong></span> <span class='ocrx_word' id='word_1_205' title='bbox 735 1598 795 1638; x_wconf 63' lang='lat' dir='ltr'><strong>eum</strong></span> <span class='ocrx_word' id='word_1_206' title='bbox 818 1581 890 1638; x_wconf 69' lang='lat' dir='ltr'><strong>idam</strong></span> <span class='ocrx_word' id='word_1_207' title='bbox 945 1594 1009 1637; x_wconf 91' lang='lat' dir='ltr'><strong>suro</strong></span> <span class='ocrx_word' id='word_1_208' title='bbox 1024 1583 1048 1621; x_wconf 82' lang='lat'><strong>⁷¹</strong></span> <span class='ocrx_word' id='word_1_209' title='bbox 1073 1587 1226 1653; x_wconf 84' lang='lat' dir='ltr'><strong>concubitu,</strong></span> <span class='ocrx_word' id='word_1_210' title='bbox 1250 1598 1277 1645; x_wconf 91' lang='lat' dir='ltr'><strong>et</strong></span> <span class='ocrx_word' id='word_1_211' title='bbox 1292 1590 1367 1662; x_wconf 87' lang='lat' dir='ltr'><strong>ioetu,</strong></span> <span class='ocrx_word' id='word_1_212' title='bbox 1391 1602 1418 1652; x_wconf 92' lang='lat' dir='ltr'><strong>et</strong></span> <span class='ocrx_word' id='word_1_213' title='bbox 1432 1597 1567 1656; x_wconf 75' lang='lat' dir='ltr'><strong>educatu?</strong></span> <span class='ocrx_word' id='word_1_214' title='bbox 1597 1610 1748 1674; x_wconf 88' lang='lat' dir='ltr'><strong>postremo,</strong></span> 
     </span>
     <span class='ocr_line' id='line_1_16' title="bbox 92 1671 1748 1750; baseline 0.011 -19"><span class='ocrx_word' id='word_1_215' title='bbox 92 1678 240 1750; x_wconf 84' lang='lat' dir='ltr'><strong>Prophetes</strong></span> <span class='ocrx_word' id='word_1_216' title='bbox 263 1673 343 1732; x_wconf 91' lang='lat' dir='ltr'><strong>etiam</strong></span> <span class='ocrx_word' id='word_1_217' title='bbox 366 1673 488 1729; x_wconf 81' lang='lat' dir='ltr'><strong>nationes</strong></span> <span class='ocrx_word' id='word_1_218' title='bbox 510 1671 642 1739; x_wconf 86' lang='lat' dir='ltr'><strong>ostendat,</strong></span> <span class='ocrx_word' id='word_1_219' title='bbox 657 1686 729 1728; x_wconf 89' lang='lat' dir='ltr'><strong>nunc</strong></span> <span class='ocrx_word' id='word_1_220' title='bbox 750 1672 890 1743; x_wconf 88' lang='lat' dir='ltr'><strong>deputatas</strong></span> <span class='ocrx_word' id='word_1_221' title='bbox 942 1684 998 1740; x_wconf 89' lang='lat' dir='ltr'><strong>quo</strong></span> <span class='ocrx_word' id='word_1_222' title='bbox 1019 1678 1106 1728; x_wconf 88' lang='lat' dir='ltr'><strong>totum</strong></span> <span class='ocrx_word' id='word_1_223' title='bbox 1131 1691 1241 1748; x_wconf 89' lang='lat' dir='ltr'><strong>corpus,</strong></span> <span class='ocrx_word' id='word_1_224' title='bbox 1266 1688 1351 1736; x_wconf 88' lang='lat' dir='ltr'><strong>totum</strong></span> <span class='ocrx_word' id='word_1_225' title='bbox 1373 1683 1475 1742; x_wconf 87' lang='lat' dir='ltr'><strong>scilicet</strong></span> <span class='ocrx_word' id='word_1_226' title='bbox 1496 1694 1673 1748; x_wconf 77' lang='lat' dir='ltr'><strong>vacaturum?</strong></span> <span class='ocrx_word' id='word_1_227' title='bbox 1706 1694 1748 1750; x_wconf 79' lang='lat' dir='ltr'><strong>sd</strong></span> 
     </span>
     <span class='ocr_line' id='line_1_17' title="bbox 93 1732 1747 1844; baseline 0.015 -29"><span class='ocrx_word' id='word_1_228' title='bbox 93 1766 169 1823; x_wconf 72' lang='lat' dir='ltr'><strong>uelut</strong></span> <span class='ocrx_word' id='word_1_229' title='bbox 182 1765 318 1836; x_wconf 80' lang='lat' dir='ltr'><strong>pulverem</strong></span> <span class='ocrx_word' id='word_1_230' title='bbox 340 1771 367 1820; x_wconf 89' lang='lat' dir='ltr'><strong>et</strong></span> <span class='ocrx_word' id='word_1_231' title='bbox 380 1762 500 1831; x_wconf 83' lang='lat' dir='ltr'><strong>salitam,</strong></span> <span class='ocrx_word' id='word_1_232' title='bbox 523 1776 594 1817; x_wconf 91' lang='lat' dir='ltr'><strong>nunc</strong></span> <span class='ocrx_word' id='word_1_233' title='bbox 617 1769 771 1832; x_wconf 88' lang='lat' dir='ltr'><strong>speraturas</strong></span> <span class='ocrx_word' id='word_1_234' title='bbox 784 1770 811 1817; x_wconf 89' lang='lat' dir='ltr'><strong>et</strong></span> <span class='ocrx_word' id='word_1_235' title='bbox 824 1776 887 1817; x_wconf 88' lang='lat' dir='ltr'><strong>crc-</strong></span> <span class='ocrx_word' id='word_1_236' title='bbox 906 1732 927 1809; x_wconf 78' lang='grc' dir='ltr'><strong>Β</strong></span> <span class='ocrx_word' id='word_1_237' title='bbox 945 1756 1003 1814; x_wconf 84' lang='lat' dir='ltr'><strong>haec</strong></span> <span class='ocrx_word' id='word_1_238' title='bbox 1034 1777 1099 1835; x_wconf 85' lang='lat' dir='ltr'><strong>ergo</strong></span> <span class='ocrx_word' id='word_1_239' title='bbox 1118 1770 1333 1836; x_wconf 76' lang='lat' dir='ltr'><strong>praestruximus,</strong></span> <span class='ocrx_word' id='word_1_240' title='bbox 1364 1787 1418 1828; x_wconf 92' lang='lat' dir='ltr'><strong>noo</strong></span> <span class='ocrx_word' id='word_1_241' title='bbox 1448 1785 1577 1844; x_wconf 79' lang='lat' dir='ltr'><strong>oportere</strong></span> <span class='ocrx_word' id='word_1_242' title='bbox 1615 1775 1747 1839; x_wconf 84' lang='lat' dir='ltr'><strong>committi</strong></span> 
     </span>
     <span class='ocr_line' id='line_1_18' title="bbox 96 1847 1746 1934; baseline 0.019 -38"><span class='ocrx_word' id='word_1_243' title='bbox 96 1853 239 1911; x_wconf 65' lang='lat' dir='ltr'><strong>dimin</strong></span> <span class='ocrx_word' id='word_1_244' title='bbox 257 1869 353 1910; x_wconf 82' lang='lat' dir='ltr'><strong>nomen</strong></span> <span class='ocrx_word' id='word_1_245' title='bbox 377 1862 405 1907; x_wconf 93' lang='lat' dir='ltr'><strong>et</strong></span> <span class='ocrx_word' id='word_1_246' title='bbox 425 1852 453 1907; x_wconf 90' lang='lat' dir='ltr'><strong>in</strong></span> <span class='ocrx_word' id='word_1_247' title='bbox 472 1852 612 1908; x_wconf 84' lang='lat' dir='ltr'><strong>brachium</strong></span> <span class='ocrx_word' id='word_1_248' title='bbox 630 1850 748 1920; x_wconf 83' lang='lat' dir='ltr'><strong>Domini,</strong></span> <span class='ocrx_word' id='word_1_249' title='bbox 763 1847 896 1922; x_wconf 83' lang='lat' dir='ltr'><strong>numquid</strong></span> <span class='ocrx_word' id='word_1_250' title='bbox 949 1847 1102 1907; x_wconf 82' lang='lat' dir='ltr'><strong>futurorum</strong></span> <span class='ocrx_word' id='word_1_251' title='bbox 1123 1862 1202 1929; x_wconf 85' lang='lat' dir='ltr'><strong>atque</strong></span> <span class='ocrx_word' id='word_1_252' title='bbox 1234 1858 1409 1928; x_wconf 77' lang='lat' dir='ltr'><strong>praesentium</strong></span> <span class='ocrx_word' id='word_1_253' title='bbox 1434 1861 1636 1934; x_wconf 90' lang='lat' dir='ltr'><strong>dispositiones,</strong></span> <span class='ocrx_word' id='word_1_254' title='bbox 1660 1868 1746 1926; x_wconf 90' lang='lat' dir='ltr'><strong>inter·</strong></span> 
     </span>
    </p>
   </div>
   <div class='ocr_carea' id='block_1_3' title="bbox 94 1938 1861 2025">
    <p class='ocr_par' dir='ltr' id='par_1_3' title="bbox 94 1938 1861 2025">
     <span class='ocr_line' id='line_1_19' title="bbox 94 1938 1861 2025; baseline 0.01 -27"><span class='ocrx_word' id='word_1_255' title='bbox 94 1953 124 2000; x_wconf 88' lang='lat' dir='ltr'><strong>et</strong></span> <span class='ocrx_word' id='word_1_256' title='bbox 150 1942 359 1999; x_wconf 84' lang='lat' dir='ltr'><strong>donationibus</strong></span> <span class='ocrx_word' id='word_1_257' title='bbox 383 1940 577 1998; x_wconf 80' lang='lat' dir='ltr'><strong>sallirnuriet</strong></span> <span class='ocrx_word' id='word_1_258' title='bbox 604 1938 666 1995; x_wconf 83' lang='lat' dir='ltr'><strong>alite</strong></span> <span class='ocrx_word' id='word_1_259' title='bbox 691 1939 799 2012; x_wconf 88' lang='lat' dir='ltr'><strong>quidem</strong></span> <span class='ocrx_word' id='word_1_260' title='bbox 832 1946 896 1995; x_wconf 88' lang='lat' dir='ltr'><strong>sunt</strong></span> <span class='ocrx_word' id='word_1_261' title='bbox 948 1952 1058 1996; x_wconf 89' lang='lat' dir='ltr'><strong>cessura</strong></span> <span class='ocrx_word' id='word_1_262' title='bbox 1079 1949 1145 2000; x_wconf 92' lang='lat' dir='ltr'><strong>tunc</strong></span> <span class='ocrx_word' id='word_1_263' title='bbox 1165 1945 1364 2006; x_wconf 87' lang='lat' dir='ltr'><strong>demutatione:</strong></span> <span class='ocrx_word' id='word_1_264' title='bbox 1394 1957 1421 2006; x_wconf 90' lang='lat' dir='ltr'><strong>et</strong></span> <span class='ocrx_word' id='word_1_265' title='bbox 1445 1966 1515 2008; x_wconf 88' lang='lat' dir='ltr'><strong>nnnc</strong></span> <span class='ocrx_word' id='word_1_266' title='bbox 1537 1958 1748 2024; x_wconf 84' lang='lat' dir='ltr'><strong>superstruimus</strong></span> <span class='ocrx_word' id='word_1_267' title='bbox 1857 2020 1861 2025; x_wconf 65' lang='grc'>,</span> 
     </span>
    </p>
   </div>
   <div class='ocr_carea' id='block_1_4' title="bbox 84 2026 1748 3693">
    <p class='ocr_par' dir='ltr' id='par_1_4' title="bbox 86 2026 1748 2997">
     <span class='ocr_line' id='line_1_20' title="bbox 93 2026 1747 2114; baseline 0.01 -26"><span class='ocrx_word' id='word_1_268' title='bbox 93 2030 245 2102; x_wconf 77' lang='lat' dir='ltr'><strong>crediturae,</strong></span> <span class='ocrx_word' id='word_1_269' title='bbox 267 2031 326 2087; x_wconf 84' lang='lat' dir='ltr'><strong>aliae</strong></span> <span class='ocrx_word' id='word_1_270' title='bbox 354 2031 380 2087; x_wconf 89' lang='lat' dir='ltr'><strong>in</strong></span> <span class='ocrx_word' id='word_1_271' title='bbox 405 2030 542 2101; x_wconf 87' lang='lat' dir='ltr'><strong>pulverem</strong></span> <span class='ocrx_word' id='word_1_272' title='bbox 571 2029 717 2102; x_wconf 77' lang='lat' dir='ltr'><strong>deputatae,</strong></span> <span class='ocrx_word' id='word_1_273' title='bbox 742 2044 775 2085; x_wconf 83' lang='lat' dir='ltr'><strong>er</strong></span> <span class='ocrx_word' id='word_1_274' title='bbox 800 2029 894 2085; x_wconf 84' lang='lat' dir='ltr'><strong>direr-</strong></span> <span class='ocrx_word' id='word_1_275' title='bbox 947 2026 1036 2085; x_wconf 81' lang='lat' dir='ltr'><strong>officia</strong></span> <span class='ocrx_word' id='word_1_276' title='bbox 1049 2030 1102 2087; x_wconf 89' lang='lat' dir='ltr'><strong>ista</strong></span> <span class='ocrx_word' id='word_1_277' title='bbox 1114 2036 1298 2094; x_wconf 90' lang='lat' dir='ltr'><strong>membrorum</strong></span> <span class='ocrx_word' id='word_1_278' title='bbox 1320 2037 1524 2097; x_wconf 88' lang='lat' dir='ltr'><strong>necessitatibus</strong></span> <span class='ocrx_word' id='word_1_279' title='bbox 1537 2041 1601 2098; x_wconf 85' lang='lat' dir='ltr'><strong>vitae</strong></span> <span class='ocrx_word' id='word_1_280' title='bbox 1620 2044 1699 2114; x_wconf 87' lang='lat' dir='ltr'><strong>hujus</strong></span> <span class='ocrx_word' id='word_1_281' title='bbox 1713 2062 1747 2104; x_wconf 93' lang='lat' dir='ltr'><strong>eo</strong></span> 
     </span>
     <span class='ocr_line' id='line_1_21' title="bbox 92 2119 1748 2202; baseline 0.011 -27"><span class='ocrx_word' id='word_1_282' title='bbox 92 2120 363 2178; x_wconf 80' lang='lat' dir='ltr'><strong>sitstasnbstautiae‘l</strong></span> <span class='ocrx_word' id='word_1_283' title='bbox 387 2119 441 2177; x_wconf 90' lang='lat' dir='ltr'><strong>Sed</strong></span> <span class='ocrx_word' id='word_1_284' title='bbox 464 2128 490 2175; x_wconf 91' lang='lat' dir='ltr'><strong>et</strong></span> <span class='ocrx_word' id='word_1_285' title='bbox 512 2119 634 2175; x_wconf 85' lang='lat' dir='ltr'><strong>Christus</strong></span> <span class='ocrx_word' id='word_1_286' title='bbox 656 2119 727 2174; x_wconf 92' lang='lat' dir='ltr'><strong>intra</strong></span> <span class='ocrx_word' id='word_1_287' title='bbox 749 2133 892 2186; x_wconf 86' lang='lat' dir='ltr'><strong>oceanum,</strong></span> <span class='ocrx_word' id='word_1_288' title='bbox 948 2131 1034 2189; x_wconf 86' lang='lat' dir='ltr'><strong>nsque</strong></span> <span class='ocrx_word' id='word_1_289' title='bbox 1058 2122 1216 2192; x_wconf 87' lang='lat' dir='ltr'><strong>consistere,</strong></span> <span class='ocrx_word' id='word_1_290' title='bbox 1234 2126 1320 2184; x_wconf 91' lang='lat' dir='ltr'><strong>donec</strong></span> <span class='ocrx_word' id='word_1_291' title='bbox 1341 2136 1367 2184; x_wconf 94' lang='lat' dir='ltr'><strong>et</strong></span> <span class='ocrx_word' id='word_1_292' title='bbox 1390 2129 1450 2202; x_wconf 90' lang='lat' dir='ltr'><strong>ipsa</strong></span> <span class='ocrx_word' id='word_1_293' title='bbox 1473 2129 1529 2186; x_wconf 90' lang='lat' dir='ltr'><strong>rita</strong></span> <span class='ocrx_word' id='word_1_294' title='bbox 1543 2132 1748 2193; x_wconf 78' lang='lat' dir='ltr'><strong>transferatura</strong></span> 
     </span>
     <span class='ocr_line' id='line_1_22' title="bbox 92 2205 1746 2294; baseline 0.006 -28"><span class='ocrx_word' id='word_1_295' title='bbox 92 2216 120 2266; x_wconf 90' lang='lat' dir='ltr'><strong>et</strong></span> <span class='ocrx_word' id='word_1_296' title='bbox 132 2209 168 2265; x_wconf 90' lang='lat' dir='ltr'><strong>de</strong></span> <span class='ocrx_word' id='word_1_297' title='bbox 181 2208 236 2266; x_wconf 90' lang='lat' dir='ltr'><strong>isto</strong></span> <span class='ocrx_word' id='word_1_298' title='bbox 250 2211 321 2266; x_wconf 84' lang='lat' dir='ltr'><strong>coelo</strong></span> <span class='ocrx_word' id='word_1_299' title='bbox 342 2209 414 2281; x_wconf 83' lang='lat' dir='ltr'><strong>quod</strong></span> <span class='ocrx_word' id='word_1_300' title='bbox 429 2207 508 2263; x_wconf 92' lang='lat' dir='ltr'><strong>nobis</strong></span> <span class='ocrx_word' id='word_1_301' title='bbox 531 2207 640 2262; x_wconf 88' lang='lat' dir='ltr'><strong>incubat</strong></span> <span class='ocrx_word' id='word_1_302' title='bbox 659 2207 685 2246; x_wconf 78' lang='lat'><strong>⁶⁸</strong></span> <span class='ocrx_word' id='word_1_303' title='bbox 708 2207 777 2278; x_wconf 87' lang='grc'>(55),</span> <span class='ocrx_word' id='word_1_304' title='bbox 797 2222 891 2263; x_wconf 89' lang='lat' dir='ltr'><strong>rerum</strong></span> <span class='ocrx_word' id='word_1_305' title='bbox 946 2205 1187 2277; x_wconf 76' lang='lat' dir='ltr'><strong>temporalitatem</strong></span> <span class='ocrx_word' id='word_1_306' title='bbox 1211 2218 1396 2288; x_wconf 83' lang='lat' dir='ltr'><strong>aetemitatem,</strong></span> <span class='ocrx_word' id='word_1_307' title='bbox 1419 2217 1489 2274; x_wconf 89' lang='lat' dir='ltr'><strong>sicut</strong></span> <span class='ocrx_word' id='word_1_308' title='bbox 1503 2220 1620 2277; x_wconf 87' lang='lat' dir='ltr'><strong>animale</strong></span> <span class='ocrx_word' id='word_1_309' title='bbox 1644 2238 1746 2294; x_wconf 80' lang='lat' dir='ltr'><strong>corpus</strong></span> 
     </span>
     <span class='ocr_line' id='line_1_23' title="bbox 91 2293 1748 2370; baseline 0.011 -19"><span class='ocrx_word' id='word_1_310' title='bbox 91 2297 185 2355; x_wconf 88' lang='lat' dir='ltr'><strong>lumen</strong></span> <span class='ocrx_word' id='word_1_311' title='bbox 209 2298 364 2354; x_wconf 88' lang='lat' dir='ltr'><strong>nationibus</strong></span> <span class='ocrx_word' id='word_1_312' title='bbox 388 2295 491 2353; x_wconf 86' lang='lat' dir='ltr'><strong>oliulsit</strong></span> <span class='ocrx_word' id='word_1_313' title='bbox 513 2293 553 2366; x_wconf 71' lang='lat'><strong>⁶⁹3</strong></span> <span class='ocrx_word' id='word_1_314' title='bbox 582 2303 608 2351; x_wconf 92' lang='lat' dir='ltr'><strong>et</strong></span> <span class='ocrx_word' id='word_1_315' title='bbox 636 2294 689 2367; x_wconf 92' lang='lat' dir='ltr'><strong>ipsi</strong></span> <span class='ocrx_word' id='word_1_316' title='bbox 712 2294 892 2352; x_wconf 78' lang='lat' dir='ltr'><strong>Valentiniani</strong></span> <span class='ocrx_word' id='word_1_317' title='bbox 944 2293 971 2349; x_wconf 91' lang='lat' dir='ltr'><strong>in</strong></span> <span class='ocrx_word' id='word_1_318' title='bbox 987 2298 1116 2369; x_wconf 87' lang='lat' dir='ltr'><strong>spiritale,</strong></span> <span class='ocrx_word' id='word_1_319' title='bbox 1131 2302 1324 2361; x_wconf 84' lang='lat' dir='ltr'><strong>dnmmortclc</strong></span> <span class='ocrx_word' id='word_1_320' title='bbox 1339 2307 1417 2363; x_wconf 79' lang='lat' dir='ltr'><strong>istud</strong></span> <span class='ocrx_word' id='word_1_321' title='bbox 1432 2307 1748 2370; x_wconf 80' lang='lat' dir='ltr'><strong>icdttett&#39;mmortatita·</strong></span> 
     </span>
     <span class='ocr_line' id='line_1_24' title="bbox 90 2382 1741 2474; baseline 0.007 -31"><span class='ocrx_word' id='word_1_322' title='bbox 90 2383 176 2443; x_wconf 66' lang='lat'><strong>882</strong></span> <span class='ocrx_word' id='word_1_323' title='bbox 194 2386 241 2443; x_wconf 91' lang='lat' dir='ltr'><strong>hic</strong></span> <span class='ocrx_word' id='word_1_324' title='bbox 266 2403 357 2442; x_wconf 90' lang='lat' dir='ltr'><strong>errare</strong></span> <span class='ocrx_word' id='word_1_325' title='bbox 383 2385 553 2452; x_wconf 73' lang='lat' dir='ltr'><strong>didicerunt,</strong></span> <span class='ocrx_word' id='word_1_326' title='bbox 584 2399 633 2440; x_wconf 88' lang='lat' dir='ltr'><strong>noc</strong></span> <span class='ocrx_word' id='word_1_327' title='bbox 655 2382 707 2439; x_wconf 88' lang='lat' dir='ltr'><strong>alia</strong></span> <span class='ocrx_word' id='word_1_328' title='bbox 729 2386 781 2440; x_wconf 91' lang='lat' dir='ltr'><strong>erit</strong></span> <span class='ocrx_word' id='word_1_329' title='bbox 804 2383 891 2441; x_wconf 77' lang='lat' dir='ltr'><strong>tonna</strong></span> <span class='ocrx_word' id='word_1_330' title='bbox 944 2390 1248 2463; x_wconf 84' lang='lat' dir='ltr'><strong>tem,etcorruptiocm</strong></span> <span class='ocrx_word' id='word_1_331' title='bbox 1258 2394 1741 2474; x_wconf 72' lang='lat' dir='ltr'><strong>abtcdiccorrcpteicm(ldor.xv);</strong></span> 
     </span>
     <span class='ocr_line' id='line_1_25' title="bbox 89 2474 1745 2556; baseline 0.01 -27"><span class='ocrx_word' id='word_1_332' title='bbox 89 2476 232 2533; x_wconf 85' lang='lat' dir='ltr'><strong>nationum</strong></span> <span class='ocrx_word' id='word_1_333' title='bbox 253 2475 430 2543; x_wconf 89' lang='lat' dir='ltr'><strong>credentium,</strong></span> <span class='ocrx_word' id='word_1_334' title='bbox 443 2474 495 2529; x_wconf 90' lang='lat' dir='ltr'><strong>nisi</strong></span> <span class='ocrx_word' id='word_1_335' title='bbox 517 2490 578 2545; x_wconf 81' lang='lat' dir='ltr'><strong>qum</strong></span> <span class='ocrx_word' id='word_1_336' title='bbox 597 2481 624 2530; x_wconf 91' lang='lat' dir='ltr'><strong>et</strong></span> <span class='ocrx_word' id='word_1_337' title='bbox 642 2488 696 2529; x_wconf 90' lang='lat' dir='ltr'><strong>nort</strong></span> <span class='ocrx_word' id='word_1_338' title='bbox 711 2474 887 2542; x_wconf 89' lang='lat' dir='ltr'><strong>credentium,</strong></span> <span class='ocrx_word' id='word_1_339' title='bbox 942 2474 1041 2545; x_wconf 86' lang='lat' dir='ltr'><strong>etipsa</strong></span> <span class='ocrx_word' id='word_1_340' title='bbox 1064 2487 1153 2535; x_wconf 90' lang='lat' dir='ltr'><strong>autem</strong></span> <span class='ocrx_word' id='word_1_341' title='bbox 1176 2480 1288 2537; x_wconf 84' lang='lat' dir='ltr'><strong>libemts</strong></span> <span class='ocrx_word' id='word_1_342' title='bbox 1312 2490 1376 2540; x_wconf 89' lang='lat' dir='ltr'><strong>tunc</strong></span> <span class='ocrx_word' id='word_1_343' title='bbox 1401 2483 1457 2540; x_wconf 86' lang='lat' dir='ltr'><strong>vita</strong></span> <span class='ocrx_word' id='word_1_344' title='bbox 1486 2501 1502 2541; x_wconf 89' lang='lat' dir='ltr'><strong>s</strong></span> <span class='ocrx_word' id='word_1_345' title='bbox 1526 2487 1745 2556; x_wconf 89' lang='lat' dir='ltr'><strong>necessitatibus,</strong></span> 
     </span>
     <span class='ocr_line' id='line_1_26' title="bbox 88 2561 1746 2643; baseline 0.008 -22"><span class='ocrx_word' id='word_1_346' title='bbox 88 2565 123 2622; x_wconf 90' lang='lat' dir='ltr'><strong>de</strong></span> <span class='ocrx_word' id='word_1_347' title='bbox 145 2581 235 2632; x_wconf 91' lang='lat' dir='ltr'><strong>carne,</strong></span> <span class='ocrx_word' id='word_1_348' title='bbox 257 2565 292 2622; x_wconf 90' lang='lat' dir='ltr'><strong>de</strong></span> <span class='ocrx_word' id='word_1_349' title='bbox 317 2567 416 2622; x_wconf 90' lang='lat' dir='ltr'><strong>anima.</strong></span> <span class='ocrx_word' id='word_1_350' title='bbox 441 2564 516 2620; x_wconf 90' lang='lat' dir='ltr'><strong>Sicut</strong></span> <span class='ocrx_word' id='word_1_351' title='bbox 537 2578 604 2636; x_wconf 84' lang='lat' dir='ltr'><strong>ergo</strong></span> <span class='ocrx_word' id='word_1_352' title='bbox 630 2563 738 2618; x_wconf 92' lang='lat' dir='ltr'><strong>easdem</strong></span> <span class='ocrx_word' id='word_1_353' title='bbox 764 2563 888 2619; x_wconf 90' lang='lat' dir='ltr'><strong>nationes</strong></span> <span class='ocrx_word' id='word_1_354' title='bbox 942 2561 1128 2624; x_wconf 87' lang='lat' dir='ltr'><strong>liberabuntur</strong></span> <span class='ocrx_word' id='word_1_355' title='bbox 1150 2576 1177 2625; x_wconf 91' lang='lat' dir='ltr'><strong>et</strong></span> <span class='ocrx_word' id='word_1_356' title='bbox 1201 2571 1322 2628; x_wconf 90' lang='lat' dir='ltr'><strong>membra</strong></span> <span class='ocrx_word' id='word_1_357' title='bbox 1341 2572 1375 2629; x_wconf 92' lang='lat' dir='ltr'><strong>sb</strong></span> <span class='ocrx_word' id='word_1_358' title='bbox 1394 2573 1510 2643; x_wconf 76' lang='lat' dir='ltr'><strong>officiis,</strong></span> <span class='ocrx_word' id='word_1_359' title='bbox 1528 2590 1580 2631; x_wconf 91' lang='lat' dir='ltr'><strong>nec</strong></span> <span class='ocrx_word' id='word_1_360' title='bbox 1603 2576 1665 2634; x_wconf 91' lang='lat' dir='ltr'><strong>ideo</strong></span> <span class='ocrx_word' id='word_1_361' title='bbox 1688 2592 1746 2636; x_wconf 92' lang='lat' dir='ltr'><strong>non</strong></span> 
     </span>
     <span class='ocr_line' id='line_1_27' title="bbox 88 2650 1745 2737; baseline 0.008 -29"><span class='ocrx_word' id='word_1_362' title='bbox 88 2669 266 2728; x_wconf 84' lang='lat' dir='ltr'><strong>congenere,</strong></span> <span class='ocrx_word' id='word_1_363' title='bbox 290 2655 337 2710; x_wconf 90' lang='lat' dir='ltr'><strong>sed</strong></span> <span class='ocrx_word' id='word_1_364' title='bbox 360 2663 433 2710; x_wconf 89' lang='lat' dir='ltr'><strong>sorte</strong></span> <span class='ocrx_word' id='word_1_365' title='bbox 454 2650 592 2723; x_wconf 83' lang='lat' dir='ltr'><strong>distinxit3</strong></span> <span class='ocrx_word' id='word_1_366' title='bbox 607 2653 644 2707; x_wconf 88' lang='lat' dir='ltr'><strong>ita</strong></span> <span class='ocrx_word' id='word_1_367' title='bbox 666 2659 693 2707; x_wconf 94' lang='lat' dir='ltr'><strong>et</strong></span> <span class='ocrx_word' id='word_1_368' title='bbox 707 2667 811 2719; x_wconf 87' lang='lat' dir='ltr'><strong>carnes,</strong></span> <span class='ocrx_word' id='word_1_369' title='bbox 827 2668 887 2724; x_wconf 82' lang='lat' dir='ltr'><strong>quae</strong></span> <span class='ocrx_word' id='word_1_370' title='bbox 942 2662 1022 2710; x_wconf 91' lang='lat' dir='ltr'><strong>erunt</strong></span> <span class='ocrx_word' id='word_1_371' title='bbox 1047 2658 1213 2715; x_wconf 91' lang='lat' dir='ltr'><strong>necessaria.</strong></span> <span class='ocrx_word' id='word_1_372' title='bbox 1251 2659 1326 2718; x_wconf 84' lang='lat' dir='ltr'><strong>licet</strong></span> <span class='ocrx_word' id='word_1_373' title='bbox 1357 2662 1430 2718; x_wconf 90' lang='lat' dir='ltr'><strong>enirn</strong></span> <span class='ocrx_word' id='word_1_374' title='bbox 1458 2661 1555 2719; x_wconf 86' lang='lat' dir='ltr'><strong>officiis</strong></span> <span class='ocrx_word' id='word_1_375' title='bbox 1586 2663 1745 2737; x_wconf 84' lang='lat' dir='ltr'><strong>liberentur,</strong></span> 
     </span>
     <span class='ocr_line' id='line_1_28' title="bbox 87 2741 1746 2826; baseline 0.008 -27"><span class='ocrx_word' id='word_1_376' title='bbox 87 2742 116 2799; x_wconf 90' lang='lat' dir='ltr'><strong>in</strong></span> <span class='ocrx_word' id='word_1_377' title='bbox 140 2745 206 2815; x_wconf 89' lang='lat' dir='ltr'><strong>ipsis</strong></span> <span class='ocrx_word' id='word_1_378' title='bbox 228 2743 381 2801; x_wconf 88' lang='lat' dir='ltr'><strong>nationibus</strong></span> <span class='ocrx_word' id='word_1_379' title='bbox 403 2760 457 2799; x_wconf 91' lang='lat' dir='ltr'><strong>nna</strong></span> <span class='ocrx_word' id='word_1_380' title='bbox 479 2741 628 2799; x_wconf 86' lang='lat' dir='ltr'><strong>substantia</strong></span> <span class='ocrx_word' id='word_1_381' title='bbox 648 2748 698 2810; x_wconf 89' lang='lat' dir='ltr'><strong>est,</strong></span> <span class='ocrx_word' id='word_1_382' title='bbox 720 2756 775 2798; x_wconf 93' lang='lat' dir='ltr'><strong>non</strong></span> <span class='ocrx_word' id='word_1_383' title='bbox 799 2748 887 2796; x_wconf 87' lang='lat' dir='ltr'><strong>mate-</strong></span> <span class='ocrx_word' id='word_1_384' title='bbox 942 2744 991 2798; x_wconf 92' lang='lat' dir='ltr'><strong>sed</strong></span> <span class='ocrx_word' id='word_1_385' title='bbox 1008 2742 1120 2813; x_wconf 84' lang='lat' dir='ltr'><strong>judiciis</strong></span> <span class='ocrx_word' id='word_1_386' title='bbox 1152 2748 1300 2804; x_wconf 87' lang='lat' dir='ltr'><strong>retinentur</strong></span> <span class='ocrx_word' id='word_1_387' title='bbox 1320 2750 1396 2821; x_wconf 79' lang='lat'><strong>(57);</strong></span> <span class='ocrx_word' id='word_1_388' title='bbox 1420 2756 1450 2805; x_wconf 91' lang='lat' dir='ltr'><strong>ut</strong></span> <span class='ocrx_word' id='word_1_389' title='bbox 1473 2753 1536 2824; x_wconf 80' lang='lat' dir='ltr'><strong>puis</strong></span> <span class='ocrx_word' id='word_1_390' title='bbox 1559 2756 1668 2825; x_wconf 76' lang='lat' dir='ltr'><strong>reserat</strong></span> <span class='ocrx_word' id='word_1_391' title='bbox 1694 2770 1746 2826; x_wconf 84' lang='lat' dir='ltr'><strong>per</strong></span> 
     </span>
     <span class='ocr_line' id='line_1_29' title="bbox 86 2832 1744 2908; baseline 0.006 -20"><span class='ocrx_word' id='word_1_392' title='bbox 86 2833 136 2899; x_wconf 87' lang='lat' dir='ltr'><strong>rin,</strong></span> <span class='ocrx_word' id='word_1_393' title='bbox 151 2833 200 2890; x_wconf 92' lang='lat' dir='ltr'><strong>sed</strong></span> <span class='ocrx_word' id='word_1_394' title='bbox 213 2834 338 2889; x_wconf 90' lang='lat' dir='ltr'><strong>mercede</strong></span> <span class='ocrx_word' id='word_1_395' title='bbox 357 2832 496 2903; x_wconf 83' lang='lat' dir='ltr'><strong>disjunxit.</strong></span> <span class='ocrx_word' id='word_1_396' title='bbox 941 2846 1051 2902; x_wconf 85' lang='lat' dir='ltr'><strong>corpus,</strong></span> <span class='ocrx_word' id='word_1_397' title='bbox 1070 2838 1156 2904; x_wconf 85' lang='lat' dir='ltr'><strong>prout</strong></span> <span class='ocrx_word' id='word_1_398' title='bbox 1173 2836 1256 2905; x_wconf 83' lang='lat' dir='ltr'><strong>gessit</strong></span> <span class='ocrx_word' id='word_1_399' title='bbox 1269 2836 1309 2908; x_wconf 86' lang='lat' dir='ltr'><strong>(ll</strong></span> <span class='ocrx_word' id='word_1_400' title='bbox 1326 2839 1387 2895; x_wconf 83' lang='lat' dir='ltr'><strong>Cor.</strong></span> <span class='ocrx_word' id='word_1_401' title='bbox 1402 2839 1443 2908; x_wconf 88' lang='lat' dir='ltr'><strong>v).</strong></span> <span class='ocrx_word' id='word_1_402' title='bbox 1462 2836 1574 2897; x_wconf 83' lang='lat' dir='ltr'><strong>Salsum</strong></span> <span class='ocrx_word' id='word_1_403' title='bbox 1596 2839 1669 2896; x_wconf 91' lang='lat' dir='ltr'><strong>enim</strong></span> <span class='ocrx_word' id='word_1_404' title='bbox 1693 2841 1744 2898; x_wconf 90' lang='lat' dir='ltr'><strong>ho·</strong></span> 
     </span>
     <span class='ocr_line' id='line_1_30' title="bbox 395 2916 1745 2997; baseline 0.014 -31"><span class='ocrx_word' id='word_1_405' title='bbox 395 2920 507 2978; x_wconf 78' lang='lat' dir='ltr'>CAPUT</span> <span class='ocrx_word' id='word_1_406' title='bbox 521 2921 581 2976; x_wconf 69' lang='lat' dir='ltr'><strong>ix.</strong></span> <span class='ocrx_word' id='word_1_407' title='bbox 938 2917 1038 2974; x_wconf 90' lang='lat' dir='ltr'><strong>minem</strong></span> <span class='ocrx_word' id='word_1_408' title='bbox 1056 2916 1142 2976; x_wconf 73' lang='lat'><strong>888</strong></span> <span class='ocrx_word' id='word_1_409' title='bbox 1157 2923 1271 2978; x_wconf 90' lang='lat' dir='ltr'><strong>tribunal</strong></span> <span class='ocrx_word' id='word_1_410' title='bbox 1286 2923 1336 2980; x_wconf 90' lang='lat' dir='ltr'><strong>Dei</strong></span> <span class='ocrx_word' id='word_1_411' title='bbox 1350 2925 1448 2997; x_wconf 86' lang='lat' dir='ltr'><strong>exigit;</strong></span> <span class='ocrx_word' id='word_1_412' title='bbox 1469 2925 1573 2982; x_wconf 89' lang='lat' dir='ltr'><strong>salvum</strong></span> <span class='ocrx_word' id='word_1_413' title='bbox 1596 2943 1661 2985; x_wconf 89' lang='lat' dir='ltr'><strong>vero</strong></span> <span class='ocrx_word' id='word_1_414' title='bbox 1684 2927 1745 2985; x_wconf 85' lang='lat' dir='ltr'><strong>sitta</strong></span> 
     </span>
    </p>

    <p class='ocr_par' dir='ltr' id='par_1_5' title="bbox 84 3005 1741 3441">
     <span class='ocr_line' id='line_1_31' title="bbox 124 3005 1741 3100; baseline 0.004 -31"><span class='ocrx_word' id='word_1_415' title='bbox 124 3012 300 3082; x_wconf 87' lang='lat' dir='ltr'><strong>Ecoeautem,</strong></span> <span class='ocrx_word' id='word_1_416' title='bbox 311 3019 341 3066; x_wconf 89' lang='lat' dir='ltr'><strong>ut</strong></span> <span class='ocrx_word' id='word_1_417' title='bbox 352 3011 440 3066; x_wconf 90' lang='lat' dir='ltr'><strong>adhuc</strong></span> <span class='ocrx_word' id='word_1_418' title='bbox 449 3010 661 3067; x_wconf 85' lang='lat' dir='ltr'><strong>controversiam</strong></span> <span class='ocrx_word' id='word_1_419' title='bbox 674 3016 838 3085; x_wconf 80' lang='lat' dir='ltr'><strong>exaggerent</strong></span> <span class='ocrx_word' id='word_1_420' title='bbox 847 3005 883 3078; x_wconf 72' lang='lat'><strong>²⁰,</strong></span> <span class='ocrx_word' id='word_1_421' title='bbox 900 3023 922 3100; x_wconf 67' lang='lat' dir='ltr'>c</span> <span class='ocrx_word' id='word_1_422' title='bbox 936 3007 1064 3064; x_wconf 90' lang='lat' dir='ltr'><strong>membris</strong></span> <span class='ocrx_word' id='word_1_423' title='bbox 1078 3025 1133 3065; x_wconf 92' lang='lat' dir='ltr'><strong>uon</strong></span> <span class='ocrx_word' id='word_1_424' title='bbox 1158 3009 1222 3067; x_wconf 89' lang='lat' dir='ltr'><strong>licet</strong></span> <span class='ocrx_word' id='word_1_425' title='bbox 1235 3013 1260 3050; x_wconf 80' lang='lat'><strong>⁷²</strong></span> <span class='ocrx_word' id='word_1_426' title='bbox 1273 3028 1345 3083; x_wconf 89' lang='lat' dir='ltr'><strong>eum,</strong></span> <span class='ocrx_word' id='word_1_427' title='bbox 1366 3030 1399 3071; x_wconf 85' lang='lat' dir='ltr'><strong>ex</strong></span> <span class='ocrx_word' id='word_1_428' title='bbox 1413 3029 1528 3090; x_wconf 81' lang='lat' dir='ltr'><strong>quorum</strong></span> <span class='ocrx_word' id='word_1_429' title='bbox 1550 3030 1604 3072; x_wconf 91' lang='lat' dir='ltr'><strong>non</strong></span> <span class='ocrx_word' id='word_1_430' title='bbox 1629 3015 1741 3084; x_wconf 81' lang='lat' dir='ltr'><strong>ciliciis,</strong></span> 
     </span>
     <span class='ocr_line' id='line_1_32' title="bbox 85 3097 1741 3171; baseline 0.004 -14"><span class='ocrx_word' id='word_1_431' title='bbox 85 3100 163 3157; x_wconf 89' lang='lat' dir='ltr'><strong>carni</strong></span> <span class='ocrx_word' id='word_1_432' title='bbox 182 3101 298 3158; x_wconf 83' lang='lat' dir='ltr'><strong>maxime</strong></span> <span class='ocrx_word' id='word_1_433' title='bbox 321 3100 420 3170; x_wconf 86' lang='lat' dir='ltr'><strong>eidem,</strong></span> <span class='ocrx_word' id='word_1_434' title='bbox 445 3100 478 3156; x_wconf 91' lang='lat' dir='ltr'><strong>de</strong></span> <span class='ocrx_word' id='word_1_435' title='bbox 497 3099 592 3156; x_wconf 86' lang='lat' dir='ltr'><strong>oiticiis</strong></span> <span class='ocrx_word' id='word_1_436' title='bbox 612 3114 723 3171; x_wconf 86' lang='lat' dir='ltr'><strong>quoque</strong></span> <span class='ocrx_word' id='word_1_437' title='bbox 746 3097 884 3154; x_wconf 92' lang='lat' dir='ltr'><strong>membro-</strong></span> <span class='ocrx_word' id='word_1_438' title='bbox 939 3097 987 3152; x_wconf 91' lang='lat' dir='ltr'><strong>sed</strong></span> <span class='ocrx_word' id='word_1_439' title='bbox 1013 3097 1169 3154; x_wconf 86' lang='lat' dir='ltr'><strong>substantiis</strong></span> <span class='ocrx_word' id='word_1_440' title='bbox 1192 3108 1306 3156; x_wconf 90' lang='lat' dir='ltr'><strong>constat.</strong></span> <span class='ocrx_word' id='word_1_441' title='bbox 1326 3101 1384 3156; x_wconf 90' lang='lat' dir='ltr'><strong>Nisi</strong></span> <span class='ocrx_word' id='word_1_442' title='bbox 1407 3102 1485 3168; x_wconf 83' lang='lat' dir='ltr'><strong>forte,</strong></span> <span class='ocrx_word' id='word_1_443' title='bbox 1515 3112 1543 3158; x_wconf 93' lang='lat' dir='ltr'><strong>et</strong></span> <span class='ocrx_word' id='word_1_444' title='bbox 1560 3120 1657 3162; x_wconf 86' lang='lat' dir='ltr'><strong>narem</strong></span> <span class='ocrx_word' id='word_1_445' title='bbox 1679 3106 1741 3164; x_wconf 83' lang='lat' dir='ltr'><strong>sine</strong></span> 
     </span>
     <span class='ocr_line' id='line_1_33' title="bbox 84 3184 1740 3269; baseline 0.004 -23"><span class='ocrx_word' id='word_1_446' title='bbox 84 3207 148 3248; x_wconf 90' lang='lat' dir='ltr'><strong>rnm</strong></span> <span class='ocrx_word' id='word_1_447' title='bbox 160 3199 393 3267; x_wconf 86' lang='lat' dir='ltr'><strong>argumentantur,</strong></span> <span class='ocrx_word' id='word_1_448' title='bbox 408 3193 454 3245; x_wconf 85' lang='lat' dir='ltr'><strong>sut</strong></span> <span class='ocrx_word' id='word_1_449' title='bbox 471 3197 496 3245; x_wconf 89' lang='lat' dir='ltr'><strong>et</strong></span> <span class='ocrx_word' id='word_1_450' title='bbox 517 3190 578 3262; x_wconf 88' lang='lat' dir='ltr'><strong>ipsa</strong></span> <span class='ocrx_word' id='word_1_451' title='bbox 592 3188 711 3245; x_wconf 88' lang='lat' dir='ltr'><strong>dicentes</strong></span> <span class='ocrx_word' id='word_1_452' title='bbox 725 3204 885 3261; x_wconf 91' lang='lat' dir='ltr'><strong>permanere</strong></span> <span class='ocrx_word' id='word_1_453' title='bbox 937 3184 1038 3256; x_wconf 84' lang='lat' dir='ltr'><strong>carina,</strong></span> <span class='ocrx_word' id='word_1_454' title='bbox 1066 3187 1124 3241; x_wconf 91' lang='lat' dir='ltr'><strong>sine</strong></span> <span class='ocrx_word' id='word_1_455' title='bbox 1153 3203 1241 3258; x_wconf 90' lang='lat' dir='ltr'><strong>prora,</strong></span> <span class='ocrx_word' id='word_1_456' title='bbox 1272 3190 1330 3245; x_wconf 89' lang='lat' dir='ltr'><strong>sine</strong></span> <span class='ocrx_word' id='word_1_457' title='bbox 1357 3191 1455 3263; x_wconf 91' lang='lat' dir='ltr'><strong>puppi,</strong></span> <span class='ocrx_word' id='word_1_458' title='bbox 1481 3191 1541 3247; x_wconf 89' lang='lat' dir='ltr'><strong>sine</strong></span> <span class='ocrx_word' id='word_1_459' title='bbox 1568 3195 1740 3269; x_wconf 82' lang='lat' dir='ltr'><strong>compaginis</strong></span> 
     </span>
     <span class='ocr_line' id='line_1_34' title="bbox 85 3274 1737 3352; baseline 0.004 -18"><span class='ocrx_word' id='word_1_460' title='bbox 85 3279 187 3336; x_wconf 90' lang='lat' dir='ltr'><strong>debere</strong></span> <span class='ocrx_word' id='word_1_461' title='bbox 201 3281 228 3336; x_wconf 94' lang='lat' dir='ltr'><strong>in</strong></span> <span class='ocrx_word' id='word_1_462' title='bbox 251 3281 308 3336; x_wconf 90' lang='lat' dir='ltr'><strong>suis</strong></span> <span class='ocrx_word' id='word_1_463' title='bbox 330 3280 456 3352; x_wconf 86' lang='lat' dir='ltr'><strong>operibus</strong></span> <span class='ocrx_word' id='word_1_464' title='bbox 471 3289 498 3333; x_wconf 92' lang='lat' dir='ltr'><strong>et</strong></span> <span class='ocrx_word' id='word_1_465' title='bbox 512 3277 656 3346; x_wconf 84' lang='lat' dir='ltr'><strong>fructibus,</strong></span> <span class='ocrx_word' id='word_1_466' title='bbox 675 3277 808 3333; x_wconf 88' lang='lat' dir='ltr'><strong>uteidem</strong></span> <span class='ocrx_word' id='word_1_467' title='bbox 822 3291 885 3334; x_wconf 92' lang='lat' dir='ltr'><strong>cor·</strong></span> <span class='ocrx_word' id='word_1_468' title='bbox 939 3274 1021 3330; x_wconf 90' lang='lat' dir='ltr'><strong>totius</strong></span> <span class='ocrx_word' id='word_1_469' title='bbox 1043 3274 1229 3333; x_wconf 87' lang='lat' dir='ltr'><strong>incolumitate</strong></span> <span class='ocrx_word' id='word_1_470' title='bbox 1252 3278 1353 3335; x_wconf 84' lang='lat' dir='ltr'><strong>salsam</strong></span> <span class='ocrx_word' id='word_1_471' title='bbox 1377 3279 1562 3338; x_wconf 83' lang='lat' dir='ltr'><strong>adseverabis.</strong></span> <span class='ocrx_word' id='word_1_472' title='bbox 1589 3282 1623 3338; x_wconf 90' lang='lat' dir='ltr'><strong>Et</strong></span> <span class='ocrx_word' id='word_1_473' title='bbox 1647 3292 1737 3341; x_wconf 85' lang='lat' dir='ltr'><strong>tamen</strong></span> 
     </span>
     <span class='ocr_line' id='line_1_35' title="bbox 85 3363 1739 3441; baseline 0.002 -17"><span class='ocrx_word' id='word_1_474' title='bbox 85 3369 214 3441; x_wconf 83' lang='lat' dir='ltr'><strong>pulentiae</strong></span> <span class='ocrx_word' id='word_1_475' title='bbox 240 3369 390 3440; x_wconf 82' lang='lat' dir='ltr'><strong>adscripta3</strong></span> <span class='ocrx_word' id='word_1_476' title='bbox 420 3375 484 3433; x_wconf 90' lang='lat' dir='ltr'><strong>aut,</strong></span> <span class='ocrx_word' id='word_1_477' title='bbox 513 3367 576 3438; x_wconf 88' lang='lat' dir='ltr'><strong>quia</strong></span> <span class='ocrx_word' id='word_1_478' title='bbox 602 3373 708 3424; x_wconf 91' lang='lat' dir='ltr'><strong>constet</strong></span> <span class='ocrx_word' id='word_1_479' title='bbox 734 3366 886 3422; x_wconf 88' lang='lat' dir='ltr'><strong>discessura</strong></span> <span class='ocrx_word' id='word_1_480' title='bbox 939 3379 1033 3419; x_wconf 86' lang='lat' dir='ltr'><strong>narem</strong></span> <span class='ocrx_word' id='word_1_481' title='bbox 1057 3363 1173 3435; x_wconf 88' lang='lat' dir='ltr'><strong>procella</strong></span> <span class='ocrx_word' id='word_1_482' title='bbox 1193 3365 1349 3438; x_wconf 87' lang='lat' dir='ltr'><strong>dissipatam</strong></span> <span class='ocrx_word' id='word_1_483' title='bbox 1374 3367 1432 3440; x_wconf 86' lang='grc'>(58)</span> <span class='ocrx_word' id='word_1_484' title='bbox 1455 3367 1499 3425; x_wconf 89' lang='lat' dir='ltr'><strong>rel</strong></span> <span class='ocrx_word' id='word_1_485' title='bbox 1520 3368 1595 3425; x_wconf 87' lang='lat' dir='ltr'><strong>carie</strong></span> <span class='ocrx_word' id='word_1_486' title='bbox 1618 3370 1739 3428; x_wconf 88' lang='lat' dir='ltr'><strong>dissolu·</strong></span> 
     </span>
    </p>

    <p class='ocr_par' dir='ltr' id='par_1_6' title="bbox 767 3464 1043 3528">
     <span class='ocr_line' id='line_1_36' title="bbox 767 3464 1043 3528; baseline -0.004 -3"><span class='ocrx_word' id='word_1_487' title='bbox 767 3464 864 3528; x_wconf 76' lang='lat' dir='ltr'><strong>Varia</strong></span> <span class='ocrx_word' id='word_1_488' title='bbox 886 3466 1043 3527; x_wconf 89' lang='lat' dir='ltr'><strong>lectiones.</strong></span> 
     </span>
    </p>

    <p class='ocr_par' dir='ltr' id='par_1_7' title="bbox 87 3543 1739 3693">
     <span class='ocr_line' id='line_1_37' title="bbox 122 3543 1739 3656; baseline 0.003 -53"><span class='ocrx_word' id='word_1_489' title='bbox 122 3547 190 3588; x_wconf 63' lang='grc' dir='ltr'><strong>Μ’(</strong></span> <span class='ocrx_word' id='word_1_490' title='bbox 231 3547 281 3605; x_wconf 84' lang='lat' dir='ltr'><strong>Dei</strong></span> <span class='ocrx_word' id='word_1_491' title='bbox 309 3552 389 3605; x_wconf 83' lang='lat' dir='ltr'><strong>Pom.</strong></span> <span class='ocrx_word' id='word_1_492' title='bbox 416 3551 502 3606; x_wconf 73' lang='lat' dir='ltr'><strong>ibon.</strong></span> <span class='ocrx_word' id='word_1_493' title='bbox 532 3549 591 3656; x_wconf 55' lang='lat' dir='ltr'><strong>RR&#39;</strong></span> <span class='ocrx_word' id='word_1_494' title='bbox 628 3547 719 3604; x_wconf 80' lang='lat' dir='ltr'><strong>Veraci.</strong></span> <span class='ocrx_word' id='word_1_495' title='bbox 748 3545 773 3584; x_wconf 77' lang='lat'><strong>⁶³</strong></span> <span class='ocrx_word' id='word_1_496' title='bbox 806 3544 945 3600; x_wconf 82' lang='lat' dir='ltr'><strong>Incumbet</strong></span> <span class='ocrx_word' id='word_1_497' title='bbox 976 3543 1063 3600; x_wconf 80' lang='lat' dir='ltr'><strong>ttbm.</strong></span> <span class='ocrx_word' id='word_1_498' title='bbox 1100 3546 1185 3603; x_wconf 83' lang='lat' dir='ltr'><strong>Semi.</strong></span> <span class='ocrx_word' id='word_1_499' title='bbox 1215 3547 1240 3586; x_wconf 76' lang='lat'><strong>⁶⁹</strong></span> <span class='ocrx_word' id='word_1_500' title='bbox 1266 3544 1375 3602; x_wconf 85' lang='lat' dir='ltr'><strong>Eiiulsit</strong></span> <span class='ocrx_word' id='word_1_501' title='bbox 1406 3549 1488 3602; x_wconf 85' lang='lat' dir='ltr'><strong>Pam.</strong></span> <span class='ocrx_word' id='word_1_502' title='bbox 1516 3549 1603 3606; x_wconf 80' lang='lat' dir='ltr'><strong>Fran.</strong></span> <span class='ocrx_word' id='word_1_503' title='bbox 1645 3554 1739 3614; x_wconf 78' lang='lat' dir='ltr'><strong>Paris.</strong></span> 
     </span>
     <span class='ocr_line' id='line_1_38' title="bbox 87 3615 1738 3693; baseline 0.004 -18"><span class='ocrx_word' id='word_1_504' title='bbox 87 3620 113 3658; x_wconf 74' lang='lat'><strong>¹⁰</strong></span> <span class='ocrx_word' id='word_1_505' title='bbox 134 3621 310 3693; x_wconf 84' lang='lat' dir='ltr'><strong>Exaggerant</strong></span> <span class='ocrx_word' id='word_1_506' title='bbox 330 3620 418 3678; x_wconf 79' lang='lat' dir='ltr'><strong>libers.</strong></span> <span class='ocrx_word' id='word_1_507' title='bbox 446 3619 532 3677; x_wconf 81' lang='lat' dir='ltr'><strong>Semi.</strong></span> <span class='ocrx_word' id='word_1_508' title='bbox 571 3617 752 3674; x_wconf 85' lang='lat' dir='ltr'><strong>lDecessuro</strong></span> <span class='ocrx_word' id='word_1_509' title='bbox 775 3617 838 3688; x_wconf 75' lang='lat' dir='ltr'><strong>Rip.</strong></span> <span class='ocrx_word' id='word_1_510' title='bbox 863 3615 958 3676; x_wconf 77' lang='lat' dir='ltr'><strong>Veraci.</strong></span> <span class='ocrx_word' id='word_1_511' title='bbox 981 3615 1134 3674; x_wconf 68' lang='lat' dir='ltr'><strong>decenum</strong></span> <span class='ocrx_word' id='word_1_512' title='bbox 1157 3617 1244 3677; x_wconf 78' lang='lat' dir='ltr'><strong>uben.</strong></span> <span class='ocrx_word' id='word_1_513' title='bbox 1271 3618 1358 3675; x_wconf 86' lang='lat' dir='ltr'><strong>semt.</strong></span> <span class='ocrx_word' id='word_1_514' title='bbox 1392 3617 1417 3656; x_wconf 72' lang='lat'><strong>³²</strong></span> <span class='ocrx_word' id='word_1_515' title='bbox 1438 3617 1534 3692; x_wconf 88' lang='lat' dir='ltr'><strong>Liquet</strong></span> <span class='ocrx_word' id='word_1_516' title='bbox 1554 3621 1613 3679; x_wconf 83' lang='lat' dir='ltr'><strong>cod.</strong></span> <span class='ocrx_word' id='word_1_517' title='bbox 1634 3624 1738 3686; x_wconf 86' lang='lat' dir='ltr'><strong>Wocw.</strong></span> 
     </span>
    </p>
   </div>
   <div class='ocr_carea' id='block_1_5' title="bbox 86 3691 1043 3823">
    <p class='ocr_par' dir='ltr' id='par_1_8' title="bbox 86 3691 1043 3823">
     <span class='ocr_line' id='line_1_39' title="bbox 86 3691 261 3762; baseline -0.011 -14"><span class='ocrx_word' id='word_1_518' title='bbox 86 3691 149 3762; x_wconf 68' lang='lat' dir='ltr'><strong>usq.</strong></span> <span class='ocrx_word' id='word_1_519' title='bbox 168 3692 261 3750; x_wconf 75' lang='lat' dir='ltr'><strong>rems.</strong></span> 
     </span>
     <span class='ocr_line' id='line_1_40' title="bbox 793 3759 1043 3823; baseline -0.012 0"><span class='ocrx_word' id='word_1_520' title='bbox 793 3759 1043 3823; x_wconf 84' lang='lat' dir='ltr'><strong>Commentarius.</strong></span> 
     </span>
    </p>
   </div>
   <div class='ocr_carea' id='block_1_6' title="bbox 82 3857 1740 4361">
    <p class='ocr_par' dir='ltr' id='par_1_9' title="bbox 82 3857 1740 4361">
     <span class='ocr_line' id='line_1_41' title="bbox 127 3857 1737 3934; baseline 0.002 -20"><span class='ocrx_word' id='word_1_521' title='bbox 127 3860 184 3931; x_wconf 80' lang='grc'>(55)</span> <span class='ocrx_word' id='word_1_522' title='bbox 194 3863 248 3934; x_wconf 77' lang='lat' dir='ltr'><strong>Epo</strong></span> <span class='ocrx_word' id='word_1_523' title='bbox 258 3877 303 3916; x_wconf 90' lang='lat' dir='ltr'><strong>me</strong></span> <span class='ocrx_word' id='word_1_524' title='bbox 315 3859 474 3931; x_wconf 80' lang='lat' dir='ltr'><strong>scioneqae</strong></span> <span class='ocrx_word' id='word_1_525' title='bbox 488 3859 548 3915; x_wconf 86' lang='lat' dir='ltr'><strong>clia</strong></span> <span class='ocrx_word' id='word_1_526' title='bbox 561 3874 647 3914; x_wconf 85' lang='lat' dir='ltr'><strong>came</strong></span> <span class='ocrx_word' id='word_1_527' title='bbox 660 3859 805 3915; x_wconf 79' lang='lat' dir='ltr'><strong>adulterio</strong></span> <span class='ocrx_word' id='word_1_528' title='bbox 817 3874 890 3917; x_wconf 84' lang='lat' dir='ltr'><strong>coos·</strong></span> <span class='ocrx_word' id='word_1_529' title='bbox 941 3857 1047 3923; x_wconf 88' lang='lat' dir='ltr'><strong>ecoelo,</strong></span> <span class='ocrx_word' id='word_1_530' title='bbox 1064 3858 1225 3916; x_wconf 89' lang='lat' dir='ltr'><strong>autmundo</strong></span> <span class='ocrx_word' id='word_1_531' title='bbox 1247 3867 1347 3930; x_wconf 80' lang='lat' dir='ltr'><strong>praeter</strong></span> <span class='ocrx_word' id='word_1_532' title='bbox 1369 3857 1469 3916; x_wconf 86' lang='lat' dir='ltr'><strong>Oceani</strong></span> <span class='ocrx_word' id='word_1_533' title='bbox 1491 3859 1632 3929; x_wconf 92' lang='lat' dir='ltr'><strong>terminos,</strong></span> <span class='ocrx_word' id='word_1_534' title='bbox 1649 3866 1737 3923; x_wconf 75' lang='lat' dir='ltr'><strong>traxit.</strong></span> 
     </span>
     <span class='ocr_line' id='line_1_42' title="bbox 86 3927 1045 4000; baseline -0.001 -14"><span class='ocrx_word' id='word_1_535' title='bbox 86 3933 208 3995; x_wconf 79' lang='lat' dir='ltr'><strong>misisse,</strong></span> <span class='ocrx_word' id='word_1_536' title='bbox 224 3939 278 3988; x_wconf 90' lang='lat' dir='ltr'><strong>etc.</strong></span> <span class='ocrx_word' id='word_1_537' title='bbox 295 3930 325 3985; x_wconf 91' lang='lat' dir='ltr'><strong>Si</strong></span> <span class='ocrx_word' id='word_1_538' title='bbox 348 3930 382 3985; x_wconf 91' lang='lat' dir='ltr'><strong>de</strong></span> <span class='ocrx_word' id='word_1_539' title='bbox 403 3946 433 3984; x_wconf 92' lang='lat' dir='ltr'><strong>se</strong></span> <span class='ocrx_word' id='word_1_540' title='bbox 457 3929 582 4000; x_wconf 85' lang='lat' dir='ltr'><strong>loquatur</strong></span> <span class='ocrx_word' id='word_1_541' title='bbox 604 3929 717 4000; x_wconf 78' lang='lat' dir='ltr'><strong>Auctor,</strong></span> <span class='ocrx_word' id='word_1_542' title='bbox 733 3929 842 3988; x_wconf 89' lang='lat' dir='ltr'><strong>ridetur</strong></span> <span class='ocrx_word' id='word_1_543' title='bbox 861 3929 888 3985; x_wconf 93' lang='lat' dir='ltr'><strong>in</strong></span> <span class='ocrx_word' id='word_1_544' title='bbox 941 3927 980 3983; x_wconf 82' lang='lat' dir='ltr'><strong>La</strong></span> <span class='ocrx_word' id='word_1_545' title='bbox 995 3928 1045 3986; x_wconf 83' lang='lat' dir='ltr'><strong>Pa.</strong></span> 
     </span>
     <span class='ocr_line' id='line_1_43' title="bbox 82 3999 1739 4076; baseline 0.004 -18"><span class='ocrx_word' id='word_1_546' title='bbox 82 4003 229 4072; x_wconf 77' lang='lat' dir='ltr'><strong>iuventute</strong></span> <span class='ocrx_word' id='word_1_547' title='bbox 250 4018 299 4057; x_wconf 86' lang='lat' dir='ltr'><strong>sua</strong></span> <span class='ocrx_word' id='word_1_548' title='bbox 321 4010 382 4056; x_wconf 90' lang='lat' dir='ltr'><strong>ante</strong></span> <span class='ocrx_word' id='word_1_549' title='bbox 404 3999 607 4056; x_wconf 88' lang='lat' dir='ltr'><strong>matrimonium</strong></span> <span class='ocrx_word' id='word_1_550' title='bbox 629 4000 819 4057; x_wconf 81' lang='lat' dir='ltr'><strong>continentiam</strong></span> <span class='ocrx_word' id='word_1_551' title='bbox 832 4015 888 4054; x_wconf 92' lang='lat' dir='ltr'><strong>non</strong></span> <span class='ocrx_word' id='word_1_552' title='bbox 977 4000 1035 4071; x_wconf 79' lang='grc'>(55)</span> <span class='ocrx_word' id='word_1_553' title='bbox 1060 4001 1221 4076; x_wconf 79' lang='lat' dir='ltr'><strong>Compitum</strong></span> <span class='ocrx_word' id='word_1_554' title='bbox 1244 4001 1393 4060; x_wconf 73' lang='lat' dir='ltr'><strong>stomachi.</strong></span> <span class='ocrx_word' id='word_1_555' title='bbox 1435 4002 1590 4074; x_wconf 88' lang='lat' dir='ltr'><strong>Compitum</strong></span> <span class='ocrx_word' id='word_1_556' title='bbox 1607 4007 1739 4064; x_wconf 84' lang='lat' dir='ltr'><strong>stomachi</strong></span> 
     </span>
     <span class='ocr_line' id='line_1_44' title="bbox 85 4070 1739 4198; baseline -0.001 -69"><span class='ocrx_word' id='word_1_557' title='bbox 85 4089 214 4131; x_wconf 87' lang='lat' dir='ltr'><strong>servasse</strong></span> <span class='ocrx_word' id='word_1_558' title='bbox 235 4091 241 4131; x_wconf 83' lang='lat' dir='ltr'>z</span> <span class='ocrx_word' id='word_1_559' title='bbox 263 4073 312 4128; x_wconf 91' lang='lat' dir='ltr'><strong>sed</strong></span> <span class='ocrx_word' id='word_1_560' title='bbox 336 4087 397 4128; x_wconf 92' lang='lat' dir='ltr'><strong>cum</strong></span> <span class='ocrx_word' id='word_1_561' title='bbox 421 4072 450 4126; x_wconf 92' lang='lat' dir='ltr'><strong>in</strong></span> <span class='ocrx_word' id='word_1_562' title='bbox 475 4071 533 4141; x_wconf 89' lang='lat' dir='ltr'><strong>ipso</strong></span> <span class='ocrx_word' id='word_1_563' title='bbox 556 4071 727 4127; x_wconf 88' lang='lat' dir='ltr'><strong>matrimonio</strong></span> <span class='ocrx_word' id='word_1_564' title='bbox 751 4070 889 4126; x_wconf 88' lang='lat' dir='ltr'><strong>continen-</strong></span> <span class='ocrx_word' id='word_1_565' title='bbox 944 4081 1022 4124; x_wconf 86' lang='lat' dir='ltr'><strong>vocat</strong></span> <span class='ocrx_word' id='word_1_566' title='bbox 1040 4074 1267 4150; x_wconf 33' lang='lat' dir='ltr'><strong>&#39;corruenticulum</strong></span> <span class='ocrx_word' id='word_1_567' title='bbox 1316 4082 1342 4129; x_wconf 90' lang='lat' dir='ltr'><strong>et</strong></span> <span class='ocrx_word' id='word_1_568' title='bbox 1374 4074 1588 4198; x_wconf 62' lang='lat' dir='ltr'><strong>receptaculum</strong></span> <span class='ocrx_word' id='word_1_569' title='bbox 1617 4079 1690 4147; x_wconf 79' lang='lat' dir='ltr'><strong>quod</strong></span> <span class='ocrx_word' id='word_1_570' title='bbox 1712 4080 1739 4135; x_wconf 80' lang='lat' dir='ltr'><strong>in</strong></span> 
     </span>
     <span class='ocr_line' id='line_1_45' title="bbox 84 4140 1740 4217; baseline 0.002 -18"><span class='ocrx_word' id='word_1_571' title='bbox 84 4153 140 4199; x_wconf 89' lang='lat' dir='ltr'><strong>tem</strong></span> <span class='ocrx_word' id='word_1_572' title='bbox 164 4143 250 4200; x_wconf 85' lang='lat' dir='ltr'><strong>luisse</strong></span> <span class='ocrx_word' id='word_1_573' title='bbox 269 4142 530 4200; x_wconf 85' lang='lat' dir='ltr'><strong>subindicarerimus</strong></span> <span class='ocrx_word' id='word_1_574' title='bbox 546 4158 637 4212; x_wconf 86' lang='lat' dir='ltr'><strong>supra,</strong></span> <span class='ocrx_word' id='word_1_575' title='bbox 653 4141 703 4197; x_wconf 91' lang='lat' dir='ltr'><strong>lib.</strong></span> <span class='ocrx_word' id='word_1_576' title='bbox 726 4158 745 4210; x_wconf 90' lang='lat' dir='ltr'><strong>r,</strong></span> <span class='ocrx_word' id='word_1_577' title='bbox 762 4142 798 4196; x_wconf 90' lang='lat' dir='ltr'><strong>ad</strong></span> <span class='ocrx_word' id='word_1_578' title='bbox 819 4144 888 4200; x_wconf 82' lang='lat' dir='ltr'><strong>ilco-</strong></span> <span class='ocrx_word' id='word_1_579' title='bbox 942 4140 994 4196; x_wconf 89' lang='lat' dir='ltr'><strong>hoc</strong></span> <span class='ocrx_word' id='word_1_580' title='bbox 1021 4142 1428 4214; x_wconf 83' lang='lat' dir='ltr'><strong>videlicetconveniatquidqui</strong></span> <span class='ocrx_word' id='word_1_581' title='bbox 1468 4144 1618 4201; x_wconf 90' lang='lat' dir='ltr'><strong>eduliorum</strong></span> <span class='ocrx_word' id='word_1_582' title='bbox 1642 4165 1690 4217; x_wconf 89' lang='lat' dir='ltr'><strong>per</strong></span> <span class='ocrx_word' id='word_1_583' title='bbox 1707 4164 1740 4205; x_wconf 90' lang='lat' dir='ltr'><strong>os</strong></span> 
     </span>
     <span class='ocr_line' id='line_1_46' title="bbox 84 4208 1738 4289; baseline 0 -18"><span class='ocrx_word' id='word_1_584' title='bbox 84 4232 171 4283; x_wconf 68' lang='lat' dir='ltr'><strong>rem„</strong></span> <span class='ocrx_word' id='word_1_585' title='bbox 182 4222 210 4270; x_wconf 90' lang='lat' dir='ltr'><strong>ct</strong></span> <span class='ocrx_word' id='word_1_586' title='bbox 234 4230 318 4286; x_wconf 84' lang='lat' dir='ltr'><strong>usque</strong></span> <span class='ocrx_word' id='word_1_587' title='bbox 339 4214 406 4269; x_wconf 92' lang='lat' dir='ltr'><strong>adeo</strong></span> <span class='ocrx_word' id='word_1_588' title='bbox 427 4212 600 4270; x_wconf 75' lang='lat' dir='ltr'><strong>continentie</strong></span> <span class='ocrx_word' id='word_1_589' title='bbox 623 4220 725 4267; x_wconf 91' lang='lat' dir='ltr'><strong>amator</strong></span> <span class='ocrx_word' id='word_1_590' title='bbox 747 4210 836 4277; x_wconf 85' lang='lat' dir='ltr'><strong>inerit,</strong></span> <span class='ocrx_word' id='word_1_591' title='bbox 859 4217 889 4268; x_wconf 87' lang='lat' dir='ltr'><strong>nt</strong></span> <span class='ocrx_word' id='word_1_592' title='bbox 941 4208 1101 4267; x_wconf 89' lang='lat' dir='ltr'><strong>immittitur.</strong></span> <span class='ocrx_word' id='word_1_593' title='bbox 1118 4212 1230 4283; x_wconf 87' lang='lat' dir='ltr'><strong>Sumpta</strong></span> <span class='ocrx_word' id='word_1_594' title='bbox 1244 4223 1284 4268; x_wconf 91' lang='lat' dir='ltr'><strong>est</strong></span> <span class='ocrx_word' id='word_1_595' title='bbox 1300 4215 1454 4285; x_wconf 87' lang='lat' dir='ltr'><strong>metaphora</strong></span> <span class='ocrx_word' id='word_1_596' title='bbox 1467 4214 1502 4268; x_wconf 89' lang='lat' dir='ltr'><strong>ab</strong></span> <span class='ocrx_word' id='word_1_597' title='bbox 1517 4214 1550 4269; x_wconf 92' lang='lat' dir='ltr'><strong>iis</strong></span> <span class='ocrx_word' id='word_1_598' title='bbox 1564 4214 1614 4272; x_wconf 89' lang='lat' dir='ltr'><strong>viis</strong></span> <span class='ocrx_word' id='word_1_599' title='bbox 1630 4231 1738 4289; x_wconf 88' lang='lat' dir='ltr'><strong>compe.</strong></span> 
     </span>
     <span class='ocr_line' id='line_1_47' title="bbox 85 4280 1737 4361; baseline 0.003 -22"><span class='ocrx_word' id='word_1_600' title='bbox 85 4302 117 4342; x_wconf 84' lang='lat' dir='ltr'><strong>ea</strong></span> <span class='ocrx_word' id='word_1_601' title='bbox 154 4286 296 4342; x_wconf 86' lang='lat' dir='ltr'><strong>occasione</strong></span> <span class='ocrx_word' id='word_1_602' title='bbox 318 4285 443 4342; x_wconf 87' lang='lat' dir='ltr'><strong>liontauo</strong></span> <span class='ocrx_word' id='word_1_603' title='bbox 471 4292 564 4355; x_wconf 90' lang='lat' dir='ltr'><strong>postea</strong></span> <span class='ocrx_word' id='word_1_604' title='bbox 596 4283 749 4349; x_wconf 75' lang='lat' dir='ltr'><strong>adheserit,</strong></span> <span class='ocrx_word' id='word_1_605' title='bbox 784 4281 889 4337; x_wconf 89' lang='lat' dir='ltr'><strong>ridetur</strong></span> <span class='ocrx_word' id='word_1_606' title='bbox 941 4280 1060 4335; x_wconf 87' lang='lat' dir='ltr'><strong>tentibus</strong></span> <span class='ocrx_word' id='word_1_607' title='bbox 1091 4298 1123 4338; x_wconf 92' lang='lat' dir='ltr'><strong>ac</strong></span> <span class='ocrx_word' id='word_1_608' title='bbox 1153 4282 1391 4349; x_wconf 72' lang='lat' dir='ltr'><strong>conuenientibus,-</strong></span> <span class='ocrx_word' id='word_1_609' title='bbox 1413 4299 1476 4340; x_wconf 89' lang='lat' dir='ltr'><strong>nam</strong></span> <span class='ocrx_word' id='word_1_610' title='bbox 1499 4284 1563 4339; x_wconf 90' lang='lat' dir='ltr'><strong>hinc</strong></span> <span class='ocrx_word' id='word_1_611' title='bbox 1581 4290 1737 4361; x_wconf 79' lang='lat' dir='ltr'><strong>compitum</strong></span> 
     </span>
    </p>
   </div>
   <div class='ocr_carea' id='block_1_7' title="bbox 84 4351 1376 4483">
    <p class='ocr_par' dir='ltr' id='par_1_10' title="bbox 84 4351 1376 4483">
     <span class='ocr_line' id='line_1_48' title="bbox 84 4351 1376 4483; baseline -0.003 -71"><span class='ocrx_word' id='word_1_612' title='bbox 84 4356 176 4428; x_wconf 89' lang='lat' dir='ltr'><strong>potius</strong></span> <span class='ocrx_word' id='word_1_613' title='bbox 194 4357 223 4412; x_wconf 93' lang='lat' dir='ltr'><strong>in</strong></span> <span class='ocrx_word' id='word_1_614' title='bbox 243 4373 347 4483; x_wconf 55' lang='lat' dir='ltr'><strong>genere</strong></span> <span class='ocrx_word' id='word_1_615' title='bbox 370 4355 443 4427; x_wconf 88' lang='lat' dir='ltr'><strong>loqui</strong></span> <span class='ocrx_word' id='word_1_616' title='bbox 465 4357 500 4410; x_wconf 91' lang='lat' dir='ltr'><strong>de</strong></span> <span class='ocrx_word' id='word_1_617' title='bbox 517 4355 614 4429; x_wconf 88' lang='lat' dir='ltr'><strong>quovis</strong></span> <span class='ocrx_word' id='word_1_618' title='bbox 634 4353 743 4411; x_wconf 89' lang='lat' dir='ltr'><strong>homine</strong></span> <span class='ocrx_word' id='word_1_619' title='bbox 764 4353 816 4408; x_wconf 89' lang='lat' dir='ltr'><strong>snb</strong></span> <span class='ocrx_word' id='word_1_620' title='bbox 829 4368 891 4425; x_wconf 83' lang='lat' dir='ltr'><strong>per·</strong></span> <span class='ocrx_word' id='word_1_621' title='bbox 941 4351 1267 4409; x_wconf 85' lang='lat' dir='ltr'><strong>deducuntGrsmmatici.</strong></span> <span class='ocrx_word' id='word_1_622' title='bbox 1281 4354 1376 4409; x_wconf 79' lang='lat' dir='ltr'><strong>linum.</strong></span> 
     </span>
    </p>
   </div>
   <div class='ocr_carea' id='block_1_8' title="bbox 70 4423 1739 5641">
    <p class='ocr_par' dir='ltr' id='par_1_11' title="bbox 70 4423 1739 5641">
     <span class='ocr_line' id='line_1_49' title="bbox 84 4423 1739 4497; baseline 0.007 -20"><span class='ocrx_word' id='word_1_623' title='bbox 84 4443 155 4484; x_wconf 79' lang='lat' dir='ltr'><strong>sona</strong></span> <span class='ocrx_word' id='word_1_624' title='bbox 171 4445 230 4484; x_wconf 80' lang='lat' dir='ltr'><strong>sua.</strong></span> <span class='ocrx_word' id='word_1_625' title='bbox 263 4444 314 4486; x_wconf 69' lang='lat' dir='ltr'><strong>in.</strong></span> <span class='ocrx_word' id='word_1_626' title='bbox 976 4423 1036 4495; x_wconf 83' lang='grc'>(57)</span> <span class='ocrx_word' id='word_1_627' title='bbox 1051 4424 1104 4481; x_wconf 88' lang='lat' dir='ltr'><strong>Sed</strong></span> <span class='ocrx_word' id='word_1_628' title='bbox 1126 4425 1233 4495; x_wconf 81' lang='lat' dir='ltr'><strong>judicis</strong></span> <span class='ocrx_word' id='word_1_629' title='bbox 1256 4425 1431 4482; x_wconf 81' lang='lat' dir='ltr'><strong>retinentur.</strong></span> <span class='ocrx_word' id='word_1_630' title='bbox 1459 4425 1614 4497; x_wconf 82' lang='lat' dir='ltr'><strong>Saepissime</strong></span> <span class='ocrx_word' id='word_1_631' title='bbox 1646 4431 1739 4489; x_wconf 88' lang='lat' dir='ltr'><strong>nititur</strong></span> 
     </span>
     <span class='ocr_line' id='line_1_50' title="bbox 121 4494 1738 4626; baseline 0.001 -71"><span class='ocrx_word' id='word_1_632' title='bbox 121 4499 181 4626; x_wconf 50' lang='grc'>(55)</span> <span class='ocrx_word' id='word_1_633' title='bbox 195 4501 248 4558; x_wconf 83' lang='lat' dir='ltr'><strong>Sed</strong></span> <span class='ocrx_word' id='word_1_634' title='bbox 263 4505 294 4558; x_wconf 86' lang='lat' dir='ltr'><strong>et</strong></span> <span class='ocrx_word' id='word_1_635' title='bbox 315 4499 443 4556; x_wconf 82' lang='lat' dir='ltr'><strong>Christus</strong></span> <span class='ocrx_word' id='word_1_636' title='bbox 461 4498 543 4553; x_wconf 83' lang='lat' dir='ltr'><strong>intro</strong></span> <span class='ocrx_word' id='word_1_637' title='bbox 564 4512 712 4577; x_wconf 76' lang='lat' dir='ltr'><strong>occanum,</strong></span> <span class='ocrx_word' id='word_1_638' title='bbox 731 4496 761 4552; x_wconf 81' lang='lat' dir='ltr'><strong>ct</strong></span> <span class='ocrx_word' id='word_1_639' title='bbox 778 4494 813 4550; x_wconf 86' lang='lat' dir='ltr'><strong>de</strong></span> <span class='ocrx_word' id='word_1_640' title='bbox 829 4495 885 4552; x_wconf 83' lang='lat' dir='ltr'><strong>isto</strong></span> <span class='ocrx_word' id='word_1_641' title='bbox 900 4509 924 4587; x_wconf 67' lang='grc' dir='ltr'><strong>υ</strong></span> <span class='ocrx_word' id='word_1_642' title='bbox 940 4498 1040 4551; x_wconf 77' lang='lat' dir='ltr'><strong>hoctor</strong></span> <span class='ocrx_word' id='word_1_643' title='bbox 1067 4497 1116 4552; x_wconf 89' lang='lat' dir='ltr'><strong>hac</strong></span> <span class='ocrx_word' id='word_1_644' title='bbox 1142 4495 1247 4551; x_wconf 89' lang='lat' dir='ltr'><strong>ratione</strong></span> <span class='ocrx_word' id='word_1_645' title='bbox 1265 4495 1300 4550; x_wconf 87' lang='lat' dir='ltr'><strong>ad</strong></span> <span class='ocrx_word' id='word_1_646' title='bbox 1314 4494 1475 4551; x_wconf 82' lang='lat' dir='ltr'><strong>fulciendam</strong></span> <span class='ocrx_word' id='word_1_647' title='bbox 1503 4498 1738 4576; x_wconf 83' lang='lat' dir='ltr'><strong>resurrectionem,</strong></span> 
     </span>
     <span class='ocr_line' id='line_1_51' title="bbox 84 4565 1737 4652; baseline 0.002 -27"><span class='ocrx_word' id='word_1_648' title='bbox 84 4587 126 4626; x_wconf 87' lang='lat' dir='ltr'><strong>coe</strong></span> <span class='ocrx_word' id='word_1_649' title='bbox 168 4569 241 4652; x_wconf 79' lang='lat' dir='ltr'><strong>pnod</strong></span> <span class='ocrx_word' id='word_1_650' title='bbox 252 4571 331 4628; x_wconf 76' lang='lat' dir='ltr'><strong>noim</strong></span> <span class='ocrx_word' id='word_1_651' title='bbox 350 4569 477 4626; x_wconf 79' lang='lat' dir='ltr'><strong>incubat.</strong></span> <span class='ocrx_word' id='word_1_652' title='bbox 494 4568 550 4623; x_wconf 86' lang='lat' dir='ltr'><strong>Hoc</strong></span> <span class='ocrx_word' id='word_1_653' title='bbox 568 4568 645 4623; x_wconf 90' lang='lat' dir='ltr'><strong>etiam</strong></span> <span class='ocrx_word' id='word_1_654' title='bbox 660 4565 813 4623; x_wconf 85' lang='lat' dir='ltr'><strong>delirabant</strong></span> <span class='ocrx_word' id='word_1_655' title='bbox 828 4565 885 4647; x_wconf 76' lang='lat' dir='ltr'><strong>Va-</strong></span> <span class='ocrx_word' id='word_1_656' title='bbox 943 4567 1076 4639; x_wconf 82' lang='lat' dir='ltr'><strong>praecipue</strong></span> <span class='ocrx_word' id='word_1_657' title='bbox 1099 4584 1158 4649; x_wconf 86' lang='lat' dir='ltr'><strong>cap.</strong></span> <span class='ocrx_word' id='word_1_658' title='bbox 1185 4568 1234 4634; x_wconf 84' lang='lat' dir='ltr'><strong>rt;</strong></span> <span class='ocrx_word' id='word_1_659' title='bbox 1253 4566 1297 4623; x_wconf 92' lang='lat' dir='ltr'><strong>cui</strong></span> <span class='ocrx_word' id='word_1_660' title='bbox 1321 4567 1382 4622; x_wconf 91' lang='lat' dir='ltr'><strong>licet</strong></span> <span class='ocrx_word' id='word_1_661' title='bbox 1404 4568 1548 4638; x_wconf 89' lang='lat' dir='ltr'><strong>plurimum</strong></span> <span class='ocrx_word' id='word_1_662' title='bbox 1577 4568 1661 4626; x_wconf 85' lang='lat' dir='ltr'><strong>fidant</strong></span> <span class='ocrx_word' id='word_1_663' title='bbox 1684 4572 1737 4630; x_wconf 87' lang='lat' dir='ltr'><strong>Pa·</strong></span> 
     </span>
     <span class='ocr_line' id='line_1_52' title="bbox 83 4636 1737 4715; baseline 0.001 -19"><span class='ocrx_word' id='word_1_664' title='bbox 83 4641 235 4708; x_wconf 87' lang='lat' dir='ltr'><strong>lentimani,</strong></span> <span class='ocrx_word' id='word_1_665' title='bbox 261 4641 333 4715; x_wconf 86' lang='lat' dir='ltr'><strong>quod</strong></span> <span class='ocrx_word' id='word_1_666' title='bbox 356 4649 431 4697; x_wconf 83' lang='lat' dir='ltr'><strong>extra</strong></span> <span class='ocrx_word' id='word_1_667' title='bbox 458 4641 531 4696; x_wconf 91' lang='lat' dir='ltr'><strong>bunc</strong></span> <span class='ocrx_word' id='word_1_668' title='bbox 557 4638 686 4694; x_wconf 88' lang='lat' dir='ltr'><strong>ambitum</strong></span> <span class='ocrx_word' id='word_1_669' title='bbox 714 4646 793 4693; x_wconf 85' lang='lat' dir='ltr'><strong>terra</strong></span> <span class='ocrx_word' id='word_1_670' title='bbox 819 4637 887 4692; x_wconf 88' lang='lat' dir='ltr'><strong>ahos</strong></span> <span class='ocrx_word' id='word_1_671' title='bbox 940 4647 1004 4707; x_wconf 91' lang='lat' dir='ltr'><strong>tres,</strong></span> <span class='ocrx_word' id='word_1_672' title='bbox 1030 4648 1058 4695; x_wconf 92' lang='lat' dir='ltr'><strong>et</strong></span> <span class='ocrx_word' id='word_1_673' title='bbox 1072 4648 1179 4704; x_wconf 81' lang='lat' dir='ltr'><strong>merito,</strong></span> <span class='ocrx_word' id='word_1_674' title='bbox 1203 4639 1400 4709; x_wconf 76' lang='lat' dir='ltr'><strong>Athenagoras,</strong></span> <span class='ocrx_word' id='word_1_675' title='bbox 1414 4638 1463 4709; x_wconf 92' lang='lat' dir='ltr'><strong>qui</strong></span> <span class='ocrx_word' id='word_1_676' title='bbox 1477 4636 1585 4708; x_wconf 90' lang='lat' dir='ltr'><strong>plenius</strong></span> <span class='ocrx_word' id='word_1_677' title='bbox 1599 4656 1658 4697; x_wconf 88' lang='lat' dir='ltr'><strong>eam</strong></span> <span class='ocrx_word' id='word_1_678' title='bbox 1672 4658 1737 4713; x_wconf 91' lang='lat' dir='ltr'><strong>per-</strong></span> 
     </span>
     <span class='ocr_line' id='line_1_53' title="bbox 83 4707 1738 4782; baseline -0.001 -16"><span class='ocrx_word' id='word_1_679' title='bbox 83 4711 211 4770; x_wconf 91' lang='lat' dir='ltr'><strong>homines</strong></span> <span class='ocrx_word' id='word_1_680' title='bbox 226 4727 287 4769; x_wconf 92' lang='lat' dir='ltr'><strong>esse</strong></span> <span class='ocrx_word' id='word_1_681' title='bbox 306 4711 439 4776; x_wconf 90' lang='lat' dir='ltr'><strong>dicerent,</strong></span> <span class='ocrx_word' id='word_1_682' title='bbox 464 4726 496 4767; x_wconf 89' lang='lat' dir='ltr'><strong>ac</strong></span> <span class='ocrx_word' id='word_1_683' title='bbox 515 4709 628 4767; x_wconf 80' lang='lat' dir='ltr'><strong>diverse</strong></span> <span class='ocrx_word' id='word_1_684' title='bbox 642 4707 808 4776; x_wconf 79' lang='lat' dir='ltr'><strong>substantie,</strong></span> <span class='ocrx_word' id='word_1_685' title='bbox 824 4722 888 4764; x_wconf 91' lang='lat' dir='ltr'><strong>eos·</strong></span> <span class='ocrx_word' id='word_1_686' title='bbox 940 4709 1069 4780; x_wconf 88' lang='lat' dir='ltr'><strong>sequitur,</strong></span> <span class='ocrx_word' id='word_1_687' title='bbox 1090 4711 1178 4766; x_wconf 90' lang='lat' dir='ltr'><strong>minus</strong></span> <span class='ocrx_word' id='word_1_688' title='bbox 1201 4709 1284 4776; x_wconf 91' lang='lat' dir='ltr'><strong>dedit,</strong></span> <span class='ocrx_word' id='word_1_689' title='bbox 1300 4709 1380 4766; x_wconf 85' lang='lat' dir='ltr'><strong>silert</strong></span> <span class='ocrx_word' id='word_1_690' title='bbox 1402 4717 1457 4766; x_wconf 93' lang='lat' dir='ltr'><strong>tres</strong></span> <span class='ocrx_word' id='word_1_691' title='bbox 1471 4707 1590 4766; x_wconf 90' lang='lat' dir='ltr'><strong>rationes</strong></span> <span class='ocrx_word' id='word_1_692' title='bbox 1612 4712 1646 4766; x_wconf 90' lang='lat' dir='ltr'><strong>ad</strong></span> <span class='ocrx_word' id='word_1_693' title='bbox 1669 4729 1738 4782; x_wconf 87' lang='lat' dir='ltr'><strong>pro-</strong></span> 
     </span>
     <span class='ocr_line' id='line_1_54' title="bbox 83 4778 1737 4854; baseline 0 -17"><span class='ocrx_word' id='word_1_694' title='bbox 83 4796 141 4854; x_wconf 89' lang='lat' dir='ltr'><strong>que</strong></span> <span class='ocrx_word' id='word_1_695' title='bbox 161 4799 252 4851; x_wconf 85' lang='lat' dir='ltr'><strong>veros,</strong></span> <span class='ocrx_word' id='word_1_696' title='bbox 268 4785 364 4840; x_wconf 88' lang='lat' dir='ltr'><strong>teletos</strong></span> <span class='ocrx_word' id='word_1_697' title='bbox 388 4789 415 4839; x_wconf 91' lang='lat' dir='ltr'><strong>et</strong></span> <span class='ocrx_word' id='word_1_698' title='bbox 438 4780 596 4838; x_wconf 84' lang='lat' dir='ltr'><strong>abascantos</strong></span> <span class='ocrx_word' id='word_1_699' title='bbox 620 4788 647 4836; x_wconf 92' lang='lat' dir='ltr'><strong>et</strong></span> <span class='ocrx_word' id='word_1_700' title='bbox 668 4780 797 4838; x_wconf 92' lang='lat' dir='ltr'><strong>acinetos.</strong></span> <span class='ocrx_word' id='word_1_701' title='bbox 815 4779 887 4834; x_wconf 87' lang='lat' dir='ltr'><strong>Nos·</strong></span> <span class='ocrx_word' id='word_1_702' title='bbox 940 4779 1076 4836; x_wconf 89' lang='lat' dir='ltr'><strong>bationem</strong></span> <span class='ocrx_word' id='word_1_703' title='bbox 1110 4778 1323 4849; x_wconf 86' lang='lat' dir='ltr'><strong>resurrectionis,</strong></span> <span class='ocrx_word' id='word_1_704' title='bbox 1348 4779 1397 4837; x_wconf 91' lang='lat' dir='ltr'><strong>sed</strong></span> <span class='ocrx_word' id='word_1_705' title='bbox 1424 4779 1487 4836; x_wconf 88' lang='lat' dir='ltr'><strong>huic</strong></span> <span class='ocrx_word' id='word_1_706' title='bbox 1517 4779 1551 4836; x_wconf 90' lang='lat' dir='ltr'><strong>de</strong></span> <span class='ocrx_word' id='word_1_707' title='bbox 1575 4781 1737 4841; x_wconf 79' lang='lat' dir='ltr'><strong>necessitate</strong></span> 
     </span>
     <span class='ocr_line' id='line_1_55' title="bbox 83 4849 1737 4926; baseline 0.001 -17"><span class='ocrx_word' id='word_1_708' title='bbox 83 4860 173 4909; x_wconf 88' lang='lat' dir='ltr'><strong>trates</strong></span> <span class='ocrx_word' id='word_1_709' title='bbox 191 4854 263 4911; x_wconf 88' lang='lat' dir='ltr'><strong>enim</strong></span> <span class='ocrx_word' id='word_1_710' title='bbox 281 4869 362 4913; x_wconf 80' lang='lat' dir='ltr'><strong>seros</strong></span> <span class='ocrx_word' id='word_1_711' title='bbox 383 4853 507 4909; x_wconf 90' lang='lat' dir='ltr'><strong>homines</strong></span> <span class='ocrx_word' id='word_1_712' title='bbox 521 4868 574 4909; x_wconf 92' lang='lat' dir='ltr'><strong>non</strong></span> <span class='ocrx_word' id='word_1_713' title='bbox 597 4867 667 4916; x_wconf 87' lang='lat' dir='ltr'><strong>asse,</strong></span> <span class='ocrx_word' id='word_1_714' title='bbox 681 4868 750 4923; x_wconf 88' lang='lat' dir='ltr'><strong>quos</strong></span> <span class='ocrx_word' id='word_1_715' title='bbox 763 4849 887 4906; x_wconf 89' lang='lat' dir='ltr'><strong>Demiur·</strong></span> <span class='ocrx_word' id='word_1_716' title='bbox 938 4850 1032 4921; x_wconf 83' lang='lat' dir='ltr'><strong>judicii</strong></span> <span class='ocrx_word' id='word_1_717' title='bbox 1054 4852 1139 4907; x_wconf 86' lang='lat' dir='ltr'><strong>divini</strong></span> <span class='ocrx_word' id='word_1_718' title='bbox 1159 4851 1300 4926; x_wconf 84' lang='lat' dir='ltr'><strong>derogarit</strong></span> <span class='ocrx_word' id='word_1_719' title='bbox 1333 4851 1465 4908; x_wconf 85' lang='lat' dir='ltr'><strong>nonnihil.</strong></span> <span class='ocrx_word' id='word_1_720' title='bbox 1490 4850 1591 4908; x_wconf 84' lang='lat' dir='ltr'><strong>Verum</strong></span> <span class='ocrx_word' id='word_1_721' title='bbox 1620 4855 1737 4913; x_wconf 72' lang='lat' dir='ltr'><strong>monum</strong></span> 
     </span>
     <span class='ocr_line' id='line_1_56' title="bbox 107 4921 1738 4996; baseline 0.002 -18"><span class='ocrx_word' id='word_1_722' title='bbox 107 4940 141 4978; x_wconf 94' lang='lat' dir='ltr'><strong>us</strong></span> <span class='ocrx_word' id='word_1_723' title='bbox 155 4924 427 4988; x_wconf 85' lang='lat' dir='ltr'><strong>sttlhctdrumsitulae,</strong></span> <span class='ocrx_word' id='word_1_724' title='bbox 442 4932 470 4979; x_wconf 90' lang='lat' dir='ltr'><strong>et</strong></span> <span class='ocrx_word' id='word_1_725' title='bbox 483 4923 623 4993; x_wconf 88' lang='lat' dir='ltr'><strong>pulverem</strong></span> <span class='ocrx_word' id='word_1_726' title='bbox 636 4938 715 4988; x_wconf 81' lang='lat' dir='ltr'><strong>arcae,</strong></span> <span class='ocrx_word' id='word_1_727' title='bbox 728 4930 755 4979; x_wconf 89' lang='lat' dir='ltr'><strong>et</strong></span> <span class='ocrx_word' id='word_1_728' title='bbox 768 4921 887 4977; x_wconf 90' lang='lat' dir='ltr'><strong>locustas</strong></span> <span class='ocrx_word' id='word_1_729' title='bbox 940 4922 1000 4991; x_wconf 84' lang='lat' dir='ltr'><strong>ejus</strong></span> <span class='ocrx_word' id='word_1_730' title='bbox 1022 4923 1090 4978; x_wconf 85' lang='lat' dir='ltr'><strong>ratio</strong></span> <span class='ocrx_word' id='word_1_731' title='bbox 1111 4939 1144 4980; x_wconf 87' lang='lat' dir='ltr'><strong>ert</strong></span> <span class='ocrx_word' id='word_1_732' title='bbox 1177 4929 1272 4978; x_wconf 91' lang='lat' dir='ltr'><strong>natura</strong></span> <span class='ocrx_word' id='word_1_733' title='bbox 1302 4923 1362 4996; x_wconf 91' lang='lat' dir='ltr'><strong>ipsa</strong></span> <span class='ocrx_word' id='word_1_734' title='bbox 1386 4922 1513 4990; x_wconf 92' lang='lat' dir='ltr'><strong>hominis,</strong></span> <span class='ocrx_word' id='word_1_735' title='bbox 1537 4924 1620 4978; x_wconf 90' lang='lat' dir='ltr'><strong>multo</strong></span> <span class='ocrx_word' id='word_1_736' title='bbox 1646 4924 1738 4982; x_wconf 89' lang='lat' dir='ltr'><strong>minus</strong></span> 
     </span>
     <span class='ocr_line' id='line_1_57' title="bbox 82 4940 1739 5067; baseline 0.001 -16"><span class='ocrx_word' id='word_1_737' title='bbox 82 4940 235 5065; x_wconf 75' lang='lat' dir='ltr'><strong>Eeputarit.</strong></span> <span class='ocrx_word' id='word_1_738' title='bbox 267 4997 327 5067; x_wconf 85' lang='lat' dir='ltr'><strong>Qua</strong></span> <span class='ocrx_word' id='word_1_739' title='bbox 356 4996 391 5050; x_wconf 92' lang='lat' dir='ltr'><strong>de</strong></span> <span class='ocrx_word' id='word_1_740' title='bbox 419 5011 447 5050; x_wconf 90' lang='lat' dir='ltr'><strong>rc</strong></span> <span class='ocrx_word' id='word_1_741' title='bbox 479 4994 624 5064; x_wconf 84' lang='lat' dir='ltr'><strong>Septimius</strong></span> <span class='ocrx_word' id='word_1_742' title='bbox 652 5005 742 5050; x_wconf 89' lang='lat' dir='ltr'><strong>noster</strong></span> <span class='ocrx_word' id='word_1_743' title='bbox 769 4993 887 5062; x_wconf 87' lang='lat' dir='ltr'><strong>apertius</strong></span> <span class='ocrx_word' id='word_1_744' title='bbox 941 4993 1038 5047; x_wconf 80' lang='lat' dir='ltr'><strong>virium</strong></span> <span class='ocrx_word' id='word_1_745' title='bbox 1057 4995 1247 5066; x_wconf 89' lang='lat' dir='ltr'><strong>babet,neque</strong></span> <span class='ocrx_word' id='word_1_746' title='bbox 1262 4993 1394 5065; x_wconf 81' lang='lat' dir='ltr'><strong>primeex</strong></span> <span class='ocrx_word' id='word_1_747' title='bbox 1409 4993 1528 5063; x_wconf 89' lang='lat' dir='ltr'><strong>fine,cui</strong></span> <span class='ocrx_word' id='word_1_748' title='bbox 1543 4995 1618 5052; x_wconf 89' lang='lat' dir='ltr'><strong>Deos</strong></span> <span class='ocrx_word' id='word_1_749' title='bbox 1637 4995 1739 5054; x_wconf 81' lang='lat' dir='ltr'><strong>crearit</strong></span> 
     </span>
     <span class='ocr_line' id='line_1_58' title="bbox 82 5063 1737 5141; baseline 0.001 -20"><span class='ocrx_word' id='word_1_750' title='bbox 82 5065 204 5137; x_wconf 90' lang='lat' dir='ltr'><strong>disputat</strong></span> <span class='ocrx_word' id='word_1_751' title='bbox 219 5069 267 5124; x_wconf 90' lang='lat' dir='ltr'><strong>lib.</strong></span> <span class='ocrx_word' id='word_1_752' title='bbox 283 5070 317 5127; x_wconf 85' lang='lat' dir='ltr'><strong>de</strong></span> <span class='ocrx_word' id='word_1_753' title='bbox 331 5068 487 5141; x_wconf 84' lang='lat' dir='ltr'><strong>Scorpiocc.</strong></span> <span class='ocrx_word' id='word_1_754' title='bbox 504 5067 545 5121; x_wconf 78' lang='lat' dir='ltr'><strong>Ad</strong></span> <span class='ocrx_word' id='word_1_755' title='bbox 561 5067 619 5121; x_wconf 90' lang='lat' dir='ltr'><strong>haec</strong></span> <span class='ocrx_word' id='word_1_756' title='bbox 632 5080 697 5121; x_wconf 83' lang='lat' dir='ltr'><strong>roro</strong></span> <span class='ocrx_word' id='word_1_757' title='bbox 710 5063 887 5119; x_wconf 87' lang='lat' dir='ltr'><strong>deliramenta</strong></span> <span class='ocrx_word' id='word_1_758' title='bbox 940 5064 1086 5131; x_wconf 92' lang='lat' dir='ltr'><strong>hominem,</strong></span> <span class='ocrx_word' id='word_1_759' title='bbox 1101 5066 1211 5138; x_wconf 85' lang='lat' dir='ltr'><strong>majoris</strong></span> <span class='ocrx_word' id='word_1_760' title='bbox 1227 5065 1353 5135; x_wconf 89' lang='lat' dir='ltr'><strong>ponderis</strong></span> <span class='ocrx_word' id='word_1_761' title='bbox 1370 5073 1423 5133; x_wconf 88' lang='lat' dir='ltr'><strong>est,</strong></span> <span class='ocrx_word' id='word_1_762' title='bbox 1444 5066 1494 5122; x_wconf 91' lang='lat' dir='ltr'><strong>etsi</strong></span> <span class='ocrx_word' id='word_1_763' title='bbox 1509 5067 1620 5124; x_wconf 89' lang='lat' dir='ltr'><strong>minime</strong></span> <span class='ocrx_word' id='word_1_764' title='bbox 1652 5067 1737 5124; x_wconf 82' lang='lat' dir='ltr'><strong>ineffi-</strong></span> 
     </span>
     <span class='ocr_line' id='line_1_59' title="bbox 70 5135 1264 5223; baseline -0.002 -29"><span class='ocrx_word' id='word_1_765' title='bbox 70 5153 141 5195; x_wconf 93' lang='lat' dir='ltr'><strong>-non</strong></span> <span class='ocrx_word' id='word_1_766' title='bbox 155 5141 293 5223; x_wconf 87' lang='lat' dir='ltr'><strong>pertinere</strong></span> <span class='ocrx_word' id='word_1_767' title='bbox 311 5139 426 5195; x_wconf 88' lang='lat' dir='ltr'><strong>arbitror</strong></span> <span class='ocrx_word' id='word_1_768' title='bbox 468 5138 521 5191; x_wconf 91' lang='lat' dir='ltr'><strong>uod</strong></span> <span class='ocrx_word' id='word_1_769' title='bbox 545 5136 645 5208; x_wconf 83' lang='lat' dir='ltr'><strong>legitur</strong></span> <span class='ocrx_word' id='word_1_770' title='bbox 666 5136 694 5189; x_wconf 91' lang='lat' dir='ltr'><strong>in</strong></span> <span class='ocrx_word' id='word_1_771' title='bbox 719 5136 805 5207; x_wconf 90' lang='lat' dir='ltr'><strong>prima</strong></span> <span class='ocrx_word' id='word_1_772' title='bbox 827 5135 885 5190; x_wconf 88' lang='lat' dir='ltr'><strong>Cle·</strong></span> <span class='ocrx_word' id='word_1_773' title='bbox 939 5150 1029 5192; x_wconf 89' lang='lat' dir='ltr'><strong>oscem</strong></span> <span class='ocrx_word' id='word_1_774' title='bbox 1042 5152 1176 5196; x_wconf 87' lang='lat' dir='ltr'><strong>censeam.</strong></span> <span class='ocrx_word' id='word_1_775' title='bbox 1192 5139 1264 5194; x_wconf 79' lang='lat' dir='ltr'><strong>Part.</strong></span> 
     </span>
     <span class='ocr_line' id='line_1_60' title="bbox 85 5204 1736 5285; baseline 0.003 -22"><span class='ocrx_word' id='word_1_776' title='bbox 85 5217 185 5269; x_wconf 86' lang='lat' dir='ltr'><strong>mentis</strong></span> <span class='ocrx_word' id='word_1_777' title='bbox 212 5213 246 5269; x_wconf 91' lang='lat' dir='ltr'><strong>ad</strong></span> <span class='ocrx_word' id='word_1_778' title='bbox 275 5209 429 5266; x_wconf 89' lang='lat' dir='ltr'><strong>Corinthios</strong></span> <span class='ocrx_word' id='word_1_779' title='bbox 478 5206 575 5277; x_wconf 86' lang='lat' dir='ltr'><strong>pistola</strong></span> <span class='ocrx_word' id='word_1_780' title='bbox 611 5206 645 5261; x_wconf 90' lang='lat' dir='ltr'><strong>de</strong></span> <span class='ocrx_word' id='word_1_781' title='bbox 677 5204 785 5285; x_wconf 78' lang='lat' dir='ltr'><strong>mundis</strong></span> <span class='ocrx_word' id='word_1_782' title='bbox 811 5216 886 5261; x_wconf 88' lang='lat' dir='ltr'><strong>extra</strong></span> <span class='ocrx_word' id='word_1_783' title='bbox 975 5207 1032 5280; x_wconf 86' lang='grc'>(58)</span> <span class='ocrx_word' id='word_1_784' title='bbox 1047 5211 1081 5264; x_wconf 79' lang='lat' dir='ltr'><strong>st</strong></span> <span class='ocrx_word' id='word_1_785' title='bbox 1098 5213 1193 5266; x_wconf 80' lang='lat' dir='ltr'><strong>tamem</strong></span> <span class='ocrx_word' id='word_1_786' title='bbox 1208 5225 1309 5266; x_wconf 85' lang='lat' dir='ltr'><strong>novem</strong></span> <span class='ocrx_word' id='word_1_787' title='bbox 1320 5208 1633 5284; x_wconf 83' lang='lat' dir='ltr'><strong>procellcdisst&#39;pctom.</strong></span> <span class='ocrx_word' id='word_1_788' title='bbox 1646 5210 1736 5268; x_wconf 79' lang='lat' dir='ltr'><strong>Alieni</strong></span> 
     </span>
     <span class='ocr_line' id='line_1_61' title="bbox 86 5275 1736 5358; baseline 0.001 -22"><span class='ocrx_word' id='word_1_789' title='bbox 86 5293 219 5339; x_wconf 80' lang='grc' dir='ltr'>οοοηηηιη</span> <span class='ocrx_word' id='word_1_790' title='bbox 248 5281 363 5352; x_wconf 87' lang='lat' dir='ltr'><strong>positis,</strong></span> <span class='ocrx_word' id='word_1_791' title='bbox 392 5292 460 5350; x_wconf 88' lang='lat' dir='ltr'><strong>quos</strong></span> <span class='ocrx_word' id='word_1_792' title='bbox 487 5279 634 5349; x_wconf 72' lang='grc' dir='ltr'><strong>ἀπεράντους</strong></span> <span class='ocrx_word' id='word_1_793' title='bbox 656 5292 715 5332; x_wconf 89' lang='lat' dir='ltr'><strong>esse</strong></span> <span class='ocrx_word' id='word_1_794' title='bbox 742 5282 788 5358; x_wconf 70' lang='lat' dir='ltr'><strong>art.</strong></span> <span class='ocrx_word' id='word_1_795' title='bbox 817 5275 885 5356; x_wconf 74' lang='lat' dir='ltr'><strong>Nam</strong></span> <span class='ocrx_word' id='word_1_796' title='bbox 939 5281 1194 5351; x_wconf 88' lang='lat' dir='ltr'><strong>quoqueseotentia</strong></span> <span class='ocrx_word' id='word_1_797' title='bbox 1209 5280 1270 5353; x_wconf 81' lang='lat' dir='ltr'><strong>luit,</strong></span> <span class='ocrx_word' id='word_1_798' title='bbox 1294 5295 1401 5348; x_wconf 88' lang='lat' dir='ltr'><strong>navem,</strong></span> <span class='ocrx_word' id='word_1_799' title='bbox 1421 5281 1444 5337; x_wconf 91' lang='lat' dir='ltr'><strong>si</strong></span> <span class='ocrx_word' id='word_1_800' title='bbox 1465 5283 1534 5338; x_wconf 90' lang='lat' dir='ltr'><strong>adeo</strong></span> <span class='ocrx_word' id='word_1_801' title='bbox 1549 5299 1622 5354; x_wconf 86' lang='lat' dir='ltr'><strong>saepe</strong></span> <span class='ocrx_word' id='word_1_802' title='bbox 1637 5283 1736 5339; x_wconf 87' lang='lat' dir='ltr'><strong>reiecta</strong></span> 
     </span>
     <span class='ocr_line' id='line_1_62' title="bbox 87 5348 1735 5428; baseline 0.004 -25"><span class='ocrx_word' id='word_1_803' title='bbox 87 5351 141 5407; x_wconf 90' lang='lat' dir='ltr'><strong>hoc</strong></span> <span class='ocrx_word' id='word_1_804' title='bbox 167 5355 225 5410; x_wconf 80' lang='lat' dir='ltr'><strong>niro</strong></span> <span class='ocrx_word' id='word_1_805' title='bbox 253 5351 411 5423; x_wconf 77' lang='lat' dir='ltr'><strong>Apostolico</strong></span> <span class='ocrx_word' id='word_1_806' title='bbox 437 5349 609 5423; x_wconf 74' lang='lat' dir='ltr'><strong>geographiae</strong></span> <span class='ocrx_word' id='word_1_807' title='bbox 637 5348 724 5417; x_wconf 90' lang='lat' dir='ltr'><strong>potius</strong></span> <span class='ocrx_word' id='word_1_808' title='bbox 752 5353 886 5428; x_wconf 69' lang='lat' dir='ltr'><strong>imperitia</strong></span> <span class='ocrx_word' id='word_1_809' title='bbox 938 5359 1019 5421; x_wconf 81' lang='lat' dir='ltr'><strong>esset,</strong></span> <span class='ocrx_word' id='word_1_810' title='bbox 1036 5358 1065 5405; x_wconf 91' lang='lat' dir='ltr'><strong>ut</strong></span> <span class='ocrx_word' id='word_1_811' title='bbox 1084 5351 1160 5406; x_wconf 88' lang='lat' dir='ltr'><strong>nulla</strong></span> <span class='ocrx_word' id='word_1_812' title='bbox 1183 5352 1274 5408; x_wconf 87' lang='lat' dir='ltr'><strong>tabula</strong></span> <span class='ocrx_word' id='word_1_813' title='bbox 1296 5353 1391 5409; x_wconf 87' lang='lat' dir='ltr'><strong>eadem</strong></span> <span class='ocrx_word' id='word_1_814' title='bbox 1414 5361 1583 5426; x_wconf 71' lang='lat' dir='ltr'><strong>perinaneret</strong></span> <span class='ocrx_word' id='word_1_815' title='bbox 1606 5368 1667 5424; x_wconf 77' lang='lat' dir='ltr'><strong>quer</strong></span> <span class='ocrx_word' id='word_1_816' title='bbox 1682 5367 1735 5409; x_wconf 91' lang='lat' dir='ltr'><strong>non</strong></span> 
     </span>
     <span class='ocr_line' id='line_1_63' title="bbox 86 5418 1737 5497; baseline 0.001 -19"><span class='ocrx_word' id='word_1_817' title='bbox 86 5423 229 5493; x_wconf 84' lang='lat' dir='ltr'><strong>exciderit,</strong></span> <span class='ocrx_word' id='word_1_818' title='bbox 253 5439 333 5497; x_wconf 86' lang='lat' dir='ltr'><strong>quam</strong></span> <span class='ocrx_word' id='word_1_819' title='bbox 358 5421 438 5479; x_wconf 93' lang='lat' dir='ltr'><strong>ullius</strong></span> <span class='ocrx_word' id='word_1_820' title='bbox 462 5420 596 5492; x_wconf 77' lang='lat' dir='ltr'><strong>dogmatis</strong></span> <span class='ocrx_word' id='word_1_821' title='bbox 618 5418 759 5473; x_wconf 85' lang='lat' dir='ltr'><strong>adserendi</strong></span> <span class='ocrx_word' id='word_1_822' title='bbox 785 5419 884 5474; x_wconf 89' lang='lat' dir='ltr'><strong>stndro.</strong></span> <span class='ocrx_word' id='word_1_823' title='bbox 940 5436 1008 5477; x_wconf 87' lang='lat' dir='ltr'><strong>nova</strong></span> <span class='ocrx_word' id='word_1_824' title='bbox 1044 5422 1149 5494; x_wconf 88' lang='lat' dir='ltr'><strong>inisset,</strong></span> <span class='ocrx_word' id='word_1_825' title='bbox 1183 5424 1360 5481; x_wconf 89' lang='lat' dir='ltr'><strong>nihilominus</strong></span> <span class='ocrx_word' id='word_1_826' title='bbox 1393 5424 1516 5480; x_wconf 89' lang='lat' dir='ltr'><strong>eamdem</strong></span> <span class='ocrx_word' id='word_1_827' title='bbox 1550 5438 1647 5478; x_wconf 86' lang='lat' dir='ltr'><strong>narem</strong></span> <span class='ocrx_word' id='word_1_828' title='bbox 1674 5438 1737 5480; x_wconf 86' lang='lat' dir='ltr'><strong>esse</strong></span> 
     </span>
     <span class='ocr_line' id='line_1_64' title="bbox 85 5487 1737 5568; baseline 0.001 -18"><span class='ocrx_word' id='word_1_829' title='bbox 85 5493 153 5552; x_wconf 87' lang='lat' dir='ltr'><strong>th.</strong></span> <span class='ocrx_word' id='word_1_830' title='bbox 174 5527 210 5536; x_wconf 91' lang='lat'>—</span> <span class='ocrx_word' id='word_1_831' title='bbox 231 5496 360 5564; x_wconf 81' lang='lat' dir='ltr'><strong>Ejusdem</strong></span> <span class='ocrx_word' id='word_1_832' title='bbox 382 5492 522 5548; x_wconf 90' lang='lat' dir='ltr'><strong>nobiscum</strong></span> <span class='ocrx_word' id='word_1_833' title='bbox 546 5493 649 5546; x_wconf 86' lang='lat' dir='ltr'><strong>naturae</strong></span> <span class='ocrx_word' id='word_1_834' title='bbox 671 5487 721 5544; x_wconf 83' lang='lat' dir='ltr'><strong>fuit</strong></span> <span class='ocrx_word' id='word_1_835' title='bbox 742 5488 884 5560; x_wconf 71' lang='lat' dir='ltr'><strong>Christus,</strong></span> <span class='ocrx_word' id='word_1_836' title='bbox 938 5493 1093 5550; x_wconf 84' lang='lat' dir='ltr'><strong>existimari.</strong></span> <span class='ocrx_word' id='word_1_837' title='bbox 1117 5494 1149 5551; x_wconf 83' lang='grc' dir='ltr'><strong>Ι..</strong></span> <span class='ocrx_word' id='word_1_838' title='bbox 1169 5496 1383 5568; x_wconf 86' lang='lat' dir='ltr'><strong>Proponcbatur.</strong></span> <span class='ocrx_word' id='word_1_839' title='bbox 1401 5495 1440 5551; x_wconf 88' lang='lat' dir='ltr'><strong>De</strong></span> <span class='ocrx_word' id='word_1_840' title='bbox 1462 5493 1532 5563; x_wconf 80' lang='lat' dir='ltr'><strong>jud.</strong></span> <span class='ocrx_word' id='word_1_841' title='bbox 1547 5495 1641 5565; x_wconf 87' lang='lat' dir='ltr'><strong>ltaque</strong></span> <span class='ocrx_word' id='word_1_842' title='bbox 1654 5495 1737 5552; x_wconf 77' lang='lat' dir='ltr'><strong>Athe·</strong></span> 
     </span>
     <span class='ocr_line' id='line_1_65' title="bbox 84 5562 1735 5641; baseline 0.001 -19"><span class='ocrx_word' id='word_1_843' title='bbox 84 5581 177 5639; x_wconf 89' lang='lat' dir='ltr'><strong>neque</strong></span> <span class='ocrx_word' id='word_1_844' title='bbox 192 5567 275 5635; x_wconf 91' lang='lat' dir='ltr'><strong>enim,</strong></span> <span class='ocrx_word' id='word_1_845' title='bbox 286 5566 359 5639; x_wconf 89' lang='lat' dir='ltr'><strong>quod</strong></span> <span class='ocrx_word' id='word_1_846' title='bbox 373 5562 561 5620; x_wconf 80' lang='lat' dir='ltr'><strong>haereticorum</strong></span> <span class='ocrx_word' id='word_1_847' title='bbox 575 5568 885 5627; x_wconf 77' lang='lat' dir='ltr'><strong>commentumcarnem</strong></span> <span class='ocrx_word' id='word_1_848' title='bbox 938 5563 1058 5634; x_wconf 85' lang='lat' dir='ltr'><strong>cieuses,</strong></span> <span class='ocrx_word' id='word_1_849' title='bbox 1086 5581 1140 5636; x_wconf 81' lang='lat' dir='ltr'><strong>quo</strong></span> <span class='ocrx_word' id='word_1_850' title='bbox 1170 5572 1291 5641; x_wconf 84' lang='lat' dir='ltr'><strong>tempore</strong></span> <span class='ocrx_word' id='word_1_851' title='bbox 1322 5565 1425 5624; x_wconf 84' lang='lat' dir='ltr'><strong>Socrati</strong></span> <span class='ocrx_word' id='word_1_852' title='bbox 1457 5563 1560 5621; x_wconf 73' lang='lat' dir='ltr'><strong>cicuta</strong></span> <span class='ocrx_word' id='word_1_853' title='bbox 1590 5562 1735 5637; x_wconf 83' lang='lat' dir='ltr'><strong>miscuere,</strong></span> 
     </span>
    </p>
   </div>
   <div class='ocr_carea' id='block_1_9' title="bbox 0 0 1924 6134">
    <p class='ocr_par' dir='ltr' id='par_1_12' title="bbox 0 0 1924 6134">
     <span class='ocr_line' id='line_1_66' title="bbox 0 0 1924 6134; baseline 0 3"><span class='ocrx_word' id='word_1_854' title='bbox 0 0 1924 6134; x_wconf 95' lang='lat' dir='ltr'><strong> </strong></span> 
     </span>
    </p>
   </div>
  </div>
 </body>
</html>
