3840 6134
160 322 214 384 587
532 321 751 385 usutbtttattl
769 320 1051 394 sustollentes.
1070 351 1105 364 ·-
1118 318 1229 382 susus
1247 320 1268 386 l.
1288 319 1457 381 POLEllle-
1741 316 1799 387 588

157 445 287 503 domoon
300 442 374 504 solus
387 440 542 520 agnoscitur
554 447 589 502 ⁶⁶.
604 447 673 504 Nam
688 461 750 504 eum
762 446 809 502 illo
823 445 991 542 processit*
1009 453 1037 501 et
1062 445 1192 511 Ecclesia,
1215 444 1288 518 quod
1315 442 1344 500 in
1371 443 1458 500 Patris
1479 442 1595 516 gloriam
1630 442 1795 500 lmucaasee

158 532 305 605 eufemius,
325 532 431 592 Veritas
445 533 481 603 ⁶⁹,
495 534 673 607 Monogenes,
689 533 754 606 quia
774 534 849 605 prior
876 533 950 606 geni·
1006 532 1073 590 ilinc
1090 533 1116 573 ⁶³
1129 529 1216 591 558
1230 545 1342 589 numero
1363 531 1510 603 gestientes
1535 530 1561 587 ei
1583 529 1635 602 ipsi
1660 530 1715 587 tole
1729 529 1796 603 quid

157 627 213 688 tus,
240 630 341 694 quanto
367 622 560 694 congruentius
601 623 766 693 Protegenes
790 626 949 683 vocaretur!
1004 620 1074 680 Patri
1087 621 1121 678 de
1135 636 1185 679 suo
1213 618 1323 690 chene,
1346 620 1414 676 altos
1437 618 1568 677 ebulliunt
1580 617 1658 685 fetus,
1679 618 1795 691 proinde

158 710 232 783 16686
261 711 361 782 6366166
376 718 403 768 66
416 710 494 784 sige,
506 710 565 767 Nus
593 716 621 766 66
638 709 754 774 Veritas,
778 708 865 781 prima
878 723 949 780 que-
1002 710 1164 784 conjugaleis
1180 710 1207 751 ⁶⁶
1219 725 1268 784 per
1286 709 1410 781 copulam
1428 709 1566 781 utriusque
1586 715 1712 764 neure:
1737 706 1802 774 lieo,

157 797 235 871 driga
252 797 476 870 (i8)deienditur
490 797 681 855 Valentinianae
701 795 832 864 factionis,
847 795 949 854 metris
1002 798 1095 857 Sermo
1117 806 1145 858 et
1159 798 1222 856 Vite
1248 798 1385 855 decuriam
1409 796 1523 853 AEouum
1539 794 1620 853 simul
1652 793 1794 865 surdona;

156 893 184 943 et
198 886 274 960 origo
288 894 457 945 cunctorum.
475 887 598 959 Namque
621 885 721 943 ibidem
739 885 795 941 Nus
808 884 887 941 simul
901 897 948 944 uo·
1001 887 1062 944 illac
1074 888 1159 946 ilomo
1173 894 1200 945 et
1224 886 1347 945 Ecclesia
1360 885 1430 942 duos
1444 884 1566 957 emplius,
1597 883 1795 955 equiparsndo

127 957 136 1025 i
156 974 228 1047 cepit
242 974 267 1014 ⁶⁶
280 974 439 1049 prolationis
452 991 508 1032 sue
522 973 650 1041 officium,
667 973 765 1030 emittit
787 973 888 1045 etipse
914 986 949 1029 ex
1001 974 1167 1046 perentibus,
1195 973 1258 1046 quia
1279 980 1307 1030 et
1330 973 1382 1044 ipsi
1408 972 1464 1029 duo
1489 987 1551 1030 cum
1578 971 1632 1027 illis
1644 972 1738 1028 decem
1754 976 1795 1028 tot

157 1062 301 1134 semetipso
333 1063 490 1120 Sermonem
518 1070 545 1118 et
563 1062 662 1128 Vitem,
688 1077 748 1134 quae
762 1061 787 1118 si
804 1069 948 1117 retronea
1001 1063 1131 1132 eiliciuut,
1148 1071 1214 1136 quot
1236 1062 1288 1136 ipsi
1309 1069 1528 1133 procreaverunt.
1548 1059 1644 1117 Redde
1657 1072 1795 1119 nuncus-

156 1155 224 1218 erat,
237 1151 329 1223 utique
344 1167 393 1208 uec
420 1151 448 1207 iu
460 1150 558 1223 Bytho.
582 1151 616 1206 Et
644 1150 725 1222 quale
737 1156 789 1217 est,
804 1147 872 1208 utin
889 1148 947 1206 Deo
1000 1152 1082 1220 mins,
1095 1167 1163 1225 quos
1182 1151 1315 1210 decuriam
1330 1150 1385 1207 diri
1400 1149 1524 1222 :Bythos
1548 1159 1575 1207 et
1598 1148 1676 1205 uisis
1690 1165 1698 1204 ι
1713 1149 1793 1221 Age·

155 1238 210 1294 sita
231 1252 284 1295 uon
313 1238 409 1295 lueritl
440 1240 491 1297 Sed
515 1248 542 1297 et
555 1241 613 1296 hmo
634 1237 751 1308 soboles,
779 1236 814 1294 sd
840 1235 947 1294 initium
1000 1249 1073 1298 ratos
1086 1249 1113 1297 et
1132 1241 1434 1311 lienosis:Antophyes
1447 1239 1472 1279 ⁶⁶
1492 1246 1520 1295 et
1539 1237 1671 1295 diedone:
1690 1237 1794 1295 Acine-

155 1325 347 1398 uninersitstis,
369 1334 396 1383 et
418 1326 605 1384 formationem
632 1325 656 1368 ⁶¹
690 1325 846 1383 Pleromatis
864 1325 948 1384 tubus
999 1335 1043 1386 tos
1063 1335 1090 1386 et
1112 1327 1277 1399 Syacrasis:
1305 1326 1471 1399 llonogeues
1484 1334 1510 1382 et
1528 1324 1653 1382 Μιοιιίι.
1677 1324 1794 1395 Contra,

155 1412 263 1481 emisse,
278 1413 341 1472 iecit
355 1413 482 1487 hactum,
499 1417 639 1475 Hominem
661 1422 689 1471 et
713 1414 858 1474 Ecclesiam
880 1427 944 1486 pro·
998 1415 1178 1473 duodenarius
1194 1431 1319 1471 uumerus
1329 1414 1356 1470 hi
1366 1422 1463 1471 eruut:
1478 1414 1632 1471 Paracletus
1645 1420 1672 1471 et
1688 1411 1791 1469 Pissis:

154 1507 239 1556 creat.
269 1501 359 1558 Habes
386 1501 551 1576 Ogdoadem,
580 1502 723 1561 Tetradem
752 1501 897 1573 duplicem,
911 1515 946 1558 es
997 1503 1118 1559 Patricos
1144 1510 1171 1558 et
1199 1502 1274 1573 Elpis
1289 1520 1296 1557 :
1311 1500 1434 1559 Metricos
1466 1509 1494 1559 et
1524 1502 1638 1573 Agape:
1655 1500 1744 1557 Ainus
1764 1506 1793 1556 et

155 1589 395 1662 conjugationibus
418 1592 443 1631 ⁶2
461 1591 642 1648 masculorum
657 1596 685 1647 et
698 1589 858 1646 teminorum
871 1587 942 1660 (li);
999 1591 1110 1662 synesis
1135 1591 1360 1647 :Ecclesiasticus
1383 1600 1409 1646 et
1421 1589 1596 1648 macariotes:
1610 1589 1741 1647 Theletus
1764 1594 1794 1645 et

156 1677 246 1745 celles,
266 1678 347 1735 utite
368 1676 493 1749 dixerim,
509 1677 720 1750 primordialium
739 1678 855 1734 ιΕοιιιιιι
869 1694 876 1732 :
891 1676 945 1734 fra·
998 1679 1108 1751 sophis.
1123 1679 1214 1755 Cogor
1241 1680 1297 1747 hic,
1327 1679 1461 1752 quidiste
1487 1677 1595 1737 uomina
1623 1678 1792 1747 desiderent,

154 1763 231 1821 terna
257 1765 392 1821 connubio
419 1765 659 1822 valentinianorum
687 1768 823 1823 deorum:
847 1780 945 1823 census
961 1752 984 1832 Β
999 1768 1118 1838 prolerre
1139 1767 1175 1823 de
1197 1767 1253 1839 peri
1277 1766 1411 1836 exemplo.
1427 1766 1460 1823 ln
1482 1765 1583 1823 scholis
1603 1765 1629 1807 66
1648 1764 1793 1840 Carthagi·

154 1853 243 1908 uanis
256 1851 406 1909 sanctitutis
417 1862 444 1909 et
457 1854 604 1924 majestatis
618 1855 750 1913 haereticae
767 1872 775 1915 :
790 1854 882 1912 nescio
897 1855 946 1910 cri·
999 1855 1126 1912 neusibus
1153 1854 1211 1927 (st)
1237 1854 1287 1910 tuit
1314 1854 1424 1927 quidam
1448 1852 1637 1927 frigidissimus
1650 1854 1675 1893 ⁶³
1698 1855 1793 1911 rhetor

152 1939 257 1997 minum
283 1958 317 1998 su
331 1941 471 1999 numinum
486 1945 602 2017 turbam,
621 1950 692 2004 certe
717 1942 816 2003 iontem
836 1942 946 2017 reliqum
998 1941 1108 2012 latinus,
1135 1943 1308 2016 Phosphorus
1321 1943 1345 1982 ⁶⁶
1370 1943 1480 2000 nomine
1496 1941 1602 1999 :554
1616 1956 1677 1998 cum
1700 1943 1793 2000 uirum

152 2026 325 2089 fecunditatis
338 2030 407 2104 (bu).
998 2031 1093 2089 iortem
1109 2040 1263 2104 peroraret:
1288 2032 1376 2098 Venio,
1391 2032 1486 2105 inquit,
1516 2032 1552 2088 od
1565 2047 1622 2103 uos,
1637 2032 1741 2103 optimi
1753 2032 1794 2090 ei·

997 2135 1054 2185 uos,
1068 2119 1101 2176 de
1110 2122 1218 2194 proelio,
1234 2135 1299 2177 eum
1309 2120 1426 2179 uictoria
1439 2135 1512 2186 meu,
1524 2119 1633 2177 eum-⁶²
1650 2120 1794 2191 felicitate

435 2171 549 2232 CAPUT
563 2173 633 2232 vm·
998 2211 1101 2277 uestra,
1113 2210 1279 2280 amplietur,
1295 2208 1440 2279 plurimus,
1448 2211 1622 2279 fortunatus,
1631 2209 1791 2278 munimus,

188 2292 466 2354 sscoeenimsecunda
479 2298 583 2368 Tetras,
610 2296 705 2355 Sermo
720 2296 834 2364 etVite,
858 2295 945 2370 llomo
999 2296 1192 2369 triumphetis.
1208 2295 1240 2352 lit
1271 2294 1419 2354 scholastici
1447 2296 1536 2372 stetim
1560 2294 1677 2352 Familiae
1704 2296 1793 2355 Phos-

838 2394 933 2458 Varie
952 2396 1109 2458 lectiones.

186 2497 212 2537 66
225 2496 386 2569 Agnoscisne
399 2502 485 2557 Fron.
501 2498 526 2540 ⁵⁹
539 2499 589 2556 Cui
603 2499 704 2557 veritas
719 2499 805 2556 ilhen.
821 2504 850 2555 et
867 2500 907 2555 ol.
922 2497 968 2555 cui
993 2496 1093 2555 veritas
1112 2509 1211 2554 nemen
1226 2498 1293 2558 Jun-
1317 2497 1362 2555 eui
1384 2505 1412 2554 et
1424 2512 1524 2555 nomeu
1538 2497 1572 2555 ab
1586 2499 1654 2554 eliis
1672 2499 1790 2557 meunt.

151 2567 178 2607 ⁶⁰
199 2567 286 2625 Simul
301 2571 402 2641 accepit
415 2574 496 2628 Peru.
507 2572 592 2629 Sernl.
603 2571 625 2611 ⁶¹
642 2570 759 2627 Formati
774 2572 861 2628 dhan.
882 2573 963 2627 Pom.
978 2569 1068 2626 Prior.
1093 2571 1186 2627 Puris.
1208 2566 1303 2626 Venet.
1325 2569 1441 2628 Semler.
1457 2584 1553 2626 omnes
1566 2569 1715 2642 editiones,
1730 2571 1792 2628 for-

151 2641 297 2697 mamlun.
313 2640 503 2697 formationem
514 2643 733 2700 comendaverunt
747 2645 821 2699 reete
829 2641 941 2699 doctiss.
956 2640 1038 2697 Grcd.
1055 2640 1266 2698 stadiensem.
1284 2640 1315 2696 in
1327 2641 1399 2697 lren.
1413 2640 1460 2697 tib.
1476 2655 1497 2704 1,
1514 2656 1575 2712 cup.
1588 2643 1614 2698 l.
1625 2640 1651 2678 ⁶²
1660 2640 1791 2711 Conjun·

153 2710 288 2768 etionibus
306 2711 392 2770 Rben.
415 2714 500 2778 Serui,
518 2712 628 2770 Orertlt.
642 2712 667 2751 ⁶³
681 2712 750 2768 Huic
764 2713 851 2768 Rieu.
868 2713 934 2768 tun.
960 2710 1044 2769 Semi.
1060 2710 1086 2749 ⁶⁶
1100 2710 1257 2783 conjugalis
1276 2711 1365 2766 Phrn.
1386 2711 1448 2767 suti
1467 2727 1506 2766 uo
1521 2711 1727 2770 terminatione
1749 2711 1792 2768 eis

148 2797 201 2906 pro
211 2782 281 2862 es.⁶⁶
289 2780 419 2855 Ageratos
427 2794 453 2839 et
462 2784 577 2839 lienosis
589 2805 595 2841 :
605 2786 760 2856 Autophyes
770 2783 881 2840 omittit
892 2783 976 2840 Alcen.
988 2780 1075 2838 Sensi.
1085 2779 1268 2862 661ιο1ιονοζι.
1279 2781 1359 2838 editt.
1371 2786 1400 2837 et
1408 2727 1484 2838 occid.
1496 2784 1687 2862 conjecturum
1698 2781 1790 2839 libers.

107 2906 117 2929 Ι
165 2851 295 2908 nschobs
309 2856 415 2925 recepit
429 2857 528 2919 Fran„
543 2855 595 2911 ulii
609 2855 638 2910 iu
653 2853 726 2909 solis.
742 2854 809 2910 Iun.
833 2853 940 2912 retinet
963 2852 1049 2909 iselis.
1069 2850 1094 2892 ⁶⁷
1113 2852 1303 2925 Rrgrdrssamus
1324 2853 1412 2910 lilten.
1436 2853 1521 2910 Semi.
1545 2853 1571 2892 66
1591 2854 1659 2911 lun.
1673 2854 1792 2911 mauult

159 2922 343 2994 Phosphorius
358 2928 386 2982 et
397 2928 495 2998 posteo
507 2924 681 2996 Phosphorii.
696 2925 721 2965 ⁶⁹
734 2925 804 2980 'lum
817 2927 884 2983 dun.

888 3041 919 3085 m
950 3022 1093 3084 eutarius.

187 3090 246 3171 (48]
255 3100 352 3156 Prima
362 3101 508 3175 quadrien.
521 3103 623 3159 Allndit
636 3100 671 3158 ali
683 3109 801 3174 quatuor
813 3022 949 3159 ἰδοίξίἳνηοῗ
960 3115 983 3194 c
996 3094 1172 3170 προὸεὸλῆιοαι
1192 3098 1255 3152 κατὰ
1268 3097 1379 3172 συζυγίαν
1392 3098 1537 3170 ’Ἄνθρωπον
1553 3098 1592 3152 ναὶ
1616 3099 1763 3156 Ἐκκλησίαν
1779 3121 1788 3139 ·

150 3170 320 3242 agitatorum.
335 3170 398 3228 Rlu.
660 3190 664 3201 ·
996 3170 1037 3223 nol
1052 3165 1113 3221 ιῖναι
1125 3170 1214 3239 ταύτην
1225 3171 1352 3242 cippi-ponor
1371 3168 1504 3242 Ὀγδοάδα,
1518 3170 1586 3241 oliuu
1599 3172 1640 3224 καὶ
1652 3171 1789 3227 ὑπόστασιν

188 3240 246 3311 (ts)
258 3243 301 3296 liu
318 3241 559 3314 conjunctionibus
568 3243 759 3300 musculorum
772 3243 942 3313 etseminer.
995 3245 1046 3295 τῶν
1057 3242 1163 3309 πάντων,
1177 3259 1199 3294 r,
1210 3260 1234 3295 τ.
1250 3241 1275 3293 λ.

151 3310 236 3366 Aliter
248 3311 388 3383 irenaeus,
405 3313 452 3369 sed
465 3314 559 3369 eodem
578 3329 677 3369 sensu:
695 3316 758 3370 Esse
781 3315 857 3369 enim
878 3315 942 3371 illo·
1032 3311 1231 3435 interpretatio
1250 3312 1338 3365 uetus.
1354 3338 1389 3392 ·‡
1403 3310 1508 3392 Dicunt
1521 3325 1578 3392 esse
1591 3311 1742 3384 quemdum
1754 3314 1788 3369 in

150 3397 214 3437 rum
228 3397 455 3459 unumquemque
464 3383 748 3454 masculofeminum.
763 3383 940 3455 Epiphanius,
992 3381 1107 3437 inuisibi
1119 3381 1178 3439 rbus
1188 3379 1458 3438 etiuenurrabrlubus
1475 3381 1678 3441 altitudinibus
1699 3382 1788 3454 perie-

155 3451 323 3523 ᾰῤῥενόνηλυν.
342 3454 382 3510 ln.
993 3457 1066 3507 utum
1079 3451 1200 3517 AEonem,
1215 3451 1260 3522 qui
1274 3449 1400 3506 anteibit
1414 3469 1421 3507 :
1440 3452 1511 3507 laune
1524 3459 1615 3507 autem
1628 3459 1656 3507 et
1676 3454 1787 3511 Proar-

187 3523 244 3594 (50)
259 3522 301 3577 Ab
316 3524 367 3580 hoc
385 3523 499 3596 septimo
512 3524 599 3597 cupite
623 3539 697 3579 suem
712 3522 846 3588 semlerus
862 3523 941 3581 iusti·
992 3520 1072 3577 ehem
1086 3525 1114 3577 et
1127 3523 1166 3577 Pr
1201 3525 1281 3577 uteru
1302 3523 1331 3575 et
1348 3520 1456 3593 Python
1470 3526 1571 3579 uerunt
1586 3540 1592 3578 ε
1608 3537 1665 3580 esse
1686 3528 1787 3584 nutem

150 3591 202 3646 tuit
228 3592 397 3651 collationem
425 3596 554 3652 lrenaeum
580 3595 649 3651 iuter
675 3601 703 3650 et
728 3592 936 3663 Tertullianum3
991 3591 1075 3647 illurn
1089 3592 1174 3649 inuis'
1191 3593 1268 3658 ilem,
1282 3594 1310 3645 et
1323 3606 1404 3663 quern
1419 3592 1501 3649 nullo
1515 3609 1558 3650 res
1571 3607 1669 3668 cupere
1681 3596 1784 3667 possit.

150 3661 240 3717 eidem
258 3670 320 3732 post
343 3679 404 3720 eum
419 3665 517 3720 tramiti
545 3664 708 3730 insistentes,
729 3664 870 3737 utriusque
888 3667 938 3722 sub
994 3661 1062 3720 Cum
1076 3665 1204 3719 autema
1229 3660 1310 3742 nullo
1324 3666 1473 3742 superetur
1490 3667 1518 3719 et
1532 3668 1603 3722 esset
1616 3665 1783 3733 inubibib's,

149 3733 647 3861 restitissemus:
670 3733 938 3864 institisti
989 3734 1629 3875 dhttltlrtittttttttdrlttt
1642 3737 1785 3864 detti:

150 3880 242 3942 petest
256 3885 321 3926 vere
343 3878 370 3928 et
387 3882 460 3931 certo
481 3876 570 3945 operis
595 3873 788 3932 'lemullisnicae
806 3846 936 3944 indolis,
988 3873 1077 3944 fuisse
1089 3876 1117 3928 et
1131 3875 1267 3941 Euneon,
1287 3877 1469 3946 quometiom
1483 3874 1589 3933 dhorn:
1602 3822 1783 3948 etpSiqenuo-

149 3949 223 4006 tuuc,
253 3942 416 4014 supradictis
444 3943 634 4025 obsequentes,
662 3956 691 4003 ut
725 3945 833 4017 singnis
854 3946 936 4003 verba
987 3947 1078 4012 cunt:
1108 3949 1135 3998 et
1161 3943 1304 4016 aliquando
1330 3943 1479 4000 voluisses
1497 3947 1642 4016 semetipso
1656 3947 1782 4004 emittere

149 4011 191 4068 uel
209 4013 490 4071 membreconsimilie
508 4015 602 4072 litteris
620 4015 718 4074 ltelicis
745 4016 838 4073 sedulo
854 4016 936 4074 eden-
988 4012 1059 4070 huuc
1081 4013 1216 4086 Bythum,
1241 4013 1345 4070 initium
1376 4014 1496 4070 omnium
1524 4014 1561 4087 (et
1586 4017 1658 4073 uelut
1684 4031 1783 4075 semen

148 4084 375 4153 tur,aeapertius
388 4084 417 4140 iu
431 4085 547 4142 medium
561 4087 741 4156 proferentur,
763 4086 933 4146 curabimus:
987 4082 1165 4155 prolationem
1196 4085 1264 4140 hanc
1286 4085 1405 4156 uremidi
1426 4083 1531 4157 voluit),
1549 4090 1576 4143 66
1603 4101 1666 4144 dam
1695 4088 1782 4170 depo·

147 4154 286 4241 Δένοοοιγ
338 4174 394 4209 τινα
415 4149 476 4210 εἶναι
498 4154 521 4209 ἐν
540 4156 651 4228 ἂοράτοις
667 4159 708 4211 καὶ
726 4158 936 4230 ἀνατονομάοτοις
987 4157 1075 4213 tuisse
1089 4157 1169 4228 quasi
1183 4157 1215 4212 t'rs
1229 4155 1312 4214 vulva
1326 4158 1398 4228 ejus,
1415 4170 1476 4229 quae
1495 4171 1556 4214 cum
1571 4170 1603 4213 eo
1619 4168 1688 4224 erat,
1703 4157 1779 4230 8130.

147 4224 269 4295 stupore,
285 4245 299 4279 τ
339 4243 372 4279 ιον
395 4228 470 4280 αἰῶνα
482 4229 590 4299 apedno
605 4249 611 4263 ·
625 4233 711 4283 τοῦτον
723 4227 751 4281 δὲ
765 4229 839 4285 nal...
863 4230 933 4301 Προ-
985 4226 1065 4281 Hune
1078 4231 1174 4283 eutem
1192 4228 1343 4352 suseefiisse
1360 4242 1453 4285 semen
1468 4225 1526 4293 hoc,
1539 4231 1566 4283 et
1578 4233 1781 4300 proepnantern

146 4296 306 4366 πάτοραίαἱ
327 4296 401 4351 netto
423 4302 570 4353 καλοῦσιν...
589 4297 652 4370 tem
672 4317 733 4352 οντα
741 4300 763 4352 δ’
779 4299 852 4354 αὐτον
866 4298 933 4368 ἀχώ·
986 4297 1095 4366 sactum
1113 4312 1258 4371 yenerassd
1297 4313 1344 4361 un,
1364 4297 1481 4355 similem
1500 4305 1527 4353 et
1541 4314 1564 4353 ae
1584 4298 1670 4355 uelem
1691 4300 1717 4355 ei
1731 4299 1781 4381 qui

147 4383 232 4435 ρητον,
247 4367 287 4419 nul
311 4365 420 4438 ἀόρατον,
439 4364 519 4422 ἀΐδιόν
539 4388 566 4423 τε
584 4371 625 4422 nul
647 4319 782 4441 ὲέοητον,
807 4368 832 4423 ln
844 4368 933 4444 ἡσυχίᾳ
948 4386 971 4466 n
985 4367 1120 4433 emiserat,
1133 4378 1159 4424 et
1172 4369 1259 4424 solum
1273 4367 1425 4436 capientem
1438 4315 1654 4450 'magnituiiuem
1675 4368 1777 4439 Polus,

145 4434 282 4510 suihpeuip
296 4438 378 4511 πολλῇ
389 4458 417 4511 γι
434 4438 551 4493 orituris
565 4438 667 4512 ἀπείροις
681 4439 755 4494 uideor
770 4441 873 4510 spinos.
887 4449 932 4494 Σο·
985 4437 1090 4492 -Nltn
1098 4442 1196 4495 eutem
1205 4439 1316 4495 inuncet
1327 4439 1379 4496 Urt'
1396 4443 1507 4497 entium
1516 4443 1616 4498 vocam
1625 4441 1781 4500 eiPltirm

146 4459 708 4581 mopsisrmspoi”unneu,astten
722 4511 795 4582 Χάριν
808 4510 931 4584 saliuis
985 4509 1013 4562 et
1021 4509 1141 4565 initium
1161 4509 1298 4565 omnium.
1314 4537 1350 4550 -
1390 4518 1524 4566 nsoutem
1537 4512 1803 4568 cumeoemissam·

146 4578 308 4650 ὀνομάζουσι·
327 4581 368 4633 nol
383 4578 518 4637 ἔννοιιθέντι
530 4580 591 4635 ποτὲ
611 4579 653 4652 ἀφ’
667 4582 750 4635 mussi
771 4580 934 4652 nectanebus
988 4576 1132 4634 Veritatem
1157 4586 1184 4635 el
1211 4579 1279 4636 huuc
1305 4593 1364 4634 esse
1382 4578 1495 4651 primam
1516 4588 1543 4637 el
1566 4580 1778 4652 primogenitam

144 4647 267 4705 τονΒονὸν
284 4650 454 4721 τοῦτονὰοχὴν
467 4656 514 4705 :eu
527 4652 624 4706 πάντων
639 4673 647 4688 ·
661 4651 820 4706 salniense
837 4654 932 4779 entpra
985 4647 1188 4723 Pythagoricam
1212 4647 1454 4720 quaternationem,
1480 4666 1560 4722 quem
1592 4656 1620 4704 et
1654 4652 1777 4710 radicem

907 4743 933 4778 ο.

143 4716 189 4786 τὴν
202 4719 325 4790 epotetur
343 4720 432 4790 reims
449 4721 487 4791 (ἣν
499 4712 659 4794 προόαλέοθαὶ
672 4721 782 4794 inroitu)
795 4709 893 4778 αἀἱιιαθ
983 4721 1102 4775 omnium
1129 4718 1302 4776 dicuutziist
1319 4722 1395 4776 enim
1423 4723 1565 4794 Bytltoset
1578 4721 1649 4793 Side,
1674 4723 1779 4780 deinde

145 4798 194 4856 uus,
210 4792 242 4851 ὣς
265 4789 290 4842 ἔν
304 4791 440 4864 μήτρᾳ,ιῇ
462 4811 643 4866 ονννιιαρχοοοῃ
658 4792 739 4868 ἑαυτῷ
752 4794 823 4866 Σιγῇ.
837 4801 874 4847 Ta
918 4815 931 4850 ν
984 4788 1493 4848 NusetAletteiosentieutemoutem
1510 4794 1562 4851 Urtt'
1581 4793 1777 4853 enitumltunc

144 4856 172 4910 bi
186 4858 364 4931 ὑποδεξαμένην
378 4860 407 4914 τὸ
425 4863 523 4936 σπέρμα
539 4869 621 4934 τοῦτο,
635 4866 676 4917 καὶ
691 4863 811 4938 ἐγκύμονα
827 4883 903 4937 γενομ
920 4893 931 4909 ·
982 4859 1014 4916 t'n
1056 4861 1440 4944 oeprolaiusesi,emistsseet
1452 4864 1545 4935 ipsum
1556 4809 1775 4944 fenestellam,

143 4944 186 4982 νον
202 4928 341 4998 ἀποκυῆσαι
357 4937 433 4999 Νοῦν,
454 4934 538 5005 bpoids
556 4953 594 5000 τι,
615 4935 656 4989 nel
674 4937 745 5006 μόνον
763 4941 891 5007 χωροῦντα
904 4938 931 4992 ον
1001 4945 1093 5012 αιτιοι
1104 4947 1231 4989 omnium
1244 4947 1337 4987 eornm
1351 4949 1396 5004 qur
1417 4941 1477 5003 post
1490 4948 1520 4988 se
1532 4931 1616 4988 futuru
1630 4942 1735 5003 essent,
1747 4941 1776 4990 et

146 4997 177 5069 pt
195 5001 245 5059 sto:
266 5005 308 5054 τοῦ
326 5020 374 5056 ποτ
390 5005 427 5064 ος.
446 5004 492 5058 Tor
510 5003 538 5058 bl
560 5005 625 5060 Νοῦν
643 5011 731 5061 τοῦτον
749 5008 790 5060 sul
808 5006 931 5079 Μονογινῆ
981 4947 1102 5056 instrum
1120 5005 1148 5056 et
1161 5003 1362 5072 domationem
1389 5004 1515 5061 urrieersi
1535 5004 1717 5064 Pleromatis.
1736 5007 1776 5063 De

142 5085 162 5121 n
207 5070 302 5135 smmi
320 5022 461 5144 ποτῖοοκοὶ
472 5075 609 5148 eppinstein
622 5078 719 5131 πάντων
732 5073 932 5148 οομαροὸιΰνῆο-
983 5071 1053 5153 Ιιοοο
1067 5075 1164 5129 eutem
1182 5076 1213 5154 'et
1231 5074 1283 5132 Zoe
1304 5077 1437 5131 emissum
1464 5073 1619 5132 secundum
1632 5080 1776 5151 conjucu-

143 5139 184 5192 θαι
207 5134 234 5191 di
256 5140 318 5195 sis·
352 5142 495 5212 Ἀλήθειαν·
519 5166 558 5199 ναι
577 5141 638 5201 εἶναι
654 5148 742 5203 ταύτην
765 5152 864 5218 πρῶτον
891 5147 932 5202 καὶ
983 5144 1250 5224 6606666666666666666
1273 5148 1301 5200 66
1315 5147 1477 5211 Ecclesiam,
1491 5149 1518 5200 66
1538 5160 1597 5202 6666
1621 5144 1696 5202 666666
1708 5148 1776 5220 Μ’·

143 5165 466 5343 ξὲχξγονονκὲοοιγοριξὴὲ
488 5217 770 5342 τετραιτὶίζ,θδῆοωιαὶΣ
783 5217 862 5340 ides!
882 5225 930 5273 res
983 5216 1386 5339 meimm'ssngmmmm
1400 5216 1523 5273 radicem
1537 5219 1566 5272 et
1578 5215 1776 5276 substantians

179 5302 227 5333 νω
351 5305 365 5335 o
397 5326 404 5343 ,
661 5307 671 5346 ς
814 5328 821 5353 ,
1118 5325 1123 5338 .
1195 5324 1201 5337 .
1795 5316 1796 5320 ¹

142 5350 208 5412 Nos:
221 5352 262 5405 καὶ
277 5287 931 5429 mm·AtgssssimlgvMwwgiziohoffiiff
1018 5300 1136 5434 (minin
1163 5355 1275 5413 scholiis
1300 5354 1569 5427 Cortbnptuensibus.
1600 5355 1631 5410 In
1654 5354 1774 5430 antiquis

142 5415 178 5481 uic
191 5420 339 5494 nposdildbn,
353 5423 621 5498 npossoitsiuuuiuisis
634 5430 719 5499 Λόγον,
734 5426 866 5496 salluis,
879 5379 931 5483 no?-
982 5423 1180 5492 exemplaribus
1192 5426 1289 5508 legitur
1303 5427 1356 5482 :Ire
1383 5427 1470 5484 isclis.
1498 5426 1577 5496 Quod
1590 5424 1707 5487 tortusue
1733 5431 1776 5486 Psi

142 5509 201 5564 sepo
222 5495 318 5549 πάντων
326 5499 384 5567 ,μετ’
396 5498 466 5550 αὐτὸν
480 5495 614 5570 ἐσομένων,
626 5497 667 5561 sni
685 5495 762 5570 ἀρχὴν
778 5499 819 5552 soi
832 5503 932 5572 μόρφω-
984 5493 1144 5552 vocabulum
1156 5495 1323 5554 Africanum.
1334 5497 1397 5553 lue.

142 5578 178 5614 osu
192 5565 278 5626 παντὸς
286 5570 332 5622 τοῦ
345 5567 509 5641 Πληρώματος
519 5565 563 5624 ·is
574 5566 602 5623 bi
613 5573 654 5624 τοῦ
663 5569 744 5643 Λόγον
757 5570 799 5624 καὶ
811 5576 854 5642 τῆς
866 5572 933 5643 Ζοῆς
