3840 6134
63 286 99 343 st
798 289 999 352 anconem.
1457 263 1461 274 ’
1680 302 1717 362 aa

63 421 119 471 tate
153 431 170 469 n
197 411 345 479 civitatem,
376 411 478 469 nnllam
506 413 578 469 enim
604 414 686 471 aliam
724 414 865 489 Evangelii
882 434 905 513 Α
921 419 972 474 bus
995 434 1048 476 non
1073 420 1202 493 competit
1223 419 1347 492 quaetio,
1371 420 1466 477 sedad
1490 423 1551 480 illes
1565 427 1612 498 qni
1626 428 1715 486 studio

63 501 222 560 memoriam
241 508 348 558 curant.
372 500 442 558 Nori
464 511 627 573 etpsstores
642 505 700 574 (th)
715 519 821 573 eorum,
839 507 866 561 in
921 510 1049 576 discendi,
1074 525 1129 565 nort
1152 510 1329 580 questionem
1352 509 1487 578 deterunt,
1510 515 1558 570 sed
1573 517 1715 573 consulta-

60 609 129 664 pace
144 594 247 658 leones,
267 590 297 645 in
314 590 407 663 praelio
420 606 523 648 servos.
545 592 599 649 Sed
614 592 649 649 de
664 593 863 665 quaestiouibus
921 598 1032 655 tionem.
1050 599 1118 654 Nam
1142 605 1170 654 et
1186 614 1294 669 semper
1317 598 1448 671 quaeritur
1468 600 1501 656 de
1519 601 1620 669 isto,et
1635 603 1714 662 laudo

61 681 263 738 wulcssionum
278 678 343 735 aiibi
358 680 525 736 docebimus.
549 682 583 736 ht
605 698 677 739 nuno
690 693 824 753 quatenus
838 687 866 741 et
920 683 1000 741 fidem
1021 703 1083 758 qum
1107 699 1167 743 ante
1190 685 1330 744 credidit⁷
1350 689 1548 744 obseruandum
1559 707 1620 747 csse
1634 710 1713 764 quam

60 771 128 827 illud
152 778 297 841 opponunt
316 785 325 823 z
348 769 400 828 Ubi
422 779 514 826 autem
535 770 709 842 prohibemur
723 773 864 829 coronari?
919 775 1014 833 didicit
1035 778 1102 848 (Iso.
1126 794 1174 846 tur,
1197 778 1235 848 9).
1259 778 1292 833 Et
1310 776 1388 833 facile
1409 787 1451 835 est
1473 780 1565 836 statim
1589 783 1710 856 exigere,

61 860 138 915 llaec
162 857 250 930 magis
272 857 387 915 localem
407 858 583 914 substantiam
607 875 699 915 causta
723 860 865 932 pratentis
919 864 963 919 ubi
984 865 1112 936 scriptum
1136 868 1181 935 sit,
1208 882 1242 922 ne
1264 880 1436 922 coronemur.
1452 867 1488 922 tt
1502 867 1629 924 eaimubi
1643 871 1714 925 acri-

60 946 229 1021 apgtediar‚
257 953 287 999 ut
314 954 342 1000 et
364 946 411 1017 qui
435 962 468 1003 ax
496 946 676 1005 sollicitudine
704 947 865 1022 ignorantiae
919 961 995 1023 ptum
1012 961 1052 1009 est
1071 955 1138 1026 (iti),
1157 963 1185 1009 ut
1203 956 1385 1010 coronemur?
1409 955 1619 1026 Expostulantes
1642 960 1714 1015 enim

60 1043 196 1106 quaeruut,
221 1031 388 1089 instruantur
405 1053 413 1104 ;
439 1038 466 1092 et
486 1034 570 1107 quiin
584 1033 769 1092 defensionem
787 1035 800 1074 ⁵
814 1038 865 1092 de·
919 1041 1066 1114 Scripturae
1081 1043 1259 1115 patrocinium
1274 1045 1305 1099 in
1320 1054 1395 1116 parte
1409 1045 1523 1111 diversa,
1540 1047 1717 1119 prejudicant

59 1124 111 1180 lieti
145 1122 326 1191 contendunt,
360 1123 546 1192 retineantur;
577 1123 631 1194 ipsi
669 1124 713 1180 vel
748 1124 865 1183 manime
919 1147 975 1187 suae
1000 1149 1107 1206 quoque
1135 1134 1203 1201 parti
1230 1133 1404 1204 tsertpturae
1426 1136 1603 1204 patrocinium
1617 1137 1716 1196 adesse

60 1210 205 1268 Christiani
230 1211 361 1282 Laurenti,
387 1211 486 1283 quihus
509 1211 536 1266 id
561 1213 649 1269 solunt
671 1213 785 1286 questio
807 1224 863 1282 cett
918 1219 1029 1277 dehere.
1055 1224 1122 1278 Nam
1145 1222 1169 1277 si
1191 1223 1254 1278 ideo
1277 1222 1382 1280 dicetur
1405 1228 1528 1282 coronari
1547 1227 1638 1295 licere,
1652 1228 1718 1300 quia

59 1299 135 1370 quasi
156 1309 206 1355 aut
220 1297 324 1353 nullum
340 1309 386 1354 aut
404 1298 536 1355 incertum
561 1298 654 1354 saltem
673 1300 765 1355 ltaheri
781 1302 866 1370 possit
919 1327 973 1367 nnn
998 1311 1139 1381 prohibent
1162 1311 1310 1384 Scriptura,
1330 1327 1408 1382 mque
1428 1317 1633 1387 retorquebitur
1655 1317 1715 1375 ideo

59 1389 189 1444 delictum
219 1388 294 1458 quod
325 1385 443 1457 patiatur
465 1388 655 1459 sufflationem·
686 1388 743 1445 Neo
761 1389 865 1445 nullum
919 1401 1045 1456 coronari
1059 1414 1112 1455 non
1127 1400 1217 1466 licere,
1227 1400 1291 1472 quia
1304 1399 1443 1470 Scriptura
1458 1418 1512 1458 uon
1525 1405 1628 1472 jubeat.
1643 1406 1716 1474 Quid

60 1488 150 1532 ‘ulem
163 1490 216 1532 ¹¹0⁰
229 1475 373 1547 issoeflumt
392 1477 455 1532 hini
467 1475 576 1532 mrim
591 1477 743 1534 mendam·
920 1489 999 1546 iaciat
1013 1488 1176 1562 disciplina?
1198 1499 1343 1560 utrumque
1362 1491 1483 1561 recipiet,
1498 1495 1575 1565 quasi
1591 1503 1715 1552 neutrum

374 1566 488 1639 carui
502 1582 536 1638 ll.
920 1578 1086 1650 prohibitum
1109 1578 1165 1633 sit?
1189 1594 1221 1632 an
1245 1589 1388 1648 utrumque
1411 1578 1522 1647 rejiciet,
1546 1584 1624 1655 quati
1645 1600 1716 1640 neu·

96 1671 244 1727 Neminem
269 1671 333 1728 nino
365 1671 485 1727 fidetium
509 1685 637 1727 entonam
659 1672 866 1742 mpitetnntnn
920 1678 990 1722 trum
1013 1675 1176 1738 praeceptum
1191 1666 1245 1722 eit‘l
1272 1667 1326 1721 sed
1357 1669 1428 1739 quod
1457 1685 1513 1724 non
1545 1672 1715 1742 prohibetur,

63 1760 128 1814 uias
142 1769 221 1815 extra
246 1768 353 1829 tempus
379 1759 533 1814 tentationis
553 1759 698 1829 eiusmodi.
714 1759 815 1817 Omnes
828 1762 866 1815 ita
882 1719 904 1796 Β
920 1753 990 1812 ultro
1010 1755 1174 1826 permissum
1196 1761 1247 1811 est.
1271 1754 1329 1810 lmo
1344 1755 1502 1824 prohibetur
1514 1760 1588 1829 quod
1602 1775 1657 1817 non
1668 1761 1713 1816 ul-

60 1850 218 1914 observant,
249 1848 488 1904 catechumenis
513 1863 599 1920 usqua
631 1849 667 1905 ad
695 1849 867 1906 confessores
920 1852 961 1901 tro
976 1853 1016 1900 est
1034 1843 1204 1914 permissum·

59 1949 89 1994 et
113 1947 258 2008 martyres,
276 1935 322 1992 uel
334 1944 491 2009 negatores.
506 1936 615 1993 Videris
629 1937 700 1992 unde
718 1937 867 1994 auctoritas
1241 1931 1351 1988 CAPUT
1363 1931 1409 1988 ΠΙ·

58 2024 157 2091 nuris,
172 2025 208 2080 de
230 2040 286 2098 qua
310 2040 383 2080 nunc
406 2025 522 2082 maxime
535 2027 676 2097 quaeritur.
703 2027 785 2084 Porro
804 2043 866 2084 cnm
955 2020 989 2075 Et
1010 2016 1129 2091 quandiu
1149 2033 1196 2090 per
1211 2019 1278 2075 hunc
1302 2018 1402 2075 lincam
1417 2035 1519 2076 serram
1534 2023 1716 2092 reciprooahi·

56 2112 192 2187 quaeritur
217 2128 266 2168 cur
295 2115 360 2184 quid
384 2114 551 2182 observetur,
581 2116 721 2171 observari
760 2115 866 2172 interim
920 2107 1352 2164 mushahentesubservationem
1366 2110 1550 2178 inteteretatn,
1564 2127 1626 2182 qum
1642 2128 1715 2183 prte-

57 2211 177 2258 npttntat,
205 2201 281 2274 Ergo
296 2216 347 2256 nec
371 2203 475 2257 nullum
491 2217 542 2259 nec
565 2203 698 2260 incertum
713 2202 797 2259 videri
812 2219 866 2274 po-
919 2196 1053 2256 veniendo
1076 2203 1174 2251 statum
1199 2193 1278 2253 fecii?
1297 2195 1371 2251 Hune
1385 2195 1409 2252 si
1423 2197 1498 2252 nullu
1511 2197 1650 2270 Scriptura
1663 2203 1715 2257 de·

58 2298 111 2345 test
129 2287 274 2359 delictum,
296 2288 371 2359 quod
394 2289 571 2345 committitur
593 2290 621 2344 in
647 2292 865 2347 observationem
921 2284 1081 2350 terminarit,
1097 2285 1566 2354 corle⁶⁰¹1⁸110²¹1d0·⁰⁰fl⁰b0r⁸llilt
1581 2305 1642 2361 (1⁰oe
1656 2289 1716 2346 lille

57 2392 108 2433 ,110
124 2378 184 2447 jam
202 2377 397 2435 vindicandam
420 2379 540 2445 nomine,
568 2388 595 2434 nt
616 2379 682 2434 tntis
696 2389 865 2439 auctoratam
920 2374 1003 2430 dubio
1026 2374 1059 2429 de
1077 2373 1219 2429 traditione
1245 2373 1373 2431 manarit.
1396 2372 1536 2441 Quomodo
1554 2377 1625 2432 enim
1641 2395 1717 2434 usur·

55 2481 212 2522 warnaeus
227 2464 398 2536 pinntini03
415 2464 466 2522 18
490 2469 578 2538 pient,
594 2474 624 2522 nt
639 2469 706 2525 rattn
720 2472 866 2540 qnnrenda
920 2465 977 2534 pari
1002 2462 1066 2534 quid
1093 2472 1187 2532 potest,
1212 2461 1235 2516 si
1252 2461 1376 2517 uaditum
1392 2463 1467 2534 prius
1487 2479 1538 2519 non
1554 2466 1615 2521 esti
1629 2466 1715 2524 titiam

55 2557 109 2624 sit;
136 2554 191 2610 sed
214 2555 292 2609 salsa
315 2555 515 2620 observatione,
534 2572 586 2612 nec
606 2558 634 2611 in
658 2557 864 2614 destructionem
918 2553 946 2607 iu
963 2551 1112 2607 traditionis
1131 2555 1243 2607 obtentu
1261 2551 1396 2624 exigenda
1408 2561 1459 2623 est,
1474 2553 1572 2625 inquis,
1593 2558 1714 2612 auctori-

55 2645 124 2713 ejns,
150 2645 201 2698 sd
223 2642 470 2700 inedificetionem
497 2645 543 2714 (tt,
563 2646 623 2701 Cor.
640 2660 698 2712 xttt,
715 2649 759 2715 lu)
775 2649 866 2716 potius
919 2650 960 2697 tas
982 2641 1091 2714 scripta.
1117 2641 1191 2713 Ergo
1210 2655 1368 2713 quaeramus
1384 2657 1419 2697 an
1446 2652 1475 2697 et
1496 2644 1612 2710 traditio,
1634 2645 1717 2701 nisi⁹

55 2749 107 2805 qne
127 2732 222 2804 magis
245 2734 385 2800 observes,
411 2749 471 2788 cum
497 2732 580 2788 tueris
600 2734 681 2789 etiam
705 2734 738 2789 dc
755 2735 865 2791 ratione
919 2731 1028 2803 scripta,
1052 2745 1106 2786 uon
1130 2726 1187 2785 79
1207 2730 1304 2786 debeat
1327 2729 1430 2802 recipi?
1454 2732 1535 2786 Plane
1556 2734 1717 2805 negabimus

55 2837 181 2877 murus.
207 2820 295 2890 Quale
309 2828 352 2876 est
366 2830 469 2889 autem,
486 2832 515 2877 ut
529 2827 592 2876 tuuc
606 2822 666 2892 quis
682 2823 709 2876 in
734 2824 864 2894 quaestio·
920 2819 1113 2891 recipiendam,
1137 2820 1159 2874 si
1175 2816 1249 2874 nulla
1262 2822 1386 2888 exempla
1407 2819 1586 2891 praet'udicent
1603 2823 1715 2878 aliarum

58 2924 117 2964 aem
145 2915 284 2980 provocet
311 2909 539 2975 obseruationem,
566 2925 626 2966 cum
641 2910 675 2965 ab
700 2912 864 2969 caerciditl
919 2908 1145 2976 obseruationum,
1170 2923 1236 2979 quas
1258 2907 1318 2964 sine
1343 2906 1421 2963 ullius
1449 2909 1595 2982 Scriptura
1617 2909 1716 2967 instru-

65 3005 89 3050 at
110 3007 176 3054 tune
200 2997 321 3067 requirat
344 2996 414 3053 unde
427 2997 550 3054 habuerit
565 2997 781 3055 observationem
801 3018 862 3057 eum
877 2996 899 3076 e
914 3002 1015 3062 mento,
1038 2996 1122 3052 solius
1145 2994 1296 3051 traditionis
1310 2996 1388 3054 titulo
1401 2996 1469 3070 (tt),
1484 3007 1511 3053 et
1531 2998 1628 3057 exinde
1650 3015 1716 3058 eon·

72 3085 105 3139 ab
126 3101 156 3140 aa
191 3083 294 3138 desiitl
320 3087 424 3158 quando
459 3096 486 3144 et
510 3087 532 3142 si
561 3087 621 3143 ideo
641 3087 707 3144 velit
726 3088 812 3145 videri
830 3091 864 3144 ad

72 3173 251 3240 pressionem
275 3188 373 3242 vacere,
397 3182 428 3231 ut
452 3177 576 3231 ostendet
598 3191 628 3231 ee
650 3191 705 3232 non
718 3177 865 3248 deliquisse

67 3261 94 3314 in
111 3259 314 3317 observationis
327 3261 510 3330 destitutione,
528 3262 702 3320 nihilominus
716 3264 865 3337 deliquisse

64 3348 307 3406 inobservatronis
329 3351 549 3423 presumptione.
570 3351 599 3407 Si
622 3353 694 3408 enim
717 3369 770 3409 non
793 3355 865 3409 deli-

64 3439 116 3507 quit
140 3434 227 3493 hodie
252 3449 378 3510 suscepta
399 3455 509 3510 corona,
533 3440 644 3511 deliquit
660 3441 805 3513 aliquando
821 3461 866 3500 re-

66 3534 164 3582 cusata.
195 3527 230 3582 tit
254 3527 316 3583 ideo
332 3543 387 3585 nort
404 3529 438 3584 ad
451 3544 499 3584 eos
513 3529 563 3586 erit
576 3529 626 3584 iste
642 3537 778 3599 tractatus,
800 3533 866 3604 qui-

919 3083 1070 3139 suetudinis
1098 3083 1245 3153 patrocinio
1274 3082 1448 3140 vindicamus.
1477 3086 1618 3160 Denique,
1649 3098 1716 3143 uta

919 3170 1078 3242 baptismate
1101 3168 1235 3241 ingrediar
1257 3169 1325 3238 tta),
1349 3185 1446 3240 aquam
1469 3171 1580 3241 adituri,
1604 3174 1715 3241 ibidem,

919 3260 966 3317 sed
982 3268 1011 3315 et
1023 3259 1159 3331 diquanto
1176 3257 1250 3330 prius
1260 3255 1287 3311 iu
1297 3257 1416 3313 Ecclesia
1429 3258 1481 3313 sub
1495 3259 1623 3316 antistitis
1638 3277 1716 3314 manu

919 3353 1100 3407 contestamur
1114 3347 1171 3419 (19)
1187 3361 1236 3401 nos
1251 3345 1403 3402 renuntiare
1416 3345 1535 3417 diabolo,
1554 3355 1580 3403 et
1598 3362 1716 3420 pompae,

920 3448 949 3497 et
976 3436 1079 3511 angelis
1103 3436 1181 3506 ejus:
1206 3435 1302 3491 dehinc
1325 3441 1365 3491 ter
1380 3435 1555 3506 mergitamur
1573 3437 1641 3508 (20),
1661 3454 1717 3492 am-

920 3531 990 3602 plius
1004 3526 1106 3600 aliquid
1121 3524 1324 3597 respondentes,
1343 3541 1425 3595 quam
1445 3524 1574 3581 Dominus
1587 3525 1616 3581 in
1630 3527 1719 3582 Eunu·

756 3647 850 3712 Variae
871 3650 1026 3713 lectiones.

98 3748 111 3786 ⁶
124 3747 288 3805 ostensione
309 3750 395 3808 Semi.
410 3751 423 3790 ⁶
436 3751 534 3823 Capiti,
552 3753 604 3810 tls.
635 3755 738 3813 Wottn.
753 3754 845 3812 Credit
859 3760 946 3813 Fron.
961 3753 1051 3810 Perit.
1072 3751 1085 3790 ⁸
1110 3747 1197 3805 Partis
1218 3748 1304 3808 Semi.
1317 3746 1331 3788 ⁹
1344 3746 1404 3803 N0¹¹
1425 3749 1513 3804 Fran·
1528 3748 1619 3807 Parit·
1640 3750 1664 3791 ¹⁰
1678 3749 1719 3806 De

73 3819 147 3876 toltit
163 3819 251 3878 Semt.

771 3898 1019 3962 Commentarius.

68 3995 210 4065 emigrare,
235 3996 356 4052 micinas
378 3998 515 4071 colligere.
543 4001 688 4058 »Verbum
709 4003 743 4058 dc
764 4019 869 4075 praece-

71 4066 197 4121 dantibus
220 4070 399 4138 repetendum
423 4081 463 4127 eat
487 4089 493 4128 :
515 4094 526 4123 t
552 4074 607 4129 Nec
620 4075 715 4132 dubito
738 4076 870 4147 quosdam

68 4137 225 4210 Scripturas
238 4139 387 4198 mussitare.
400 4159 415 4191 n
430 4143 494 4198 lito.

99 4209 241 4279 (lametii
255 4213 284 4267 et
301 4218 501 4284 pestorensis.
522 4213 602 4271 Notat
620 4215 763 4288 episcopos
780 4218 871 4272 ortlto·

67 4279 125 4333 doti
141 4280 250 4350 populi,
264 4284 308 4352 qui
320 4285 484 4339 damnationi
494 4288 737 4357 pseudoprophetae
752 4289 869 4343 Montani
885 4289 908 4366 fl

67 4352 296 4422 subscripserant,
316 4369 365 4409 ceu
386 4356 546 4422 molliculus,
566 4365 592 4413 ct
606 4358 653 4428 qui
673 4359 867 4429 persecutionis

67 4433 188 4494 unipore
213 4425 292 4491 primi
317 4424 433 4499 lugiunt,
457 4444 518 4483 cum
535 4430 686 4498 plebemad
707 4429 865 4510 ntattyrium

65 4493 187 4548 animare
201 4497 345 4550 deberent.
364 4498 614 4568 Pseu-leptophetia
629 4501 748 4556 llontani
762 4501 866 4557 vtdetur

66 4565 234 4634 pracepisse
248 4575 328 4635 atque
344 4569 469 4639 exegisse
483 4571 649 4640 martyrium.
667 4571 759 4627 husu.

97 4637 160 4706 (16)
183 4637 301 4692 Atettt'm
324 4639 371 4693 ubi
389 4640 530 4712 scriplum
545 4646 598 4699 est.
615 4643 664 4696 Pro
678 4641 867 4697 traditionibus

66 4706 105 4760 hic
130 4707 204 4760 mire
219 4708 284 4760 lacit
302 4708 413 4763 Tertull.
432 4720 523 4766 rontrt
539 4712 736 4768 Calvinistaset
757 4715 797 4767 hia
820 4718 867 4767 de-

64 4776 228 4851 bergenses,
239 4779 286 4849 qui
300 4781 423 4837 audacter
432 4784 510 4836 uiutis
526 4792 697 4838 asseruerunt
716 4784 768 4838 hoc
816 4799 865 4838 on·

65 4853 115 4903 rani
141 4848 248 4920 dogma
274 4864 345 4914 osse,
371 4857 445 4922 quod
469 4852 565 4910 falsum
592 4862 619 4910 et
637 4854 866 4910 moracalumuin.

64 4918 131 4973 llam
158 4919 315 4987 nonianus,
338 4931 447 4978 auctore
460 4924 591 4993 Eusebio,
606 4924 652 4980 lib.
670 4942 684 4979 v
701 4928 781 4992 llish,
799 4940 867 4981 con·

65 4992 144 5117 pearpa
173 4992 301 5061 quaedam
326 4994 459 5049 traditioni
471 4996 573 5066 primus
588 4996 762 5068 proposuisse
772 4996 867 5052 l'ertur.

136 5076 169 5115 a.

95 5132 236 5203 (ti)Sine
245 5133 495 5207 ulliusScrt'pturoe
505 5139 708 5215 instrumento,
720 5137 805 5195 solius
813 5142 870 5194 tru-

65 5202 188 5260 diliotrt's
197 5203 296 5260 tilulo.
309 5205 408 5259 Totum
419 5209 489 5263 hunc
501 5224 653 5264 sermonem
663 5209 873 5266 exsuxitiltero·

66 5290 177 5344 ntmus,
207 5273 342 5331 adversus
365 5277 565 5336 Luciferianos:
591 5279 732 5336 «Etiamsi
749 5279 872 5351 Scriptu-

66 5358 100 5400 rte
130 5344 289 5401 austeritas
317 5363 371 5413 non
387 5349 517 5418 subesset,
544 5351 641 5421 inquit,
659 5353 740 5408 totius
755 5353 829 5407 orb-s
844 5351 872 5406 in

65 5415 132 5472 banc
164 5431 273 5488 partem
299 5432 451 5474 consensus
480 5424 563 5477 instar
588 5426 713 5494 praecepti
726 5425 872 5478 obtineret.

65 5487 128 5542 llum
154 5495 185 5543 et
207 5488 295 5543 multa
322 5488 386 5558 alia,
409 5506 469 5563 quae
485 5508 532 5563 prr
546 5492 713 5549 traditionem
742 5495 768 5548 iu
782 5495 875 5550 Eccle-

67 5559 111 5614 siis
133 5560 328 5626 observantur,
353 5565 538 5619 auctoritatem
562 5563 612 5619 sthi
632 5564 775 5637 Scripturm
790 5574 817 5619 et
832 5565 874 5620 le-

924 4004 966 4077 pis
990 4005 1197 4071 usurpaverunt,
1223 3994 1296 4053 velut
1319 3997 1345 4052 in
1368 3996 1475 4052 lavacro
1497 3998 1631 4069 tercaput
1645 4012 1716 4053 mer·

926 4074 1023 4146 pitane,
1051 4070 1149 4125 deinde
1176 4083 1300 4142 agressos
1321 4066 1397 4124 iactis
1412 4078 1439 4123 et
1453 4067 1538 4122 mellis
1554 4078 1718 4140 praegustare

926 4141 1108 4203 concordiam.
1128 4146 1205 4198 tete.
1224 4141 1287 4194 litu.

961 4213 1019 4286 ((8)
1029 4213 1151 4283 llettr'que
1162 4215 1195 4266 ut
1208 4209 1402 4291 uhuptt'smule
1421 4208 1575 4282 inpredior,
1586 4211 1613 4266 in
1628 4211 1720 4268 codice

925 4284 1060 4358 Agebardi
1088 4290 1192 4338 tantum
1222 4283 1337 4352 legitur:
1368 4302 1380 4331 ι
1409 4282 1527 4352 Denique
1548 4291 1575 4336 ut
1586 4284 1718 4354 baptisma

925 4367 964 4414 ter
983 4353 1146 4429 ingrediare
1166 4366 1238 4421 uam,
1253 4353 1343 4409 aditur
1356 4351 1464 4407 ibidem.
1482 4372 1494 4401 t
1512 4353 1574 4408 lito.

955 4370 1718 4548 (ts)ttiqnnnioprtnttnuectetiasnonntt'sttttrma-

920 4503 1169 4556 aucentestamur.
1205 4495 1395 4560 uctorQucast.
1413 4494 1720 4552 VeterisatNoviTesto·

920 4572 1021 4633 mettii,
1049 4577 1145 4642 quaest.
1166 4567 1234 4621 102:
1267 4563 1346 4629 «uni
1372 4566 1466 4619 volunt
1481 4565 1625 4618 Christiani
1648 4563 1717 4628 lieri,

921 4645 1051 4696 accedunt
1070 4635 1227 4699 antistitem,
1252 4633 1344 4689 dicunt
1365 4633 1390 4686 ei
1411 4641 1475 4687 uota
1501 4648 1558 4686 sua.
1589 4633 1636 4687 Ille
1655 4633 1718 4686 iacit

921 4712 1002 4768 verba
1018 4711 1088 4780 juris
1107 4703 1290 4764 trentesiastict.
1315 4703 1343 4759 Si
1368 4717 1429 4758 uera
1452 4711 1516 4756 vota
1540 4712 1614 4770 sunt,
1632 4705 1718 4756 susci-

922 4782 1031 4856 piuntur
1046 4797 1061 4835 a
1074 4780 1176 4849 iudice.
1196 4798 1207 4827 t
1229 4777 1293 4830 lita.

957 4854 1015 4924 (20)
1048 4853 1095 4909 Ter
1116 4849 1313 4921 marpitetttttr.
1340 4845 1401 4917 lpse
1433 4840 1562 4900 advorsus
1582 4843 1721 4925 Praneam,

923 4940 985 4996 pag.
1016 4925 1086 4978 659:
1119 4920 1214 4974 «Nam
1243 4935 1292 4975 nec
1315 4913 1471 4982 semel,sed
1500 4916 1723 4998 tenadstngula

924 4996 1032 5051 uomina
1056 4996 1082 5048 in
1103 5005 1234 5061 personas
1258 4989 1380 5061 singulas
1395 4989 1563 5060 tingimur.»
1585 4984 1672 5056 Quem
1687 5004 1724 5044 rt-

923 5075 978 5122 tum
1006 5066 1032 5120 in
1061 5081 1110 5120 usu
1135 5062 1219 5118 luisse
1241 5059 1318 5115 etiem
1343 5067 1420 5114 aetate
1448 5074 1497 5113 sua
1510 5057 1723 5131 chrysostomus

924 5139 1033 5206 indicat,
1062 5139 1096 5191 ad
1121 5151 1152 5190 ea
1172 5133 1252 5188 verba
1275 5131 1364 5200 Lucae,
1388 5133 1448 5184 hot.
1461 5131 1555 5197 apost.
1571 5148 1597 5196 x,
1617 5134 1659 5198 16,
1677 5128 1725 5186 ubi

924 5213 992 5264 visio
1018 5218 1140 5264 narratur
1163 5205 1252 5261 oblat-r
1283 5203 1371 5270 Petro,
1396 5206 1467 5255 τοῦτο
1495 5199 1521 5253 δὲ
1546 5200 1639 5275 ἐγένετο
1662 5202 1723 5273 τρίς.

926 5281 1066 5350 Citrysost.
1093 5296 1099 5332 :
1129 5277 1164 5330 Tb
1192 5275 1218 5328 δὲ
1247 5274 1327 5345 τρίτον
1354 5277 1425 5327 τοῦτο
1453 5273 1570 5345 γενέσθαι,
1598 5274 1627 5327 rb
1657 5273 1723 5336 βάπ-

926 5351 1091 5424 τισμαδηλοῖ.
1107 5346 1267 5402 Ammonius
1276 5345 1309 5400 ad
1318 5347 1396 5400 loen.
1413 5360 1473 5412 cap.
1484 5345 1529 5410 tt,
1541 5343 1586 5398 ubi
1595 5354 1635 5400 ter
1645 5341 1723 5398 Citri-

928 5431 986 5478 stus
1012 5422 1161 5492 interrogat
1185 5420 1310 5473 Petrum:
1340 5416 1432 5471 Simon
1454 5415 1536 5478 lona.
1561 5429 1635 5469 ames
1656 5411 1722 5467 me‘l

926 5493 1003 5553 ”Ebot
1030 5491 1057 5546 ii
1084 5493 1183 5566 tepent
1207 5486 1234 5541 te
1260 5489 1355 5551 τούτου,
1379 5485 1476 5558 inquit,
1499 5487 1562 5554 τριῖς
1591 5482 1723 5562 ὁμολοῖιη

929 5565 1083 5619 ἀπαιτεῖσθαι
1117 5563 1173 5623 τοὺς
1210 5559 1344 5633 μέλλοντας
1385 5559 1553 5629 βαπτισθῆναι.
1582 5552 1646 5608 lude
1679 5551 1726 5608 tila
