3840 6134
144 312 217 378 ttst

140 443 174 499 Et
186 440 229 498 eui
238 445 333 496 cuneta
343 443 416 510 patet
429 435 492 492 ritae
506 433 656 507 mortisque
669 439 796 505 potesne,

682 306 727 367 tlt
745 303 894 368 ustum
911 300 1133 367 tmttttltttt
1150 300 1260 366 OPERA

955 447 979 527 Α
994 429 1061 488 'lum
1070 437 1158 488 motas
1172 440 1200 487 et
1214 429 1286 487 adite
1304 428 1369 497 sies,
1390 437 1417 487 et
1431 437 1523 489 sanda
1533 438 1634 488 tenete.

1729 305 1798 368 titt

139 533 223 587 Posse
235 528 332 593 Deum,
350 541 413 582 uam
432 523 503 582 selle
517 530 620 589 estest,
636 522 789 594 tactumque
807 520 939 594 loquendo
995 520 1063 577 liinc
1073 518 1143 577 tretis
1158 519 1256 575 animis
1274 534 1384 592 prauum
1398 518 1526 593 depellite
1539 519 1661 579 odmen:

140 618 248 692 implet,
263 624 291 674 et
301 614 435 673 obstando
448 614 529 686 plane
544 611 729 685 nibilimpedit
744 611 830 669 illum.

141 709 189 764 llle
197 722 274 763 mens
284 706 368 774 solus,
379 705 423 761 cui
438 704 520 761 credo
529 703 654 759 sensibus
675 701 746 759 imis.

141 800 177 856 dt
192 795 319 871 quoniam
328 795 384 851 leto
393 809 489 851 cursus
502 792 671 850 concluditur
682 791 779 862 omnis,

143 887 310 958 Quicumque
320 890 361 942 est
379 883 471 949 hodie,
486 898 576 939 seeum
594 880 879 955 putetomniamente‚

141 978 228 1048 Atque
236 974 296 1032 ideo
311 975 376 1031 dum
390 976 444 1035 sita
458 982 558 1038 mane,
578 972 644 1028 dum
658 970 884 1041 comerciacum,

141 1065 212 1121 Dum
222 1064 304 1120 vitem
319 1071 423 1119 mutare
433 1062 512 1131 licet3
529 1077 611 1135 quam
625 1058 757 1118 terminus
770 1057 819 1117 aevi

142 1155 246 1213 Obmat
259 1155 389 1220 incautos,
405 1161 433 1210 et
445 1150 534 1210 nescis
548 1150 651 1208 lumine
663 1149 749 1206 solvat

129 1245 259 1302 ‘Ultimus
268 1243 314 1301 ille
327 1243 397 1312 dies,
409 1241 504 1300 mortis
517 1239 582 1314 quia
592 1239 654 1314 loge
664 1246 790 1306 tenetur;

141 1339 219 1410 Quod
232 1335 350 1413 pretium
364 1339 497 1405 superest,
512 1345 582 1388 eure
595 1329 733 1400 invigilate
746 1327 835 1397 saluti,

140 1429 175 1485 lit
187 1427 282 1485 incites
295 1422 416 1498 eudone
429 1421 530 1478 bonum
545 1417 679 1477 decurrite
691 1433 809 1475 mesum.

141 1517 308 1591 Abstergete
321 1512 375 1586 piis
396 1510 542 1569 commissu
556 1507 661 1580 piacula
671 1507 764 1575 meris,

142 1610 231 1679 Atque
244 1620 327 1680 sagas
341 1601 461 1658 nimium
470 1597 565 1658 mnndi
576 1597 660 1654 ritate
670 1593 817 1667 proeellas;

991 610 1025 666 Et
1039 609 1217 670 nonoretadiu
1231 609 1370 680 proluatur
1382 615 1491 680 pectore
1504 610 1594 682 culpa,

992 697 1210 770 Commissesque
1222 698 1287 754 mali
1296 698 1371 755 labes
1379 698 1486 756 abolete
1501 699 1643 757 nefandas.

992 788 1162 861 AEternisque
1172 789 1259 845 Qum
1275 787 1405 860 precibus
1419 788 1524 860 placate
1539 789 1723 852 tremendum.

992 877 1112 937 Pessima
1131 883 1229 934 cuncta
1243 877 1322 934 bonis
1335 878 1432 935 cedant
1445 879 1567 936 mortalia
1581 879 1663 944 visis,

990 967 1025 1023 El
1035 973 1245 1028 mmatenotam
1263 968 1374 1038 iamjam
1389 967 1448 1024 sine
1463 967 1685 1034 criminantem,

992 1055 1175 1129 incipiantque
1187 1056 1265 1114 bonis
1279 1057 1402 1129 serisque
1414 1071 1570 1114 assuescere
1585 1064 1700 1128 mentes

992 1145 1129 1202 Laudibus
1142 1153 1169 1202 et
1188 1145 1280 1203 laciles
1293 1145 1393 1202 divinis
1400 1146 1505 1204 reddite
1512 1161 1606 1205 voces.

993 1234 1038 1291 Sic
1048 1235 1160 1293 meliora
1168 1233 1221 1308 piis
1233 1234 1387 1308 flagrabunt
1400 1236 1490 1292 omniu
1503 1236 1590 1306 nobb,

991 1323 1037 1380 Sic
1053 1339 1164 1398 quoque
1177 1324 1298 1382 eoelestis
1310 1325 1424 1397 capietis
1433 1327 1627 1394 muneravitae,

991 1413 1115 1486 Cumque
1130 1415 1189 1472 Deo
1203 1414 1315 1489 longum
1328 1414 1538 1486 sempervivetis
1551 1415 1581 1473 in
1593 1431 1696 1489 erum,

991 1502 1085 1562 Aurea
1093 1502 1191 1562 siderei
1205 1509 1348 1563 eumentes
1366 1503 1465 1577 nundin
1478 1505 1567 1580 regni.

463 1848 750 1970 INCERTI
777 1844 1126 1969 AUCTORIS
1159 1847 1469 1978 GENESIS.

177 2196 314 2270 Principio
322 2195 456 2255 Dominus
468 2196 569 2255 eoelum
576 2200 726 2266 terramque
733 2189 843 2259 crearit,
859 2188 884 2228 ³⁵

143 2287 266 2360 Namque
279 2294 338 2344 erat
352 2284 487 2353 inlormis,
510 2283 649 2355 ductuque
672 2279 829 2337 abscondita
843 2276 936 2349 tellus,

142 2377 350 2454 lmmensusque
369 2376 442 2433 Deus
451 2389 534 2446 super
547 2387 661 2445 equora
669 2377 745 2429 vasta
754 2370 871 2434 meabat,

38 2505 44 2519 .
145 2464 215 2521 Dum
230 2466 313 2523 cbaos
327 2473 356 2521 et
369 2463 459 2538 nigrae
474 2461 615 2519 insuebant
624 2467 723 2516 ennete
737 2460 868 2518 tenebrae.

142 2554 196 2611 llas
206 2555 271 2611 dum
280 2553 387 2629 dijungi
398 2552 479 2624 jussit
493 2551 528 2608 de
541 2549 659 2617 cardine.
675 2548 760 2605 latur:

141 2640 198 2698 Lux
209 2641 265 2716 liat,
276 2641 350 2700 claro
363 2649 391 2699 et
399 2641 424 2681 ³⁴
437 2641 580 2698 nituerunt
592 2638 685 2696 omnia
698 2636 811 2693 mundo.

138 2731 207 2788 Cum
223 2730 358 2789 Dominus
367 2729 447 2803 primi
464 2728 629 2801 complesset
644 2724 716 2783 lecta
729 2723 795 2792 diei,

105 2878 110 2883 ,
137 2818 268 2878 Condidit
281 2819 416 2876 albentem
428 2817 535 2875 nebulis
549 2815 724 2873 nascentibus
738 2828 827 2882 axem,

137 2907 241 2979 decipit
257 2908 404 2964 immensus
417 2906 553 2962 verrentia
567 2905 590 2944 ³⁴
607 2904 698 2961 littora
713 2912 822 2976 pontus,

136 2996 304 3069 blultipliees
314 2997 423 3068 sapiens
432 2994 596 3054 ualidisoum
604 2995 732 3053 tractibus
741 3009 844 3051 amnes.

136 3083 224 3140 Tertia
239 3084 285 3141 lux
295 3082 390 3142 faeiem
400 3093 529 3142 terrarum
545 3084 619 3142 lulra
632 3080 737 3151 retexit,

137 3172 221 3230 dride
230 3187 298 3230 mox
308 3173 396 3246 posito
405 3170 529 3231 narratur
542 3171 653 3229 nomine
667 3181 757 3235 terra,

136 3260 232 3317 Floret
246 3262 364 3321 ventosis
373 3270 544 3334 consurgunt
557 3257 682 3332 germina
694 3259 807 3331 eampis,

135 3348 320 3425 Pumilerique
334 3352 415 3410 simul
425 3359 591 3425 procurvant
606 3347 715 3406 brechia
729 3348 806 3404 rami.
882 3347 884 3350 ’

136 3437 237 3508 Quarta
251 3441 308 3499 dies
316 3449 427 3515 generat
436 3438 503 3499 solis
517 3456 581 3499 eum
592 3437 716 3512 lampade
731 3437 833 3504 lunam,

135 3528 169 3586 Et
184 3529 275 3587 stellas
284 3533 400 3589 tremulo
410 3531 545 3588 radiantes
553 3526 655 3585 lumine
664 3526 753 3601 lingit,

135 3617 199 3674 llaee
213 3618 347 3676 elementa
362 3619 435 3676 dedit
448 3619 571 3689 subjecto
581 3615 700 3689 iusignia
713 3614 824 3683 mundo,

133 3704 270 3776 Tempora
283 3721 345 3778 qua
366 3705 482 3762 doceant
500 3705 589 3764 varios
616 3702 745 3763 mutanda
770 3716 820 3774 per
843 3707 930 3760 ortus.

134 3799 172 3854 ttt
182 3798 277 3870 quintu
290 3799 427 3872 ascipiunt
436 3799 566 3872 liquentia
583 3797 697 3856 llumina
707 3797 806 3870 pisces,

134 3886 169 3944 Et
185 3887 412 3944 solueresrsrias
424 3887 699 3960 suspenduntaere³⁸
712 3901 824 3958 pennas.

7 4025 17 4033 ,
135 3974 220 4032 Sexta
232 3974 396 4049 praegelidos
406 3975 435 4033 in
449 3975 538 4049 spiras
556 3973 673 4041 lubricat
686 3990 801 4047 angues.

73 4130 79 4136 ,
133 4062 399 4139 Quadntpedumque
412 4059 511 4141 greges
528 4073 602 4123 totos
616 4063 743 4122 dillundit
757 4065 785 4121 in
804 4079 899 4140 agros3

132 4155 290 4228 Cunctaque
304 4155 447 4228 multiplici
461 4154 599 4213 mandarit
610 4169 735 4213 erescere
745 4154 848 4229 passim

132 4245 272 4317 Germine,
281 4253 308 4302 et
321 4244 559 4304 immensiserrare
568 4255 595 4303 et
609 4260 719 4317 pascere
727 4245 814 4304 terris.

132 4334 252 4393 Haeoubi
266 4335 407 4393 constituit
420 4335 513 4393 divine
527 4335 648 4410 potentia
660 4337 749 4407 jussu,

132 4424 278 4482 Rectorem
291 4425 439 4501 inspiciens
452 4426 598 4484 mundanis
613 4424 705 4482 delore
714 4426 812 4496 rebus,

131 4511 246 4572 1000
267 4513 331 4573 llaec
347 4502 481 4574 memorat
496 4514 622 4573 :Nostris
640 4514 777 4572 hominem
798 4513 929 4571 iaciamus

1035 2189 1122 2259 Quem
1132 2199 1275 2266 postquam
1290 2193 1382 2268 effigie
1397 2195 1551 2260 formatum,
1570 2208 1621 2251 eeu
1637 2209 1688 2250 sua
1713 2193 1740 2232 ⁴⁰
1753 2194 1793 2251 ri·

992 2278 1102 2337 lletitnr
1115 2280 1138 2321 ⁴¹
1150 2281 1240 2339 solum
1253 2285 1395 2342 mordaces
1405 2284 1509 2342 solvere
1518 2297 1606 2340 curas.
1735 2281 1792 2355 [dit.

992 2365 1077 2426 lllicet
1086 2368 1190 2444 irriguo
1204 2374 1340 2442 persuadit
1354 2372 1456 2429 lumina
1468 2386 1575 2438 mutuo,

959 2499 961 2503 a
991 2457 1098 2515 llollius
1115 2467 1145 2516 nt
1158 2460 1233 2518 vulsa
1246 2460 1376 2518 formetur
1390 2444 1491 2519 semina
1506 2469 1593 2527 costa.

991 2546 1082 2620 Atque
1096 2554 1172 2606 artus
1186 2549 1270 2605 mixtu
1294 2550 1406 2624 gemino
1424 2549 1571 2608 substantia
1586 2548 1688 2605 firmet.

990 2635 1126 2695 ludituret
1142 2654 1243 2695 nomeu
1257 2639 1329 2709 vitae,
1343 2640 1416 2714 quod
1426 2638 1603 2698 diciturllsa.

990 2722 1159 2799 Quapropter
1172 2727 1228 2784 neti
1241 2727 1365 2803 linquunt
1374 2728 1408 2786 de
1426 2735 1512 2786 morte
1526 2734 1667 2802 parentes.

990 2815 1213 2891 Coniugibusque
1228 2817 1285 2875 suis
1298 2818 1395 2889 positis
1404 2834 1466 2875 cum
1476 2818 1587 2875 sedibus
1595 2818 1723 2876 haerent:

990 2903 1111 2976 Septima
1124 2906 1233 2980 quaudo
1243 2906 1315 2964 Deus
1324 2906 1465 2977 iacturum,
1473 2906 1645 2981 finequierit,

989 2993 1098 3050 Sacrata
1116 3003 1237 3054 statuens
1251 2997 1357 3055 venturi
1371 2996 1471 3071 gaudia
1482 2996 1588 3056 ⁴⁴saecli
1609 3016 1619 3067 ;

987 3082 1071 3140 lllicet
1082 3083 1223 3157 {exhibitus
1232 3085 1435 3144 animantumex
1445 3086 1540 3144 ordine
1553 3085 1650 3153 turbis,

989 3173 1095 3231 Viritim
1110 3174 1135 3213 ⁴2
1151 3175 1257 3232 eunctis
1270 3191 1370 3234 nomen
1381 3174 1457 3248 qnod
1468 3183 1609 3248 permanet
1623 3175 1707 3246 indit,
1816 3231 1820 3239 ,

988 3262 1109 3318 Ademia
1122 3263 1237 3322 Domim
1251 3265 1469 3323 donatascientia
1487 3267 1512 3305 ⁴⁴
1519 3266 1616 3324 solers.

987 3350 1077 3420 Quem
1090 3352 1165 3411 Deus
1176 3353 1304 3428 alloquio,
1320 3354 1441 3426 iunctam
1454 3355 1582 3428 dignatur
1596 3362 1625 3413 et
1639 3353 1744 3413 liram:

988 3440 1273 3500 Crescitemnltimodo
1286 3451 1399 3502 ventura
1414 3444 1442 3500 in
1453 3453 1574 3517 tempora
1584 3456 1682 3517 partu.

988 3529 1024 3588 Ut
1038 3531 1118 3603 polus
1126 3540 1153 3589 et
1166 3532 1255 3605 plenae
1264 3541 1354 3591 vestro
1369 3533 1424 3589 sint
1438 3533 1558 3608 germine
1572 3539 1667 3602 terrae,

987 3620 1168 3694 Haeredesque
1183 3622 1245 3691 mei,
1256 3623 1345 3681 varios
1357 3623 1493 3695 decerpite
1502 3623 1617 3691 tructus,

986 3707 1061 3779 Quos
1080 3719 1226 3769 nemoraet
1245 3711 1341 3786 pingui
1358 3712 1474 3770 reddunt
1487 3712 1512 3751 ⁴⁵
1526 3710 1561 3770 de
1575 3713 1685 3786 cespite
1693 3714 1787 3786 campi

989 3799 1052 3854 llaec
1066 3799 1113 3855 ubi
1127 3800 1262 3870 disseruit,
1278 3800 1341 3858 laetu
1351 3801 1494 3875 paradisus
1506 3803 1534 3858 iu
1545 3802 1608 3859 aule

986 3887 1140 3960 lustmitur,
1163 3890 1300 3965 primique
1315 3900 1434 3958 aspectat
1445 3889 1549 3948 lumina
1563 3892 1642 3951 solis.

986 3977 1114 4053 Gignitur
1128 3980 1178 4038 hae
1191 3981 1271 4049 inter,
1289 3980 1380 4052 pomis
1392 3980 1517 4038 letalibus
1531 3979 1625 4051 arbor,

986 4068 1168 4140 conjunctum
1184 4086 1315 4144 generans
1329 4069 1391 4127 ritae
1406 4069 1554 4143 mortisque
1567 4086 1713 4144 saporem.

987 4158 1135 4217 AEdibusin
1150 4159 1248 4216 mediis
1262 4173 1331 4232 puro
1345 4157 1395 4216 luit
1404 4161 1512 4232 agmine
1525 4158 1642 4228 llumeu,

989 4246 1068 4316 Quod
1079 4249 1148 4324 rigat
1161 4248 1283 4322 insignes
1292 4248 1405 4323 liquidis
1422 4248 1456 4306 de
1466 4247 1596 4306 lluctibus
1610 4256 1702 4324 ortus,

985 4334 1210 4412 Quadrilidesquc
1224 4326 1421 4397 secatundante
1431 4355 1465 4395 en
1479 4337 1554 4396 iente
1568 4349 1689 4421 meatus.

985 4426 1086 4484 Phison
1100 4426 1227 4485 auriferis
1243 4426 1376 4501 praedires
1389 4428 1499 4486 lluctnat
1518 4415 1620 4497 undis,'
1686 4496 1689 4501 4

983 4516 1204 4590 conspicuasque
1215 4519 1277 4576 terit
1291 4533 1373 4575 rauco
1387 4517 1422 4574 de
1429 4517 1539 4592 gurgite
1552 4532 1696 4592 gemmas3

701 4602 744 4676 [ad
759 4603 783 4642 ³⁹
794 4618 921 4678 unguem,
977 4608 1108 4665 Prasinus
1128 4607 1191 4665 huie
1213 4622 1323 4676 nomen,
1343 4605 1383 4662 illi
1405 4615 1447 4663 est
1464 4606 1651 4666 carbunculus
1676 4609 1775 4673 ardent.

132 4691 258 4753 tuttihns
272 4694 433 4764 adsimilem,
449 4703 506 4753 toto
520 4694 567 4770 qui
582 4701 676 4767 regnet
684 4693 711 4750 in
721 4692 799 4764 orbe,

130 4781 166 4838 Et
177 4782 241 4840 lieet
259 4783 332 4841 hune
344 4801 399 4843 uno
418 4793 510 4855 posset
523 4799 688 4858 componere
697 4784 790 4855 verbe,

129 4870 191 4942 lpse
205 4878 295 4928 tamen
310 4880 403 4929 sancta
417 4872 543 4946 dignatus
557 4874 654 4931 ducere
665 4875 773 4944 dextre,

127 4957 244 5034 lnspirat
259 4961 369 5019 brutum
383 4960 475 5019 divino
488 4971 734 5037 apeemrepectus.

979 4697 1195 4770 Perspicuusque
1210 4697 1286 4753 vedis
1296 4705 1394 4754 termm
1404 4695 1554 4769 praelambit
1568 4695 1669 4754 Evilat.

941 4758 965 4837 n
978 4788 1043 4845 Post
1055 4787 1127 4845 bunc
1142 4787 1280 4858 AEthiopas
1293 4787 1378 4843 Gaeon
1392 4785 1516 4856 adlapsus
1529 4783 1646 4858 opimat,
1670 4839 1674 4844 .

979 4874 1088 4933 Tertius
1103 4883 1145 4932 est
1159 4874 1257 4947 Tigris,
1271 4874 1400 4948 Euphrati
1416 4873 1559 4944 adjunctus
1573 4888 1694 4945 moeno,

979 4966 1120 5038 Assyrium
1135 4964 1216 5024 celeri
1231 4964 1368 5021 discretim
1382 4963 1492 5022 dnmiue
1505 4965 1624 5023 sulcans.

808 5169 905 5234 Variae
934 5173 1091 5237 lectiones.

166 5325 191 5368 ³⁵
207 5326 330 5401 Monuit,
352 5329 415 5386 eod.
438 5327 602 5386 Victorinus.
628 5327 654 5367 ³⁶
682 5328 772 5385 Claro.
806 5325 851 5383 Sic
877 5327 1012 5384 l‘amelius
1034 5337 1094 5402 post
1120 5329 1280 5387 Fabricium.
1313 5330 1391 5387 Clari
1417 5329 1513 5386 ilorel.
1532 5337 1559 5386 et
1585 5328 1649 5387 eod.
1677 5330 1772 5387 Victor.

128 5397 154 5440 ⁴¹
183 5401 331 5467 Errontio,
359 5401 453 5456 llaluz.
486 5415 520 5456 ex
548 5401 610 5454 eod.
626 5399 697 5454 vict.
722 5398 748 5438 ³⁸
763 5398 891 5472 Corpore,
908 5400 1004 5457 ilorci.
1019 5402 1081 5457 cod.
1097 5402 1197 5460 Victor.
1213 5401 1238 5441 ³⁹
1248 5403 1290 5466 lu,
1306 5402 1401 5458 llorel.
1417 5400 1480 5457 cod·
1496 5401 1598 5459 Victor.
1614 5402 1640 5442 ⁴⁰
1653 5400 1772 5472 Artificis

126 5473 288 5544 somatum
301 5472 359 5527 ini
427 5472 485 5535 inc,
502 5468 589 5528 editor
602 5468 775 5537 oxoniensis,
790 5470 880 5525 Belua.
891 5470 914 5509 ⁴¹
929 5469 990 5529 Non
1003 5475 1117 5546 patitur
1135 5473 1231 5544 eoniic.
1242 5472 1365 5528 baluzius
1378 5472 1403 5511 ⁴²
1418 5474 1567 5531 &crutam
1581 5491 1605 5532 s.
1622 5491 1647 5531 u.
1659 5473 1697 5530 ad
1710 5489 1772 5547 9⁴⁴·

128 5542 188 5610 dio,
202 5542 265 5599 eod.
281 5543 384 5600 Victor.
421 5541 456 5598 al.
472 5541 672 5600 ⁴³tttsttncttm
686 5540 752 5598 edit.
768 5541 855 5599 Otton.
871 5542 896 5582 ⁴⁴
910 5543 1067 5603 Prudentia
1089 5545 1183 5604 noret.
1198 5544 1299 5602 Pamel.
1314 5543 1437 5603 Aduersus
1455 5546 1560 5604 donato
1582 5546 1637 5603 sios·
1650 5547 1771 5620 pmdes·

127 5614 181 5671 liu.
195 5613 258 5670 cod.
271 5613 340 5672 Viet.
356 5613 381 5654 ⁴⁵
396 5611 520 5672 Reddens
534 5611 602 5672 ilict.
