3840 6134
128 328 184 397 tat
659 328 759 394 alera
778 329 821 393 br
840 330 1111 400 RESURRECTIONE
1129 330 1258 402 asama
1729 336 1783 402 Ril

128 461 220 521 menis
246 459 390 518 admittunt
421 460 567 518 salntem:
597 469 624 518 et
649 459 711 518 ideo
738 476 771 517 ex
805 477 858 533 qua
884 459 928 517 ael
942 473 967 556 g
981 463 1176 524 intolerabilem
1198 464 1415 525 existimaverunt
1428 480 1579 524 sermenem
1601 467 1672 539 elus,
1702 465 1782 540 quasi

129 552 249 610 manime
271 551 363 625 speeie
380 553 585 612 resurrectionis
600 553 666 610 tides
680 552 868 626 labelaoattur,
891 567 929 608 ex
980 572 1044 615 rare
1058 573 1167 616 carnem
1182 573 1259 616 suam
1272 556 1326 614 illis
1339 556 1474 614 mendam
1488 556 1693 614 determinasset
1708 556 1780 630 (68);

129 657 163 701 aa
185 642 211 680 99
233 651 423 715 argumentum
447 643 609 714 problemati
632 659 681 699 suo
703 643 928 700 accommodare·
981 657 1009 703 nt
1037 647 1064 703 in
1093 647 1219 719 spiritum
1240 648 1268 690 ⁹³
1286 647 1443 719 disponeret
1465 656 1565 703 statum
1585 646 1687 712 salutis,
1708 662 1781 718 prm-

128 739 221 800 runt;
245 732 280 788 de
315 731 405 787 carnis
432 731 534 789 scilieet
550 734 663 790 obtentu
690 734 764 806 (63),
792 739 928 804 nupturae,
982 736 1069 792 misit:
1083 739 1206 810 Spiritus
1215 739 1316 811 estqui
1324 738 1465 807 vivificam
1479 745 1561 807 alque
1572 735 1611 791 ita
1625 735 1782 805 subjunxit:

128 835 226 890 necne,
242 826 304 894 post
317 821 551 890 resurrectionem,
570 823 621 877 sub
640 823 702 892 ejus
726 821 845 877 mulieris
864 835 928 892 per·
984 829 1053 885 toro
1068 827 1264 900 niatlprodesr
1276 827 1434 900 (columae
1450 825 1644 882 vivificandum
1668 825 1782 884 scilieet.

128 924 206 977 sona,
221 925 283 981 quae
304 918 408 981 septem
428 908 555 966 iratribus
576 918 672 982 napta,
698 910 724 966 in
744 910 827 966 dubio
841 908 927 964 babe-
981 914 1145 987 Exsequitur
1168 917 1248 972 etiam
1281 915 1346 989 quid
1372 915 1435 973 relit
1471 914 1586 987 intelligi
1622 914 1748 985 spiritum
1774 929 1782 967 ε

129 1006 215 1069 reilll',
240 998 283 1054 clii
306 1012 401 1053 eorum
424 999 622 1055 restitueretur.
650 1000 757 1066 Polio,
787 1007 929 1055 servemur
986 1004 1070 1064 Verba
1089 1023 1153 1078 qaaae
1173 1008 1283 1065 locutus
1305 1023 1368 1064 gum
1384 1007 1469 1074 vohis,
1485 1007 1606 1079 spiritus
1629 1010 1708 1070 grint,
1725 1007 1785 1062 vita

128 1103 227 1145 sensus
241 1093 296 1142 tam
310 1085 468 1158 questionis
490 1103 571 1159 qnam
596 1084 794 1158 responsionis,
808 1096 836 1143 et
858 1101 928 1143 eon·
980 1100 1062 1162 sung·
1079 1095 1149 1153 sieut
1163 1104 1190 1153 er
1203 1112 1288 1168 supra
1304 1113 1311 1154 t
1329 1096 1382 1164 Qui
1396 1095 1480 1154 audie
1494 1108 1638 1153 sermone,
1656 1109 1742 1162 meos,
1757 1097 1786 1150 ρ)

128 1177 266 1232 troversia.
280 1190 423 1231 occursum
437 1181 487 1232 est.
511 1175 540 1231 Si
560 1175 634 1232 enim
657 1173 798 1231 Sadducaei
818 1174 928 1246 quidam
979 1181 1398 1260 amuregpmanmemieit,
1412 1185 1590 1243 marottam
1601 1185 1786 1251 epigramm

128 1267 294 1335 respuebant
319 1264 566 1331 resurrectionem,
594 1263 726 1320 Dominus
752 1271 841 1319 autem
868 1279 929 1321 eam
980 1272 1013 1329 ia
1021 1274 1167 1346 judiciem
1181 1276 1347 1344 mummi,
1363 1274 1544 1333 redemtor
1553 1272 1578 1314 ut
1593 1274 1627 1332 an
1639 1276 1732 1331 morto
1749 1271 1787 1329 aa

128 1352 308 1412 ecnnrmabar
321 1354 381 1425 (etl
394 1352 429 1418 ⁸⁷,
445 1361 472 1408 et
490 1353 687 1425 scripturarum
708 1353 818 1427 ignaros
840 1352 927 1410 incre
980 1364 1068 1418 aaran
1087 1362 1181 1433 (toan.
1204 1379 1234 1429 v,
1249 1362 1298 1434 m).
1323 1364 1419 1434 luque
1443 1376 1595 1420 menonem
1618 1361 1788 1419 consumens

128 1458 216 1515 19999,
241 1457 336 1498 999999
359 1440 463 1498 999ῑί999
484 1457 546 1513 <ruffi
573 1441 796 1498 ⁹⁹⁹1¹⁹f⁹⁹⁹i0⁹⁹¹1¹
827 1442 928 1515 pfaedi·
979 1449 1186 1519 vivificatorem,
1201 1453 1265 1524 quia
1279 1452 1431 1522 spiritnset
1451 1450 1505 1507 rita
1519 1466 1631 1516 sermo,
1656 1449 1785 1508 eumdem
1856 1496 1873 1516 „

127 1536 295 1597 6698619699
316 1528 424 1586 viltulis
445 1531 492 1585 Dei
516 1529 680 1594 incredulos.
707 1529 812 1586 990690
835 1530 928 1602 ulique
978 1539 1061 1595 etiam
1074 1554 1268 1595 oernemsuam
1283 1540 1359 1607 dixit,
1375 1541 1441 1612 quia
1458 1551 1484 1599 et
1513 1542 1608 1597 Sermo
1631 1554 1696 1596 caro
1729 1545 1787 1594 erat

128 1618 246 1675 mortuis
267 1618 473 1686 resuscitandis,
498 1628 636 1688 pestremo
659 1618 831 1689 subjiciens:
854 1621 929 1688 Quo·
982 1626 1080 1693 laetus,
1108 1628 1222 1698 proinde
1249 1629 1277 1683 in
1312 1644 1420 1684 oaumm
1460 1629 1523 1686 rite
1551 1626 1728 1701 appetendus,
1760 1633 1788 1684 et

129 1709 212 1766 niam
224 1709 251 1748 ⁹⁹
264 1711 361 1767 autam
375 1709 486 1766 mortui
496 1713 648 1781 resurgant
661 1710 726 1778 (66),
738 1708 797 1764 sine
806 1706 892 1765 dnbio
902 1717 929 1764 et
982 1713 1153 1770 devorandus
1175 1713 1269 1771 auditu
1293 1717 1361 1786 llll,
1386 1723 1413 1772 et
1436 1717 1612 1772 ruminandus
1634 1715 1783 1779 intellectu,

132 1798 317 1856 confirmando
344 1799 489 1870 essequod
515 1799 687 1869 negabatur3
715 1798 733 1854 il
760 1805 810 1870 est,
837 1812 929 1855 resur·
946 1762 968 1843 Β
983 1808 1010 1858 et
1024 1801 1078 1858 fide
1090 1803 1255 1875 digerendus
1273 1804 1308 1860 ⁹⁹.
1330 1805 1401 1861 Nam
1425 1812 1453 1860 et
1476 1805 1558 1875 paulo
1576 1812 1650 1869 ante,
1675 1819 1785 1862 earnem

135 1886 280 1943 rectionem
309 1893 475 1943 mortuorum
512 1886 584 1959 apud
611 1887 698 1941 Deum
725 1887 750 1926 ⁹⁹
782 1889 927 1954 rivorum,
982 1907 1060 1947 auam
1079 1906 1175 1963 panem
1188 1907 1297 1966 quoqne
1315 1894 1453 1950 coelestem
1471 1891 1671 1964 pronuntiaret,
1685 1906 1786 1964 urgens

133 1977 216 2034 talem
237 1990 340 2052 quaqua
361 1991 421 2032 eam
446 1974 622 2033 confirmabat
645 1990 705 2033 esse
731 1977 819 2048 qualis
842 1992 928 2050 nega·
982 1997 1247 2054 usquequaqueper
1273 1981 1435 2058 allegoriam
1456 1980 1671 2038 necessariorum
1695 1981 1784 2053 pabu-

129 2064 221 2136 betur,
262 2065 401 2136 utriusque
440 2067 542 2123 scilieet
585 2065 743 2123 substantiae
787 2068 927 2125 bumana.
982 2070 1068 2127 lorum
1087 2072 1111 2111 ⁹⁹
1126 2070 1285 2129 memoriam
1308 2080 1425 2143 patrum,
1454 2071 1500 2145 qni
1530 2085 1615 2144 panes
1635 2076 1662 2128 et
1689 2083 1787 2125 carnes

128 2154 224 2227 Neque
247 2154 321 2210 subn
343 2155 366 2212 si
390 2163 523 2227 nupturos
546 2162 612 2212 tunc
635 2155 762 2229 negarit,
786 2155 848 2213 ideo
878 2172 929 2214 nee
982 2159 1170 2233 Egyptiorum
1198 2170 1390 2235 praeverterant
1411 2159 1509 2216 divine
1529 2157 1676 2216 vocationi.
1702 2156 1787 2229 igitur

127 2251 329 2302 resumeres
352 2244 545 2301 demonstrarit
567 2245 602 2299 ⁹⁰.
627 2246 727 2317 Atquin
749 2244 821 2302 lilios
835 2261 929 2302 resur·
983 2262 1130 2306 conversus
1156 2249 1189 2304 ad
1214 2249 1379 2323 recogitatus
1410 2248 1534 2314 illorum,
1566 2246 1630 2320 qnia
1666 2250 1787 2303 senserat

128 2332 260 2390 rectionis
278 2332 425 2405 appellavit
446 2334 482 2401 ⁹¹,
497 2349 546 2405 per
567 2349 627 2389 eam
641 2334 841 2408 quodammodo
854 2335 929 2393 nasei
982 2336 1178 2409 dispergendos
1193 2338 1241 2393 ⁹⁹2
1259 2339 1339 2403 Caro,
1353 2337 1399 2404 ait,
1414 2338 1490 2394 ntltt
1503 2336 1627 2410 prodest.
1644 2334 1717 2404 Quid
1735 2335 1787 2390 boa

127 2422 273 2492 babentes,
293 2429 355 2494 post
381 2438 463 2494 qulam
484 2438 538 2478 non
553 2423 665 2491 nabent,
681 2423 730 2479 sed
755 2423 927 2491 resuscitati,
981 2426 1015 2481 ad
1031 2427 1220 2483 destruendam
1240 2427 1330 2484 carnis
1356 2425 1609 2484 resurrectionem?
1633 2424 1717 2495 Quasi
1733 2437 1788 2478 non

128 2511 318 2568 similesenim
335 2521 414 2568 erunt
435 2512 628 2585 angelis3qua
652 2529 706 2570 non
731 2513 852 2585 nupturi,
867 2513 929 2585 quia
982 2514 1062 2573 fieeat
1083 2531 1143 2573 esse
1176 2516 1288 2589 aliquid,
1312 2515 1385 2589 qnod
1410 2514 1463 2571 etsi
1495 2514 1562 2570 nilail
1588 2512 1683 2583 prosit,
1713 2511 1787 2567 aliud

128 2617 181 2658 nee
203 2600 325 2658 morituri
353 2602 429 2670 (66);
460 2603 507 2657 sed
534 2619 587 2673 qua
614 2602 751 2660 transituri
775 2603 803 2659 in
829 2611 928 2659 statum
984 2612 1074 2660 tamen
1098 2605 1123 2662 ei
1142 2605 1274 2676 prodesse
1296 2605 1393 2676 possit.
1419 2603 1534 2676 Spiritus
1557 2603 1683 2676 prodest,
1715 2600 1787 2657 riui-

128 2689 292 2762 angelieum,
306 2689 559 2758 perindumontum
574 2691 640 2748 illud
654 2691 926 2764 incorruptibilitatis,
983 2691 1044 2749 licat
1067 2693 1220 2750 enimcaro
1244 2693 1311 2749 nihil
1342 2692 1473 2766 prodest,
1496 2689 1675 2747 mortificatur
1703 2688 1786 2745 enim.

129 2792 179 2849 per
195 2778 361 2843 substantiae,
385 2779 551 2834 resuscitatae
575 2786 675 2846 tamen,
702 2779 927 2837 demutationem.
982 2783 1083 2854 ltaque,
1099 2782 1246 2840 seeundum
1261 2796 1312 2837 nos
1331 2781 1417 2852 magis
1435 2779 1580 2836 collocarit
1595 2780 1625 2838 ‚⁹⁹
1648 2777 1788 2849 utriusque

130 2867 278 2933 ennium,
299 2882 350 2923 nec
371 2877 547 2938 quareretur,
572 2868 681 2939 nupturi
709 2868 765 2924 sire
788 2868 925 2938 morituri,
982 2871 1204 2942 propositionem.
1241 2869 1395 2927 Ostendens
1423 2869 1494 2926 enim
1523 2867 1589 2941 quid
1623 2867 1728 2940 prosit,
1760 2873 1788 2921 et

132 2971 227 3025 neone,
253 2970 349 3012 rursus
375 2971 507 3023 essemus,
537 2957 560 3012 si
583 2973 638 3012 non
659 2957 720 3028 ejus
747 2956 789 3011 vel
813 2959 928 3013 maxima
982 2959 1115 3030 quidnon
1144 2959 1239 3031 prosit,
1260 2958 1360 3030 pariter
1383 2957 1558 3027 illuminavit,
1575 2955 1639 3029 quid
1660 2954 1704 3011 cui
1724 2967 1787 3023 pro·

130 3045 285 3101 substantiae
318 3045 452 3101 restitutio
481 3045 508 3100 in
541 3045 655 3101 dubium
683 3052 840 3115 vocaretur,
867 3061 928 3117 que
943 3046 965 3128 c
981 3047 1025 3116 sit,
1060 3046 1183 3118 spiritum
1211 3046 1316 3102 scilicet
1339 3046 1414 3102 carni
1443 3044 1610 3101 mortificatae
1635 3043 1786 3100 vivificato·

129 3133 281 3204 propriant
300 3142 386 3189 morte
406 3142 433 3189 et
458 3134 557 3204 nuptiis
581 3134 710 3205 iungitur,
727 3134 754 3188 id
773 3143 814 3189 est
828 3133 927 3188 carnis.
983 3151 1050 3191 rem.
1072 3134 1341 3199 Venietenimlrora,
1354 3133 1449 3205 inquit,
1469 3150 1536 3201 eum
1545 3135 1655 3191 morlai
1671 3131 1788 3188 audient

128 3223 218 3280 Rebas
252 3224 338 3296 igitur
372 3223 518 3279 Dominum
555 3222 758 3280 confirmantem
796 3223 930 3280 adversus
983 3240 1078 3282 uocem
1092 3226 1161 3282 Filii
1183 3227 1250 3292 bem
1269 3229 1297 3283 et
1316 3225 1365 3297 qui
1391 3223 1551 3288 audierint,
1568 3222 1663 3280 uiuent
1680 3238 1686 3274 :
1702 3216 1787 3277 sus

128 3313 273 3371 baeticos
295 3314 461 3380 ludaeorum,
485 3314 557 3385 qaod
581 3320 607 3369 et
629 3329 700 3371 anne
720 3323 835 3388 negatur
858 3314 929 3386 apud
984 3312 1055 3382 Quid
1082 3321 1230 3379 mortuum,
1249 3313 1302 3368 nisi
1325 3313 1452 3369 caroiet
1474 3311 1540 3382 quid
1565 3324 1616 3364 rox
1645 3308 1705 3377 Del,
1735 3305 1789 3360 nisi

127 3401 294 3459 &aidoneus
308 3401 519 3458 Christianorum
533 3402 599 3474 (66),
613 3400 730 3458 solidam
753 3400 929 3459 resurrectio·
983 3403 1094 3459 sormol
1114 3410 1142 3457 et
1164 3401 1229 3473 quid
1248 3416 1356 3468 sermo,
1381 3399 1433 3456 nisi
1457 3396 1588 3471 spiritual
1608 3395 1705 3452 merito
1728 3409 1788 3450 aar·

128 3507 203 3548 ¹0⁰¹·
959 3505 1046 3552 ,nem
1076 3490 1295 3556 resuscitaturus,
1323 3488 1395 3561 quod
1426 3488 1511 3544 laetus
1538 3485 1675 3556 antipam
1702 3493 1729 3539 et
1755 3497 1789 3538 ex

344 3579 424 3638 817
444 3581 558 3639 CAPUT
573 3581 714 3638 xxxvii.
984 3587 1082 3647 morte,
1096 3594 1177 3651 quam
1192 3592 1287 3647 passus
1311 3587 1352 3632 est
1375 3575 1449 3647 ipse3
1471 3583 1498 3631 et
1520 3590 1554 3630 ex
1577 3571 1710 3644 aepulare,
1734 3586 1789 3642 quo

170 3670 226 3737 Sic,
241 3671 291 3729 etsi
304 3672 328 3711 ⁹¹
343 3687 454 3727 earnem
468 3672 505 3726 ait
523 3670 589 3726 nihil
616 3671 751 3741 prodesse,
765 3687 797 3727 ex
817 3670 929 3726 materia
982 3667 1071 3723 illatus
1090 3673 1131 3724 est
1149 3666 1216 3736 ipse.
1240 3665 1364 3735 Denique
1388 3680 1450 3720 curn
1464 3663 1529 3721 dicit
1545 3678 1553 3719 r
1568 3664 1606 3720 Ne
1632 3661 1788 3725 miremini,

130 3759 199 3817 dicti
221 3758 381 3832 dirigendas
405 3767 447 3816 est
469 3775 576 3816 sensus.
595 3759 664 3814 Nam
691 3760 754 3830 quia
777 3758 876 3844 durum
901 3768 929 3816 et
983 3757 1159 3831 quodueniet
1173 3756 1294 3822 lauram
1308 3770 1362 3827 qua
1377 3769 1472 3812 omnes
1486 3753 1580 3826 quiin
1595 3749 1789 3807 monumentis

823 3865 920 3929 Variae
946 3868 1101 3929 lectiones.

170 3965 196 4004 99
213 3964 253 4020 Er
266 3980 321 4036 que
331 3966 373 4020 vel
388 3983 424 4023 m.
441 3981 503 4036 spes
517 3964 724 4021 resurrectionis
737 3963 921 4030 labefactatur,
938 3981 971 4019 ex
990 3978 1022 4019 ao
1038 3963 1129 4019 Puris.
1145 3962 1168 3999 ⁸⁹
1186 3959 1332 4018 Confirmat
1347 3959 1433 4018 then.
1452 3959 1536 4016 Semi.
1553 3954 1578 3994 99
1596 3954 1685 4024 Quam
1701 3954 1788 4013 Rben.

134 4038 222 4095 Semi.
237 4037 262 4075 ⁸⁹
273 4037 416 4092 Dominum
431 4039 518 4095 uam.
536 4037 620 4095 Semi.
636 4037 661 4076 ⁹⁰
671 4035 821 4106 Negabit...
834 4034 1033 4091 demonstrabit
1049 4033 1139 4090 eren.
1156 4033 1240 4089 Seml.
1255 4033 1279 4070 ⁹¹
1294 4031 1419 4102 Appellat
1433 4031 1520 4086 Rhea.
1534 4029 1619 4086 Semi.
1635 4028 1660 4065 ⁹²
1680 4026 1753 4083 Licet
1766 4024 1790 4080 si

131 4109 220 4166 uam.
230 4109 255 4148 ⁹³
266 4108 366 4177 Spiritu
376 4111 455 4164 Pam.
467 4112 551 4165 Fran.
564 4110 589 4146 ⁹⁹
603 4107 654 4162 Sed
666 4110 751 4163 inser.
771 4106 855 4162 Rhea.
868 4107 953 4162 Semi.
964 4103 1104 4159 ⁹⁵Transil
1117 4103 1183 4169 olti,·
1199 4102 1303 4158 tmnsiil
1313 4098 1609 4170 alii3trausibitalii.⁹⁹
1619 4099 1791 4170 Derigendus

131 4178 434 4251 transumptionem
450 4181 511 4253 Rip.
537 4179 637 4237 Vem⁹⁹
651 4176 855 4248 Dispergendos
867 4177 957 4233 Rhea.
975 4176 1063 4233 Semi.
1074 4175 1099 4213 ⁹⁹
1110 4172 1327 4230 detruncantur.

834 4273 1085 4337 Commentarius.

169 4377 226 4449 (63)
240 4380 279 4433 De
298 4377 394 4432 cornis
407 4377 513 4433 scilicet
527 4378 649 4457 obtentu.
666 4371 801 4454 Quoniam
819 4370 932 4456 deerant
947 4392 970 4470 ὓ
1020 4367 1081 4439 (68)
1097 4366 1245 4437 Romania
1260 4365 1363 4447 durum
1381 4368 1409 4421 et
1423 4363 1628 4446 intolerabilem
1642 4365 1792 4422 eatstima·

132 4448 168 4507 ad
201 4448 340 4521 probanda
367 4454 518 4503 commenta
547 4452 663 4501 rationes
692 4444 830 4515 legitimae,
858 4444 932 4497 lrctas
985 4443 1088 4496 uerum
1111 4451 1268 4495 sermonem
1282 4451 1353 4506 ejus,
1375 4451 1455 4508 quast
1478 4448 1542 4490 uere
1569 4448 1685 4490 carnem
1710 4452 1793 4492 suom

134 4520 315 4578 obtendebant
338 4518 488 4587 Sadducaei,
513 4516 752 4589 querebantquea
771 4513 877 4569 Christo
902 4515 937 4568 de
990 4512 1050 4568 illis
1079 4507 1215 4568 edendam
1229 4506 1452 4564 determinasset.
1471 4501 1604 4559 Praelata
1619 4520 1726 4560 omnem
1742 4507 1792 4562 hu-

133 4606 220 4648 nxore
238 4592 396 4647 maritorum
410 4597 520 4660 septem,
535 4589 614 4657 cuius
628 4595 700 4642 esset
715 4600 783 4640 uxor
798 4585 824 4638 in
841 4598 936 4639 resur·
990 4598 1066 4706 puseo
1082 4580 1145 4636 dieti
1160 4579 1285 4634 duritiem
1306 4576 1408 4632 emollit
1431 4575 1591 4631 Theodorus
1610 4576 1767 4633 Heracleote
1783 4594 1789 4633 :

134 4662 276 4728 rectione;
292 4661 364 4736 qnod
389 4660 513 4719 frivolum
539 4675 592 4716 non
611 4660 703 4726 mado,
719 4658 764 4712 sed
781 4653 935 4719 ridiculum.
1012 4655 1095 4724 ningit
1117 4647 1145 4720 ἦν
1170 4651 1265 4720 ἀληθῶς
1286 4649 1301 4702 6
1318 4649 1390 4720 λόγος
1408 4648 1422 4701 6
1445 4647 1600 4716 νομιζόμενος
1623 4649 1792 4719 σαρκοφάγους

132 4733 173 4791 lm
186 4735 237 4789 in.
990 4724 1056 4784 τινὰς
1074 4725 1115 4776 καὶ
1140 4723 1278 4794 αἰμοόόραυς
1300 4720 1357 4779 ro'ur
1378 4720 1512 4778 ἀκούοντας
1535 4716 1673 4784 ἀποτελεῖν,
1695 4722 1743 4777 τοῖς
1765 4718 1793 4771 bl

171 4806 228 4874 (el)
240 4804 512 4874 Eumeenfirlttabat.
529 4803 589 4856 Non
606 4802 676 4855 male
692 4800 781 4856 l'orsan
798 4797 937 4870 legeretur
989 4800 1156 4866 πνευματικῶς
1170 4795 1200 4848 τὰ
1215 4792 1365 4863 πνευματικὰ
1380 4785 1579 4861 ἔκλαμῧαὶναυσιν,
1593 4784 1664 4841 οὐδὲν
1680 4786 1793 4855 ἐφαίνετο

133 4877 298 4946 confirmat,
319 4877 371 4933 hoc
391 4875 478 4947 magis
502 4873 637 4945 placeret;
661 4872 688 4925 id
717 4871 790 4926 enim
814 4867 936 4940 pressius
990 4869 1102 4937 sniapes,
1123 4865 1187 4919 ἀλλὰ
1207 4865 1306 4937 ῥήματα
1327 4863 1447 4923 sicensium
1470 4861 1619 4932 ὑπάρχοντα,
1635 4857 1678 4927 τὴν
1694 4856 1793 4912 αἰώνιον

131 4947 257 5019 loquitur
270 4956 296 5002 et
307 4947 502 5003 vehementius.
517 4945 556 4999 th
571 4943 619 4997 Pil.
989 4938 1073 4998 αὐτοῖς
1083 4939 1258 5009 πρυτανεύοντα
1273 4934 1349 5002 ζωήν.
1367 4934 1426 4990 Vid.
1442 4932 1527 5007 Aug„
1548 4932 1596 4987 lib.
1613 4947 1642 4987 lv
1661 4931 1694 4987 de
1713 4933 1792 4987 Doci-

171 5021 230 5089 (65)
247 5018 349 5077 llsrtui
372 5021 533 5090 resurgant.
557 5015 687 5087 legerem
710 5018 870 5083 resurgunt,
892 5010 935 5065 rel
990 5008 1067 5073 Clam,
1084 5025 1142 5078 cap.
1156 5011 1199 5063 lli.
1217 5009 1279 5063 Rro.

133 5094 293 5161 resument.
311 5089 348 5144 Lu
363 5090 413 5144 Pa.
1024 5081 1082 5149 (69)
1099 5080 1169 5136 Coro
1182 5079 1257 5134 nibil
1272 5077 1394 5151 prodest.
1409 5076 1454 5132 Sic
1479 5083 1505 5131 et
1533 5084 1657 5133 materna
1680 5075 1793 5146 propin-

170 5163 229 5232 (66)
245 5162 303 5228 Qua
319 5177 377 5217 non
391 5160 521 5234 nupturi,
538 5160 603 5231 quia
628 5173 680 5212 nec
704 5155 850 5213 morituri.
869 5152 934 5209 Post
987 5152 1077 5223 quites
1096 5151 1162 5206 nihil
1177 5149 1267 5206 llariae
1281 5148 1433 5221 profuisset,
1448 5148 1500 5203 nisi
1526 5149 1635 5205 l'elicius
1658 5147 1794 5203 Christum

136 5230 359 5288 resurrectionem
382 5231 536 5303 nuptiarum
563 5245 628 5285 usus
644 5244 698 5283 non
722 5224 855 5294 exstabit3
872 5241 933 5281 oum
988 5224 1070 5279 eorde
1090 5239 1171 5295 quam
1193 5237 1275 5278 carne
1305 5227 1449 5350 gestasset.
1480 5220 1663 5295 Augustinus,
1688 5219 1737 5276 llb.
1762 5218 1795 5275 ds

135 5301 206 5357 enim
232 5303 264 5358 ad
293 5301 401 5375 generis
433 5310 535 5358 tantum
568 5299 677 5355 humani
711 5295 933 5370 propagationem
986 5299 1088 5352 saneta
1108 5294 1286 5366 Virginitate.
1330 5308 1366 5348 m.

136 5372 266 5430 institutae
291 5376 354 5441 sint,
379 5373 427 5429 ubi
450 5371 537 5430 oessa't
559 5370 606 5425 illa
624 5368 756 5428 moriendi
775 5369 932 5434 necessitas,
1025 5369 1082 5439 (70)
1097 5369 1132 5424 Et
1145 5365 1320 5425 devorandus
1335 5363 1445 5428 auditu,
1461 5364 1529 5420 idota
1550 5364 1619 5420 hora
1638 5362 1697 5416 haec
1720 5359 1795 5415 inso—

134 5451 345 5518 eessatquooue
358 5445 402 5501 illa
416 5443 615 5516 propagationis
631 5442 724 5497 torma.
741 5442 780 5496 Le
794 5440 845 5496 Pa.
987 5439 1047 5494 lens
1070 5454 1103 5494 ex
1125 5453 1158 5495 eo
1178 5438 1302 5504 ducitur,
1335 5436 1408 5508 qnod
1435 5450 1498 5494 cum
1525 5381 1648 5490 ghristus
1676 5431 1711 5486 sit
1743 5430 1793 5486 Dei

173 5516 232 5585 (67)
261 5516 426 5574 sadduceos
452 5516 704 5575 Christianorum.
730 5512 765 5568 Ut
796 5508 936 5567 Saddneaei
989 5508 1118 5576 Verbum,
1143 5518 1169 5566 et
1201 5524 1266 5567 aare
1287 5511 1347 5581 ejus
1373 5507 1449 5578 panis
1480 5505 1575 5561 auditu
1598 5504 1723 5560 devorari
1746 5502 1793 5557 di-

132 5587 291 5644 iudaaornm
316 5596 392 5644 erant
419 5587 545 5654 heretici,
575 5586 611 5641 ita
639 5583 780 5641 hereticos
802 5583 844 5638 sui
865 5588 936 5639 tem·
989 5588 1076 5648 catur,
1091 5581 1213 5656 ntpanis
1227 5580 1435 5639 moderaretur.
1450 5547 1488 5641 Rs
1504 5576 1553 5635 l’a.

134 5659 211 5730 poris
238 5657 451 5716 Chnalianerum
478 5658 640 5717 sadduceos
671 5655 792 5715 numiam
819 5653 858 5711 [ιε
887 5652 939 5712 aa.
