3848 6120
74 378 77 383 ,
127 330 180 391 735
481 323 701 388 attractant
717 323 848 386 OPRRUM
866 324 949 389 PARS
961 329 996 390 ll.
1015 361 1052 372 -
1069 326 1182 389 SERIES
1199 329 1221 401 l,
1242 326 1417 389 tatastat.
1722 326 1774 390 736

128 455 250 513 nationes
268 455 321 512 sab
345 455 541 513 ferventissimo
564 470 613 510 axe
631 462 787 521 censentur,
803 455 922 510 colorem
938 443 961 522 Ι
980 457 1082 514 semine
1097 456 1258 514 educimur?
1282 455 1338 513 Car
1357 463 1446 513 autem
1460 462 1488 511 et
1515 460 1623 513 ueteres
1641 455 1772 529 astrologi

60 574 65 583 ·
127 543 653 617 (6666666666ιεῖ66666116666666,
680 541 781 613 quibas
802 540 873 596 aeris
888 540 923 595 ri·
978 545 1131 618 genituram
1155 544 1273 601 hominis
1290 546 1324 600 ab
1339 543 1416 599 initio
1441 552 1591 615 conceptus
1614 543 1772 617 digerebant

127 649 178 705 gor
205 632 319 689 rrrrllusl
338 633 425 687 Taceo
452 631 618 687 cubiculares
647 637 740 696 aestas,
767 635 794 684 et
816 644 924 684 omnem
978 633 1001 689 si
1015 649 1069 689 non
1083 632 1180 688 exinde
1193 640 1220 687 et
1243 631 1332 687 anima
1353 643 1403 699 est,
1418 633 1453 688 ad
1480 647 1560 704 qaam
1580 646 1661 704 aeque
1694 633 1772 703 perti·

127 720 181 776 illie
214 720 311 776 caloris
335 729 487 791 paratarum
522 718 687 773 enitentibus
731 719 923 783 necessariam,
978 719 1058 776 netsi
1073 720 1194 793 quidest
1212 719 1352 776 ssatus⁴⁵i

127 825 196 881 quas
218 808 311 863 adflari
335 809 377 864 vel
402 807 517 864 maxime
542 807 691 879 periculam
714 814 763 862 eat.
801 808 828 862 ln
858 807 925 876 ipsis
1256 862 1370 919 CAPUT
1389 863 1482 919 XXVI

128 912 195 965 pene
223 897 329 952 balneis
351 896 432 953 foetrrs
449 897 573 965 elabitur,
590 903 618 950 et
640 895 729 950 stetim
746 896 854 966 sagitas
872 911 923 950 uu-

127 986 209 1040 ditar.
238 986 382 1049 Caeterum,
414 987 436 1039 si
469 985 540 1042 aeris
580 986 658 1056 rigor
695 985 839 1040 thesaurus
882 992 924 1041 est
1014 987 1069 1044 Sed
1083 985 1173 1043 omnis
1187 987 1356 1058 inequalitas
1383 987 1522 1043 sententia
1544 988 1771 1062 inmensusque

127 1074 232 1140 aninrae,
244 1083 318 1130 extra
341 1073 512 1138 Germanias,
529 1080 557 1129 et
571 1074 666 1143 Alpes,
688 1085 715 1127 et
737 1073 850 1145 Argaeos
866 1074 924 1143 (66)

127 1184 207 1225 nemo
220 1169 312 1224 debuit
331 1168 416 1223 nesci.
440 1168 540 1237 Atquin
568 1178 593 1223 ct
608 1167 701 1238 populi
729 1167 925 1239 frequentiores

128 1255 202 1328 apud
226 1255 382 1311 orientalem
411 1262 438 1311 et
460 1255 624 1311 meridialem
654 1262 874 1324 temperaturam,
897 1263 924 1311 et

127 1345 237 1418 ingenia
259 1344 433 1415 expeditiora,
450 1344 575 1399 omnibus
599 1343 728 1399 Sarmatis
740 1345 819 1398 etism
834 1354 924 1400 mente

129 1432 305 1502 torpentibus.
328 1431 460 1487 Etenimi
488 1432 559 1487 enim
586 1432 620 1485 da
648 1431 786 1503 rigoribus
801 1432 925 1489 scitiores

127 1521 309 1590 provenirent,
337 1520 360 1575 si
388 1521 485 1575 animae
509 1522 542 1575 de
568 1520 724 1591 frigusulis
753 1521 922 1577 euenirent:

127 1625 187 1663 cum
211 1609 360 1664 substantie
388 1624 461 1663 enum
490 1617 518 1663 ct
545 1608 597 1662 ais.
613 1608 661 1661 llis
686 1608 724 1664 ita
748 1608 921 1680 praestructis,

978 1077 1012 1131 ad
1028 1076 1076 1133 Dei
1100 1078 1230 1132 terminos
1254 1078 1312 1147 (at)
1331 1094 1337 1133 :
1359 1075 1386 1130 in
1414 1083 1522 1132 nostras
1533 1076 1589 1146 jam
1609 1076 1691 1133 lineas
1709 1094 1770 1151 gra·

979 1166 1041 1219 dum
1069 1165 1194 1238 colligam
1215 1172 1244 1220 at
1258 1165 1330 1236 quod
1344 1163 1510 1235 philosophis
1531 1164 1695 1237 medie-isque
1726 1182 1768 1220 rc·

978 1254 1085 1323 spondi,
1105 1253 1257 1308 Christiano
1283 1254 1405 1323 probem.
1435 1253 1541 1318 Dctao,
1557 1251 1653 1318 frater,
1677 1251 1770 1309 lunda·

977 1349 1069 1397 mento
1084 1338 1163 1397 fidem
1182 1339 1284 1396 aedifica
1312 1341 1338 1378 44
1360 1340 1418 1411 (68)
1433 1357 1440 1409 3
1455 1339 1554 1412 Aspice
1583 1339 1771 1398 viventesate·

978 1444 1022 1485 ros
1048 1429 1105 1500 (69)
1141 1427 1370 1486 sanctissimarum
1398 1428 1573 1499 laminarum,
1615 1443 1670 1484 nec
1698 1429 1772 1485 modo

978 1518 1110 1589 spirantes
1124 1518 1180 1588 jam
1207 1517 1262 1574 illic
1281 1518 1403 1584 inientes,
1433 1517 1632 1574 verumetiam
1658 1520 1771 1589 prophe·

978 1615 1073 1662 tames.
1100 1607 1167 1663 Ecce
1182 1607 1261 1677 (Gen.
1280 1607 1352 1677 nas)
1368 1606 1472 1662 viscera
1491 1606 1624 1663 Rebeccae
1645 1606 1707 1678 (70)
1732 1606 1770 1662 in·

128 1713 272 1769 possamus
307 1698 368 1752 illos
394 1712 503 1769 quoqne
545 1696 714 1768 recogitare,
742 1697 787 1767 qui
813 1707 921 1756 exsecto
975 1696 1138 1768 quietantur‚
1168 1702 1194 1750 et
1209 1695 1390 1767 longeadhuc
1405 1698 1508 1766 partas.
1532 1703 1559 1751 at
1590 1694 1664 1751 aeris
1690 1695 1772 1751 nullut

128 1787 220 1841 matris
241 1795 317 1841 ntem
340 1786 393 1840 sivi
420 1801 508 1840 aerem
541 1786 696 1854 haasemnt
726 1786 811 1842 liberi
838 1785 921 1858 aliqui
938 1746 960 1825 B
975 1784 1117 1855 impulsas.
1133 1785 1203 1839 Ecce
1216 1783 1316 1855 duplex
1332 1783 1402 1839 letas
1415 1782 1441 1837 ia
1463 1781 1531 1841 locis
1554 1782 1653 1838 matris
1671 1784 1780 1862 turnul-¹

128 1871 257 1931 6693
279 1873 421 1944 Scipiones
448 1873 517 1944 (66).
554 1871 671 1940 Quodsi
694 1874 751 1943 qui,
783 1881 811 1929 6ι
834 1875 919 1941 Plato,
976 1883 1092 1938 tuantur,
1103 1880 1131 1943 6(
1145 1888 1275 1945 nusquam
1291 1871 1380 1928 adhuc
1400 1873 1493 1943 populi
1519 1873 1583 1928 666.
1614 1872 1769 1928 Portentosa

129 1963 242 2035 perinde
261 1978 315 2017 non
338 1968 414 2034 putat
437 1962 738 2034 (antesaecularem
754 1979 836 2019 urnam
852 1979 921 2018 ron-

129 2051 229 2119 venire,
244 2051 312 2106 sicut
340 2066 391 2107 nec
416 2066 538 2121 corpora,
553 2066 606 2123 ego
627 2051 665 2105 illi
680 2067 733 2106 non
748 2052 829 2108 modo
857 2052 925 2109 duas

129 2141 233 2194 animas
258 2139 285 2193 in
311 2155 393 2195 unam
423 2148 566 2210 congestas
583 2140 774 2206 ostendissem,
803 2140 873 2196 sicut
898 2149 926 2198 et

130 2242 243 2297 corpora
270 2227 297 2281 in
335 2228 452 2297 loetibus,
490 2243 584 2283 veram
621 2234 648 2282 et
671 2227 723 2283 alia
750 2229 833 2284 malta
864 2245 925 2285 cam

131 2316 222 2370 anima
236 2325 370 2383 conserta,
387 2316 519 2372 damonia
533 2315 643 2381 seilicet,
660 2333 711 2371 nec
737 2317 825 2382 uanius,
842 2325 871 2371 at
897 2317 925 2373 in

130 2404 242 2461 Socrate
260 2405 335 2476 ipso;
352 2421 447 2460 verram
464 2412 490 2458 et
518 2403 664 2475 septenarii
696 2405 816 2475 spiritus,
841 2414 872 2461 at
898 2406 926 2461 in

131 2493 303 2566 hlagdalena3
322 2504 348 2550 ct
370 2493 511 2565 legionarii
540 2494 657 2558 numeri,
673 2501 703 2549 ut
725 2493 752 2548 in
776 2494 926 2562 Geraseno,

131 2595 185 2651 quo
208 2580 316 2637 laeilias
342 2582 429 2637 anima
452 2597 513 2637 eum
542 2582 633 2636 areima
660 2590 815 2637 conseretur
842 2583 867 2621 ⁴³
894 2597 927 2639 ex

131 2667 256 2725 societate
296 2670 465 2735 substantiae,
490 2685 573 2740 quam
602 2668 715 2739 spiritus
744 2685 859 2740 aequam
892 2686 925 2726 ex

131 2757 286 2814 diversitate
303 2767 416 2814 naturae.
438 2760 475 2813 At
488 2758 560 2814 idem
580 2759 606 2811 in
622 2765 699 2814 sexto
723 2760 838 2830 lepram,
866 2773 928 2814 mo-

132 2859 199 2901 nens
225 2861 322 2901 cauere
350 2862 383 2901 ne
407 2845 514 2903 vitiatio
529 2843 640 2900 seminis
653 2861 685 2901 ex
715 2846 803 2916 aliqua
821 2845 928 2902 vilitate

130 2933 287 2989 concubitus
311 2934 396 2987 labem
434 2934 543 3004 corpori
583 2942 609 2988 et
650 2932 746 2988 animm
787 2944 925 3005 supparet,

979 1960 1090 2017 forsitan
1119 1960 1267 2031 petulantis
1293 1958 1421 2027 inlantiae,
1450 1967 1514 2016 ante
1540 1961 1672 2016 cenantis
1698 1976 1771 2031 quarn

978 2050 1101 2117 virentis,
1122 2060 1184 2106 ante
1207 2051 1336 2106 animosae
1354 2063 1437 2119 qaam
1452 2049 1584 2113 animatae,
1600 2049 1625 2104 si
1660 2057 1771 2105 tantum·

979 2139 1059 2196 modo
1074 2149 1185 2194 matrem
1199 2137 1375 2194 sahsnltaudo
1393 2139 1535 2193 turbasset.
1550 2135 1642 2194 691
1656 2136 1693 2193 At
1715 2153 1770 2194 eam

978 2235 1070 2297 partus
1084 2228 1212 2299 aperitur,
1228 2235 1254 2283 ct
1268 2241 1397 2283 numerus
1424 2224 1573 2295 inspicitur,
1587 2234 1617 2282 et
1630 2234 1772 2298 auguratus

979 2316 1189 2390 recognoscitur,
1217 2323 1294 2388 puto,
1316 2316 1370 2386 jam
1400 2330 1454 2371 non
1481 2315 1578 2370 animae
1602 2317 1767 2373 solummodo

979 2408 1128 2477 probantur
1157 2405 1307 2473 infantium,
1331 2404 1379 2460 666
1407 2415 1434 2461 et
1462 2420 1571 2478 pugnae.
1599 2404 1769 2460 Detinebatur

980 2493 1024 2567 qai
1040 2502 1208 2564 prevenerat
1227 2493 1329 2550 nescia
1348 2501 1497 2564 praevento,
1512 2507 1562 2548 nec
1576 2492 1645 2548 dam
1671 2491 1768 2561 plenius

980 2583 1063 2650 edito,
1093 2589 1198 2637 tantum
1222 2599 1303 2638 manu
1326 2589 1397 2638 nato.
1422 2579 1492 2636 Etsi
1524 2581 1716 2650 ipseanimam
1740 2581 1768 2636 de

981 2673 1068 2740 prima
1081 2671 1243 2739 aspiratione
1255 2671 1279 2709 ⁴⁴
1294 2670 1404 2743 potabat
1435 2669 1576 2726 Platonico
1600 2685 1680 2728 more
1702 2670 1764 2742 (tt),

981 2767 1028 2815 aut
1041 2762 1075 2814 rte
1093 2761 1162 2812 aeris
1173 2759 1262 2831 rigore
1276 2760 1404 2830 carpebat
1420 2758 1510 2814 Stoica
1524 2757 1613 2813 lorma
1626 2758 1698 2827 (72),
1712 2760 1766 2831 qud

981 2847 1024 2902 ille
1038 2847 1087 2919 qai
1099 2848 1313 2920 exspectabatur,
1328 2848 1374 2919 qui
1398 2846 1488 2903 adhuc
1516 2845 1592 2902 intus
1610 2847 1768 2903 detinebatur

981 2936 1087 2992 etiams
1114 2939 1169 3005 jam
1196 2936 1354 2992 detinebat?
1380 2935 1516 3000 Nondum,
1537 2936 1645 3006 opinor,
1670 2934 1765 3004 spiram

131 3021 224 3076 nescio
244 3022 277 3074 de
305 3020 426 3090 pristinis
439 3023 463 3060 ⁴⁴
483 3021 579 3094 magis,
609 3038 642 3076 an
670 3023 703 3087 de
717 3024 767 3078 ista
790 3023 924 3079 sententia
943 3019 1095 3098 eplantnm
1110 3019 1198 3079 fratris
1213 3025 1359 3089 invaserat,
1376 3023 1456 3079 etiam
1485 3038 1557 3078 nanc
1584 3023 1678 3077 calens
1699 3033 1769 3078 muas

130 3108 183 3163 sibi
205 3107 342 3165 exciderit.
371 3108 495 3166 Ostendit
526 3111 599 3166 enim
626 3111 792 3165 animemde
819 3112 924 3168 semina
983 3130 1012 3170 se
1027 3113 1143 3185 priorem
1160 3113 1282 3182 prodisse
1294 3110 1615 3180 capiebatoiatantem
1630 3118 1657 3166 et
1686 3128 1765 3168 mmu-

131 3194 232 3262 indaei,
253 3198 326 3268 quod
340 3199 430 3253 curari
445 3207 545 3263 monet,
573 3214 625 3256 non
653 3199 689 3253 66
714 3198 800 3273 prima
820 3200 926 3270 aspira·
982 3202 1049 3273 lam,
1063 3208 1090 3256 et
1108 3201 1234 3265 validam,
1251 3209 1278 3256 st
1292 3199 1357 3257 olim
1371 3197 1588 3256 contentiosuml
1612 3198 1704 3256 Credo
1718 3199 1769 3271 qais

132 3283 204 3341 tione
233 3286 365 3343 nascentis
405 3287 491 3352 Unde,
506 3302 554 3344 ero
570 3295 606 3356 te,
632 3286 807 3342 similitudine
832 3288 929 3343 aalma
982 3289 1083 3343 riuum.
1112 3288 1210 3358 Aspice
1238 3288 1316 3356 (666.
1334 3288 1355 3359 ι)
1382 3285 1464 3342 etiam
1498 3287 1655 3358 singulares
1681 3301 1766 3344 ccum·

54 3412 56 3416 -
132 3388 239 3447 quoque
254 3374 409 3444 parentibus
418 3377 452 3431 dc
467 3375 582 3449 ingeniis
595 3376 804 3446 respondemus,
828 3391 928 3430 66666-
983 3387 1044 3444 ptus
1057 3374 1128 3445 (73),
1143 3383 1168 3429 et
1181 3374 1289 3445 quidem
1305 3374 1524 3439 monstrosiores,
1540 3373 1641 3429 sterilis
1676 3384 1704 3431 et
1726 3374 1769 3431 rir-

131 3461 196 3517 dum
223 3462 359 3519 Cleanthis
400 3464 592 3529 testimoniam,
622 3464 645 3517 si
680 3479 734 3520 noa
767 3479 800 3519 ex
828 3463 925 3519 animae
982 3463 1062 3533 pinis,
1078 3478 1137 3536 quae
1159 3463 1199 3519 vel
1221 3461 1349 3534 lrocipso
1365 3460 1535 3534 imperfectos
1562 3461 1645 3519 edere
1679 3462 1768 3533 potuis·

811 3588 907 3651 Variae
936 3592 1091 3653 lectiones.

169 3694 195 3732 ⁴³
208 3693 367 3753 censeretur
382 3697 465 3754 sent.
477 3695 564 3751 Rben.
583 3694 692 3751 Obertb.
709 3692 768 3751 666.
788 3696 890 3752 Ursini.
905 3695 930 3735 44
943 3693 1058 3750 Pristina
1071 3694 1159 3752 aben.
1175 3696 1255 3751 Pam.
1271 3693 1296 3732 ⁴⁵
1308 3693 1398 3751 Status
1409 3695 1469 3753 666.
1490 3697 1590 3754 Woura.
1605 3696 1632 3735 ⁴⁴
1643 3694 1771 3753 aditae

135 3763 214 3819 Pam.
225 3766 312 3823 Alcen.
329 3768 439 3839 Gaqnoe.
456 3764 480 3804 44
494 3765 644 3836 Spiratione
659 3766 738 3820 Pam.
750 3767 838 3823 Rben.

830 3880 1081 3946 Commentarius.

148 4054 153 4065 ι
169 3985 227 4055 (66)
238 3986 320 4058 Alpes
328 3990 355 4043 et
370 3987 488 4067 Arpoeos.
499 3985 567 4039 Cam
577 3984 690 4110 Auribus
697 3984 928 4066 juugituArgoeam
982 3986 1129 4056 alloquitur
1142 3987 1328 4068 christianum,
1343 3987 1423 4069 cajus
1439 3988 1641 4043 larndamentum
1667 3986 1771 4060 aptallst

133 4072 188 4111 saue
204 4057 318 4128 Argaeos
337 4068 442 4112 montes
467 4073 495 4111 aa
510 4058 602 4127 Cappa
626 4074 692 4124 ocra,
715 4071 840 4127 quautam
866 4073 928 4127 per-
983 4074 1086 4114 sacram
1110 4059 1290 4129 Scripturam3
1307 4075 1350 4114 eur
1365 4073 1414 4129 pro
1442 4059 1619 4116 laudamento
1644 4074 1769 4116 66666666

135 4127 220 4196 petuis
244 4128 359 4195 ciuibus,
379 4128 457 4184 sicuti
484 4127 578 4199 Alpes,
599 4144 677 4184 mons
703 4128 754 4184 iste
772 4127 927 4186 obducitur.
982 4128 1178 4198 scripturarum
1193 4129 1345 4185 testimonia
1358 4131 1495 4203 suggerit.
1508 4131 1571 4186 ltro.

134 4199 172 4254 La
188 4199 235 4255 Pa.

134 4415 184 4467 ber
208 4428 223 4466 e
245 4411 318 4467 louis
341 4428 443 4467 semme
458 4421 582 4467 assectas
603 4426 709 4481 quoque
732 4411 840 4476 dicitur,
858 4415 930 4467 unde

134 4483 238 4538 labala.
254 4480 424 4554 Quamquam
448 4498 495 4552 per
518 4483 610 4538 Liberi
628 4480 717 4554 gentis
744 4494 791 4537 aut
823 4483 932 4539 iamiliae

133 4554 373 4610 nomenniomen
391 4553 660 4626 quidamexplicaat.
682 4551 801 4608 Caesares
826 4570 841 4607 a
860 4571 931 4611 caso

135 4624 234 4695 pariter
260 4626 354 4682 metris
379 4637 457 4682 utero
476 4625 563 4679 dictos
583 4638 663 4678 neam
687 4638 741 4677 non
757 4631 840 4693 putat,
869 4643 929 4680 carn

136 4703 312 4753 temerante
337 4697 476 4753 Caesarum
519 4705 609 4751 entem
632 4693 771 4748 Claudium
796 4695 930 4751 Caesarem

135 4768 269 4824 exstitisse
306 4769 375 4823 dieat
410 4779 472 4822 ante
500 4713 606 4823 {ellam
630 4763 788 4820 Sarrtnirium
817 4767 930 4824 Plinius.

135 4838 262 4894 Caesones
280 4854 389 4911 qaoque
411 4838 571 4894 dicebantur
585 4838 630 4908 qni
650 4849 720 4890 caeso
736 4837 830 4892 aratris
853 4850 929 4894 utero

135 4911 324 4974 nascebantur,
341 4919 369 4963 at
383 4909 487 4980 Scipio.
503 4910 541 4964 La
555 4910 605 4964 Pa.

171 4982 227 5050 (66)
251 4982 283 5038 tlt
301 4981 393 5045 Plato,
414 4981 533 5051 perinde
559 4996 617 5037 aon
634 4983 726 5050 patet,
747 4987 798 5034 etc.
820 4978 930 5036 Unicam

135 5050 338 5121 simplicemque
361 5051 479 5105 aninmm
495 5051 591 5120 caique
604 5051 709 5119 corpori
735 5047 833 5113 inesse,
854 5050 930 5107 astir-

45 5150 50 5159 ·
136 5121 224 5175 rnarhrt
247 5122 330 5185 Plato,
347 5138 435 5193 neque
456 5123 523 5176 duas
544 5122 570 5175 ia
591 5122 685 5175 eodem
714 5119 793 5176 simul
822 5122 930 5178 horrrine

135 5192 301 5316 admittfbalt).
322 5192 473 5266 Chrysippo
498 5192 565 5248 illad
593 5191 686 5246 tribuit
705 5189 819 5246 Tertull.
844 5209 930 5264 supe-

135 5279 202 5318 666.
246 5278 263 5317 ιι
300 5279 326 5318 a.

170 5335 228 5405 (bi)
244 5334 296 5391 Sed
314 5336 404 5391 omnis
433 5335 616 5407 inequalitas
630 5339 782 5394 sentcntiae
796 5334 931 5392 bamanoe

134 5422 220 5481 asqac
234 5407 328 5463 adlici
342 5408 487 5463 terminos.
503 5406 585 5480 erasi
605 5405 708 5461 diceret
724 5427 731 5464 :
756 5406 807 5463 Sed
831 5407 931 5461 luerint

134 5476 290 5550 inaequales,
320 5480 430 5532 incertae
461 5490 487 5530 rt
523 5476 703 5533 inconstantes
731 5476 869 5533 hominum
896 5476 931 5532 de

135 5548 224 5603 anima
239 5549 379 5606 sententiae
389 5564 476 5620 aeque
491 5549 523 5602 ad
539 5548 630 5604 divina
642 5548 802 5604 testimonia.
814 5548 875 5604 Rau.

171 5622 229 5688 (68)
237 5625 275 5677 66
287 5627 334 5679 tac
344 5619 636 5692 fratersaadamrnto
651 5621 734 5689 fidem
744 5619 862 5689 aedifica.
872 5619 931 5676 lam

384 4271 389 4281 ⁵
544 4270 549 4280 ι
709 4265 714 4277 1
737 4268 742 4278 Ι
841 4268 846 4281 .
1018 4202 1075 4271 (69)
1083 4203 1183 4282 'Aspice
1191 4202 1312 4258 tricantes
1322 4204 1427 4257 clercs.
1439 4200 1677 4283 Galenusquoqae
1690 4201 1770 4281 ecdem

169 4269 228 4342 (66)
242 4270 334 4328 liberi
346 4271 438 4343 aquai
461 4274 490 4326 et
503 4269 657 4342 Scipiones.
673 4266 763 4337 Scrpro
789 4269 930 4327 Africanus
983 4273 1143 4343 probatione
1171 4280 1361 4343 argumentum
1394 4273 1474 4342 capit,
1509 4274 1556 4328 sed
1573 4280 1725 4328 retrusurus
1748 4271 1771 4324 h·

133 4341 208 4411 prior
233 4356 304 4398 caeso
332 4341 484 4422 Pomponiae
508 4340 695 4395 matrisutero
710 4348 787 4394 natus
803 4351 854 4395 est.
880 4342 925 4396 Lt—
946 4341 1060 4418 nnees,
1076 4357 1109 4397 ex
1137 4342 1256 4413 protana
1275 4343 1404 4413 exemplis
1426 4343 1590 4400 confirmans
1605 4343 1704 4400 foetum
1722 4343 1770 4398 nai·

986 4426 1084 4467 irratam
1101 4415 1127 4466 in
1144 4427 1229 4477 atero,
1243 4414 1310 4469 libro
1323 4430 1403 4482 quem
1418 4414 1526 4484 scripsit
1556 4433 1562 4470 :
1581 4436 1593 4466 a
1616 4416 1659 4471 An
1680 4410 1769 4470 arrimti

985 4484 1020 4539 sit
1035 4485 1106 4554 quad
1122 4484 1149 4539 in
1165 4491 1241 4540 atero
1256 4493 1306 4539 est.
1325 4505 1336 4534 ι
1354 4485 1419 4541 lac.

1021 4557 1078 4624 (70)
1094 4557 1277 4612 Ecceur'scera
1296 4555 1430 4614 66666666.
1455 4555 1519 4613 Late
1542 4556 1716 4629 prosequitur
1735 4554 1773 4609 hi·

984 4628 1094 4680 storiam
1108 4626 1176 4681 Gen.
1194 4641 1244 4693 ax,
1260 4625 1294 4682 dc
1308 4627 1431 4683 Rebecca
1446 4639 1472 4683 et
1486 4627 1593 4683 duobus
1621 4629 1685 4697 eius
1711 4626 1774 4703 atta,

985 4698 1082 4751 tamin
1106 4705 1191 4762 utero,
1208 4707 1262 4750 tum
1295 4701 1321 4751 in
1349 4698 1565 4770 partaqnintsi
1589 4700 1645 4768 jam
1673 4699 1773 4754 animab

985 4783 1038 4822 noa
1055 4766 1200 4835 potuissem
1224 4784 1328 4839 pugnas
1342 4768 1401 4824 itus
1416 4771 1557 4825 intentare.
1571 4769 1642 4826 Pars.

1019 4840 1075 4909 qil)
1103 4840 1140 4894 lle
1165 4837 1262 4909 prima
1288 4841 1462 4912 aspiratione
1492 4839 1610 4925 potabat
1636 4840 1777 4897 Platonico

984 4923 1071 4964 rnore.
1082 4907 1137 4962 Alii
1157 4909 1299 4980 portabat.
1314 4910 1417 4966 Alladit
1431 4912 1464 4964 ad
1475 4914 1547 4967 dieta
1561 4911 1653 4982 capite
1665 4911 1777 4983 praeced.

986 4981 1029 5061 nbi
1047 4979 1149 5104 maioni
1164 4980 1305 5052 imputavit
1326 4982 1441 5037 animam
1457 4982 1573 5053 primum
1593 4983 1663 5038 trahi
1694 4983 1779 5057 spins-

987 5058 1070 5107 trone.
1107 5067 1151 5106 nc.

1019 5122 1076 5192 (72)
1091 5125 1210 5180 Deaerit
1220 5125 1311 5195 rigore
1321 5123 1453 5194 carpebat
1469 5123 1562 5180 Stoica
1574 5125 1684 5195 sonna.
1702 5124 1782 5181 6666

983 5193 1081 5264 recipit
1096 5208 1140 5258 ea,
1166 5209 1226 5265 quae
1253 5193 1386 5264 superiori
1411 5195 1528 5265 capitulo
1551 5195 1653 5251 Stoicis
1684 5194 1782 5259 tribuit,

985 5272 1045 5331 post
1060 5272 1151 5319 natum
1163 5281 1276 5334 pueram
1292 5280 1385 5336 rapere
1397 5264 1513 5320 animam
1528 5265 1600 5322 ueris
1623 5267 1718 5340 rigore
1741 5282 1784 5323 re·

984 5350 1152 5405 percussam.
1165 5335 1230 5391 Lac.

1020 5406 1076 5475 (tt)
1096 5408 1290 5479 Aspicectiam
1304 5408 1465 5478 singulares
1480 5410 1641 5480 coneeptas.
1660 5407 1784 5465 Simili«

984 5476 1064 5532 etiam
1080 5477 1123 5531 hic
1138 5478 1405 5550 conceptusloaanis
1424 5480 1552 5549 Baptistae
1578 5489 1607 5535 et
1634 5478 1784 5545 Chrisdst

985 5558 1102 5604 mutuam
1123 5549 1296 5621 agitationem
1321 5547 1462 5606 infantiam
1489 5551 1576 5607 adhuc
1603 5550 1632 5605 iu
1647 5548 1784 5619 uternis

986 5619 1084 5690 quibus
1098 5618 1193 5684 Lacus,
1210 5636 1241 5686 tr,
1257 5637 1282 5676 c.
1298 5621 1366 5676 Para.
