3840 6134
58 256 129 316 itte
485 250 653 315 arentum
670 252 703 312 t.
722 284 759 298 -
776 252 809 313 tt.
829 251 1020 337 GORBINthl
1037 251 1163 315 TROUAE
1177 251 1298 316 thum.
1481 269 1487 277 “
1637 257 1707 320 ¹250
1804 266 1807 271 ⁴

95 380 219 454 Spiritus
236 377 401 451 prophetice.
418 377 636 448 Prophetaenim
651 377 850 444 continuasse,
869 372 1001 458 fllestam
1028 378 1103 434 illam
1127 378 1155 434 in
1184 379 1271 435 Deum
1289 393 1392 444 vocem,
1412 386 1439 435 et
1461 376 1577 436 officium
1609 381 1706 440 futurae

57 471 113 526 imo
127 466 211 541 (quod
225 466 347 523 Christus
361 466 454 521 blatth.
470 481 512 534 ιι,
529 468 555 532 9,
574 467 665 525 turbas
679 467 757 539 dixit)
770 468 852 542 plus·
905 467 1032 525 claritatis
1048 467 1184 537 ediscunt;
1203 489 1215 519 a
1231 467 1294 542 qnia
1316 467 1453 538 ejusmodi
1476 469 1626 526 seeundum
1643 486 1707 545 pro-

57 575 145 632 quam
160 555 310 629 Propheta.
330 554 393 610 Vide
411 556 855 626 eto.xx1,v.2tl.Prophetabat
907 556 1062 613 missionem
1078 554 1186 626 Christi,
1204 556 1295 612 Natth.
1315 572 1389 627 xxrr,
1414 573 1441 614 v.
1460 560 1505 629 30,
1520 563 1607 616 munt
1628 561 1706 617 sicut

58 647 141 717 enim,
162 659 216 701 nou
230 652 261 700 nt
284 643 386 715 antiqui
409 643 446 698 1111
462 642 599 700 Christum
613 646 662 702 diu
685 650 792 720 postea,
809 646 856 703 sed
907 647 1003 718 anpcli
1016 646 1066 702 Dei
1079 647 1111 702 in
1125 646 1204 702 calo.
1220 644 1266 701 Sic
1284 656 1310 701 et
1329 646 1379 701 lib.
1395 646 1431 703 ad
1448 651 1543 714 ocor,
1563 664 1588 705 c.
1604 651 1632 719 ’1,
1646 651 1705 707 vel-

58 753 128 793 moc
148 742 210 803 post
223 749 252 789 se
266 740 418 791 venturum.
908 742 937 789 ut
960 732 987 788 in
1011 733 1144 805 tyrocinio
1165 733 1270 789 timoris
1292 732 1341 788 Dei
1364 741 1500 807 agentem,
1516 735 1708 794 Candidatum

99 822 335 880 Translatt'onem.
348 821 457 878 Scilicet
467 823 575 894 quando
585 824 718 893 Christus,
731 823 857 881 aloaune
912 824 1028 883 Timoris
1049 822 1177 895 appellat,
1203 828 1230 877 et
1254 821 1317 877 alibi
1342 822 1477 892 ejusmodi
1491 824 1542 880 alia
1557 825 1650 882 habet.
1667 828 1708 882 lta

59 911 220 985 baptizatus,
234 911 307 967 cidit
330 911 470 983 Spiritum
484 913 535 967 Dei
557 912 768 968 descendentem
782 914 858 970 sicul
908 911 992 985 igitur
1005 909 1086 966 etiam
1104 910 1202 965 Noster
1221 910 1383 980 baptismum
1401 912 1513 967 loannis
1531 922 1611 970 vocat
1635 933 1709 973 can·

62 999 230 1064 columbam,
246 1001 444 1055 etoenientem
457 1014 541 1070 saper
554 1015 593 1066 se,
606 1000 702 1056 Natth.
717 1015 759 1067 m,
777 1003 820 1055 16.
909 1001 1038 1058 didatum
1052 999 1318 1071 cambdeniaqnod
1332 1015 1366 1056 eo
1376 1000 1484 1068 initiati,
1494 1003 1528 1058 ed
1542 1002 1709 1076 baptismum

99 1089 291 1148 sciscitatum.
304 1086 435 1144 Nimirum
452 1087 649 1158 llatth.1x,v.
666 1089 861 1155 3,cumloan·
910 1089 1019 1160 Christi,
1044 1105 1094 1162 per
1115 1103 1197 1161 quem
1220 1085 1249 1146 tit
1272 1089 1351 1162 plena
1373 1101 1548 1162 peecatorum
1573 1093 1708 1162 remissio,

63 1193 112 1235 nes
134 1177 167 1232 ad
187 1177 324 1233 Christum
343 1178 462 1232 mittens
484 1177 554 1235 duos
568 1176 601 1233 de
625 1178 773 1251 discipulis
787 1178 858 1244 suis,
910 1178 1055 1251 preparati
1080 1193 1112 1234 ao
1135 1176 1259 1248 dispositi
1284 1176 1403 1234 luerunt.
1420 1179 1554 1237 Cretemm
1575 1189 1602 1239 et
1619 1183 1648 1239 in
1662 1198 1708 1239 se-

63 1271 105 1325 uit
119 1268 189 1324 illi:
208 1268 247 1323 Tu
261 1282 300 1332 es,
321 1265 521 1338 calceaturus
536 1282 575 1337 es,
590 1284 630 1323 an
643 1269 734 1324 alium
748 1282 863 1342 exspec-
911 1267 1001 1340 quiori
1024 1282 1104 1323 seusu
1120 1266 1166 1322 lib.
1182 1267 1215 1323 de
1231 1267 1329 1326 Ceron.
1344 1282 1368 1324 c.
1384 1269 1411 1337 7,
1427 1267 1579 1326 idololatras
1608 1272 1709 1329 candi·

65 1359 183 1414 domm?
203 1355 243 1412 [lx
256 1358 309 1412 hoc
327 1362 415 1410 auam
431 1355 545 1412 cmdidit
567 1356 761 1425 Tertullianus,
781 1357 862 1415 loan-
912 1357 991 1416 datos
1001 1355 1114 1422 diaboli,
1129 1363 1156 1412 et
1169 1355 1196 1410 in
1210 1355 1257 1412 hh.
1273 1355 1453 1415 dedecima.
1470 1361 1515 1426 39,
1526 1359 1615 1433 proles
1629 1376 1711 1432 quas·

63 1463 127 1504 uem
151 1445 185 1504 de
207 1445 324 1512 Christo,
349 1460 428 1517 quem
450 1447 578 1503 Messium
605 1451 759 1505 uenturum
783 1446 862 1504 toties
914 1445 976 1501 dam
991 1445 1081 1502 adhue
1098 1442 1126 1499 in
1140 1453 1216 1502 utero
1239 1444 1331 1500 matris
1344 1445 1489 1516 ponimina
1508 1447 1712 1510 annonarum

64 1544 173 1608 mmque
196 1542 288 1606 aperte
310 1533 522 1606 praedicaverat,
546 1543 650 1606 postea,
675 1534 782 1592 Christo
801 1535 861 1608 ipso
915 1531 1068 1590 candidata
1081 1531 1207 1603 appellat.

64 1639 145 1680 suum
169 1622 368 1695 praedicationis
391 1638 491 1680 munus
504 1623 629 1694 obeunte,
649 1623 682 1680 de
706 1624 811 1690 eodem,
827 1640 863 1681 au
953 1622 990 1678 ln
1006 1616 1126 1678 Christo'.
1143 1614 1252 1677 Scilicet
1265 1625 1297 1678 in
1312 1625 1487 1695 baptismate
1507 1625 1622 1683 Christi.

64 1730 148 1770 verns
162 1720 231 1769 esset
244 1711 364 1776 Messias,
376 1712 500 1768 dubitare
509 1712 700 1784 incoepissent
712 1713 783 1770 idem
794 1713 864 1770 Nos·
882 1705 905 1783 Β
952 1709 1143 1766 Ειιιιιιιιιι
1157 1713 1208 1765 est.
1220 1709 1287 1780 Qua
1296 1708 1423 1767 nimirum
1432 1711 1509 1769 heret
1520 1728 1574 1770 uon
1587 1714 1614 1769 in
1628 1714 1713 1789 ipsius

66 1813 108 1859 ter
123 1803 153 1856 t.
170 1801 203 1858 de
229 1803 361 1865 Proescr,
380 1814 440 1872 unp.
461 1803 489 1867 8,
503 1800 569 1856 satis
589 1801 690 1874 prodit,
705 1809 732 1857 et
752 1800 780 1856 in
794 1817 818 1858 ι.
835 1817 864 1857 tv
916 1796 1042 1869 baptismi
1065 1797 1192 1864 loannis,
1212 1798 1259 1853 sod
1279 1798 1405 1869 baptismi
1426 1801 1541 1869 Christi,
1557 1811 1652 1874 postes
1664 1820 1712 1861 se-

67 1892 177 1947 adners.
206 1890 288 1945 Marc.
306 1905 329 1945 c.
348 1890 391 1958 16,
407 1889 495 1944 adhue
508 1889 627 1960 apertius
641 1897 668 1945 et
682 1888 813 1962 prolixius
827 1888 865 1945 si·
917 1883 1016 1952 cutnri,
1029 1883 1143 1955 virtute
1167 1885 1207 1943 sic
1226 1884 1300 1941 euim
1323 1886 1396 1943 solus
1417 1904 1453 1945 ea
1466 1894 1590 1962 operato,
1606 1906 1654 1948 seu
1667 1891 1713 1947 in-

66 1977 186 2050 gniheat
206 1976 252 2031 ubi
266 1976 294 2032 in
309 1977 364 2032 ιιι
384 1978 467 2035 verba
480 1976 517 2031 ait
532 1995 539 2031 ι
560 1995 574 2030 ι
593 1977 656 2048 Ipso
671 1977 786 2033 Domino
808 1977 865 2036 uir·
919 1973 1035 2030 trinseea
1048 1989 1096 2029 sua
1109 1973 1218 2045 virtute,
1233 1975 1387 2034 remittebat
1401 1987 1518 2050 peecata,
1529 1986 1558 2036 ιιι
1572 1981 1630 2051 jam
1642 1996 1714 2054 saepe

67 2074 156 2122 tutum
175 2080 300 2121 sermone
323 2073 349 2121 ot
373 2064 475 2138 Spiritu
499 2065 585 2123 Patris
610 2074 741 2137 operante
762 2065 791 2122 in
808 2073 864 2124 ter·
917 2063 981 2119 alibi
995 2063 1121 2120 diximus.

68 2158 117 2223 ris,
133 2163 159 2210 et
183 2153 356 2225 praedicante,
373 2169 484 2211 uacasse
498 2163 555 2211 erat
578 2155 731 2228 portionem
750 2154 867 2226 Spiritus
955 2154 1065 2226 Spiritu
1081 2158 1109 2212 el
1122 2155 1192 2224 ipni.
1209 2153 1248 2210 Ita
1262 2153 1334 2210 enim
1355 2157 1419 2213 Luc.
1434 2171 1474 2227 ιιι,
1489 2172 1517 2212 u.
1537 2160 1583 2226 16,
1597 2159 1715 2217 loannes

68 2244 165 2314 sancti,
179 2259 240 2313 quae
264 2258 297 2298 ex
316 2241 403 2297 torma
427 2242 577 2313 prophetici
594 2243 696 2299 moduli
718 2245 745 2298 in
763 2243 867 2302 loauna
918 2241 957 2296 ait
972 2260 979 2296 ι
996 2242 1050 2313 Epo
1065 2240 1179 2315 quidem
1191 2258 1265 2316 aqua
1288 2242 1398 2316 baptiso
1416 2261 1463 2302 vos
1478 2264 1488 2302 .·
1501 2247 1596 2306 ueniet
1619 2253 1714 2308 autem

68 2338 162 2406 egerat
185 2337 396 2402 praeparaturam
415 2330 521 2388 viarum
544 2330 755 2396 Dominiearnm,
771 2331 867 2389 absee·
919 2331 1085 2402 sortiorme,
1097 2330 1211 2401 ipsecos
1226 2330 1380 2402 baptizabit
1394 2333 1427 2387 in
1440 2332 1553 2391 Srrnrru
1567 2350 1673 2393 senene
1687 2341 1716 2397 et

69 2422 133 2477 dere
150 2423 204 2490 jam
221 2422 254 2475 ab
277 2420 392 2486 launna,
407 2417 546 2475 reductam
568 2419 746 2489 (reuocatam)
765 2419 868 2477 scilicet
921 2433 990 2475 ram.
1007 2418 1068 2473 Non
1083 2417 1177 2489 utique
1192 2417 1304 2474 exclusit
1315 2436 1418 2492 aquom
1433 2421 1596 2493 abaptismo
1608 2424 1718 2493 Christi,

69 2509 96 2564 iu
124 2508 279 2575 Dominum,
302 2517 333 2564 ut
359 2507 386 2561 in
412 2506 552 2562 massalem
578 2521 656 2562 suam
674 2522 807 2563 summam
828 2508 869 2581 (in
920 2509 968 2565 sed
995 2507 1024 2564 id
1051 2506 1138 2563 selum
1165 2505 1319 2578 significare
1346 2507 1460 2566 intendit
1487 2509 1616 2581 loannes,
1642 2530 1721 2571 suam

70 2609 124 2668 qno
138 2595 264 2651 nimirum
280 2604 334 2651 tota
349 2610 437 2651 massa
455 2603 483 2651 et
495 2593 635 2668 planitudo
650 2595 744 2668 gratim
761 2596 869 2653 reside·
922 2596 1090 2653 ablutionem
1104 2594 1192 2651 solnm
1206 2595 1358 2667 simplicem
1376 2613 1448 2668 esse,
1463 2597 1579 2671 simplici
1592 2599 1720 2658 nimirum

72 2684 139 2753 bat).
154 2684 246 2758 ltaque
259 2686 376 2741 loannes
390 2685 540 2742 eommunis
552 2685 610 2755 jam
623 2685 705 2741 homo
725 2686 869 2758 (quiajam
923 2699 995 2757 aqua
1015 2682 1137 2739 exterius
1159 2680 1271 2750 facum3
1298 2689 1326 2738 at
1348 2683 1423 2754 illam
1447 2682 1477 2738 in
1497 2685 1591 2741 futuro
1614 2686 1721 2744 Cheimo

71 2786 88 2826 a
110 2771 207 2843 spiritu
233 2773 392 2847 prophetico
417 2772 470 2828 sibi
493 2772 545 2843 ipsi
567 2772 690 2845 relictus)
717 2770 824 2831 1175
843 2773 871 2831 ei
923 2772 1058 2845 baptismo
1073 2771 1131 2828 tore
1145 2770 1180 2827 ad
1194 2771 1274 2827 altius
1289 2773 1451 2844 mysterium
1463 2780 1491 2828 et
1509 2775 1544 2828 ad
1563 2774 1720 2833 interiorem

72 2874 142 2915 unns
159 2860 217 2929 jnm
239 2860 273 2917 de
295 2859 381 2927 turba,
400 2881 412 2911 a
436 2861 637 2918 etc.l1actenus
660 2870 687 2917 et
704 2875 786 2933 porro
800 2863 869 2919 Tar·
923 2877 1032 2934 quoquc
1046 2859 1210 2917 ablutionem
1233 2857 1340 2925 animae,
1355 2874 1416 2929 quae
1431 2861 1489 2916 siue
1503 2860 1592 2933 gratia
1604 2863 1720 2936 Spiritus
1744 2920 1752 2931 ,

75 2948 213 3007 tullianus.
923 2951 1009 3008 sancti
1024 2949 1125 3023 nequit,
1142 2947 1312 3006 elevandam.

108 3035 206 3094 Verum
230 3038 395 3110 probabilius
411 3038 457 3094 alii
475 3048 502 3095 et
524 3039 632 3096 Petrum
650 3047 677 3096 et
692 3029 909 3111 interpretnmss
959 3037 1026 3108 Quis
1040 3051 1105 3098 uero
1133 3037 1168 3093 sit
1195 3035 1239 3092 ille
1265 3035 1427 3107 baptismus,
1452 3036 1477 3091 ἐν
1499 3039 1620 3112 ssoutpuc
1646 3039 1720 3115 dplex,

71 3124 236 3192 amatunam,
249 3126 380 3183 loannem
402 3129 587 3199 nunquamne
603 3128 711 3185 Christo
723 3127 882 3203 dubitasse,
921 3129 963 3182 eal
988 3127 1053 3198 πυρὶ,
1068 3125 1102 3181 in
1119 3123 1229 3197 Spiritu
1243 3128 1341 3184 sumto
1350 3129 1379 3182 et
1392 3125 1462 3197 ipni,
1478 3127 1578 3186 multos
1592 3129 1722 3196 exercuit,

72 3215 122 3272 sed
145 3216 291 3288 staupum
310 3231 386 3283 suos,
401 3231 471 3291 qnos
494 3217 528 3272 de
547 3217 682 3274 miraculis
705 3218 805 3275 Christi
817 3218 870 3273 sibi
923 3216 989 3289 quin
1008 3224 1036 3272 et
1048 3213 1210 3288 quibusdam
1231 3216 1408 3272 uehementer
1421 3217 1530 3273 errandi
1552 3218 1722 3276 occasionem

73 3304 238 3371 nuntiantes,
254 3305 368 3363 sonasse
390 3305 524 3362 tumendo
546 3306 690 3364 Divinitate
712 3308 774 3377 ejns
786 3306 870 3364 dnbi-
925 3305 1049 3376 praebnit.
1064 3304 1151 3360 Fuere
1169 3305 1242 3360 enim
1265 3312 1385 3361 ueterum
1400 3305 1588 3364 haeretieorum
1601 3308 1721 3379 quidam,

73 3398 165 3447 tantes
181 3392 329 3463 inuenerat,
343 3395 377 3450 ad
402 3393 538 3449 Christum
558 3394 674 3466 misisse,
689 3395 870 3469 interrogata·
923 3394 972 3467 qui
986 3395 1080 3466 ipnem
1094 3391 1168 3449 illum
1184 3392 1351 3464 simpliciter,
1366 3408 1398 3450 ae
1417 3394 1450 3449 de
1472 3394 1546 3451 vero'
1561 3401 1589 3451 et
1602 3394 1723 3452 elemen-

75 3494 138 3550 ros,
163 3488 193 3536 ut
211 3481 252 3539 sic
271 3483 377 3553 exejus
400 3483 551 3554 prasentia,
576 3491 603 3541 et
624 3484 760 3541 miraculis
780 3500 869 3542 coram
925 3483 975 3538 tari
991 3482 1054 3558 igne
1072 3490 1166 3538 nostro
1180 3480 1398 3556 intelligendum,
1415 3481 1531 3554 ideoque
1547 3482 1575 3539 in
1589 3484 1724 3556 baptismo

74 3570 188 3641 patratis
215 3572 248 3627 de
278 3572 339 3642 ejus
359 3571 502 3630 Divinirate
526 3572 605 3645 plane
636 3574 869 3631 convincerentur.
924 3587 979 3629 non
993 3571 1083 3628 minus
1106 3570 1199 3645 ignem
1223 3587 1302 3644 quam
1326 3587 1423 3644 aquam
1446 3570 1624 3628 adhibendam
1639 3581 1722 3646 puta-

75 3660 144 3717 Vide
166 3661 246 3719 etiem
259 3661 288 3718 S.
308 3661 435 3719 ambros.
452 3661 479 3716 in
501 3663 567 3719 hac.
582 3678 642 3734 cap.
662 3678 712 3734 utu,
727 3663 775 3719 ubi
798 3680 871 3736 prae-
924 3672 995 3718 rum.
1010 3660 1055 3717 Sic
1069 3660 1142 3717 euim
1156 3660 1282 3718 Clemens
1299 3659 1443 3717 Alexandr.
1458 3659 1501 3720 rel
1516 3660 1639 3734 quisquis
1652 3661 1724 3720 ullus

74 3756 149 3804 terea
162 3749 291 3819 mysticas
304 3749 503 3822 etallegoricas
520 3752 665 3809 missionis
679 3750 751 3808 iltius
764 3752 871 3827 signiti-
923 3750 1005 3821 hujus
1019 3749 1114 3821 scripti
1128 3756 1222 3806 auctor
1244 3755 1297 3816 est,
1313 3749 1341 3804 in
1360 3748 1468 3821 Eclopis
1491 3749 1724 3822 Propheticorum

73 3837 196 3894 tationes
210 3838 300 3895 affert.
926 3845 1038 3897 testatur
1070 3854 1078 3893 t
1104 3835 1181 3891 Ἔνιοι
1211 3832 1252 3906 δὲ,
1285 3837 1320 3900 ὥς
1352 3856 1423 3909 φησιν
1460 3835 1602 3911 Ἡρακλέων
1629 3882 1637 3906 ,
1667 3841 1725 3914 impl

114 3926 287 3984 Candidatus
310 3929 493 3987 remissionis.
511 3928 565 3999 Qui
588 3928 660 4000 apud
679 3931 817 3986 Romanos
837 3929 872 3986 ad
924 3923 1020 3983 aihta
1050 3933 1099 3981 aaa
1132 3928 1329 4000 appsptopirur
1361 3927 1568 3999 κατεσημήναντο,
1592 3927 1724 3986 honest:

75 4015 194 4073 honores
208 4015 505 4090 publicosaspirabant,
519 4025 546 4074 et
567 4017 595 4073 in
618 4017 736 4075 comitiis
749 4017 873 4092 singulas
928 4017 1103 4087 Quidamut
1117 4017 1407 4088 aitlleracleon,ipne
1430 4033 1513 4075 aures
1533 4017 1726 4089 eipillatorum

76 4104 163 4160 tribus
183 4103 341 4171 circuibant,
358 4105 490 4180 sult'ragia
505 4122 553 4179 pro
575 4121 605 4164 se
620 4113 772 4175 exorantes,
797 4109 872 4164 Can·
925 4104 1143 4176 (baptizatorum)
1166 4104 1331 4162 adserebant.
1357 4104 1462 4160 Sedet
1495 4112 1591 4161 auctor
1630 4105 1725 4161 Carnu.

75 4191 178 4259 didati,
199 4193 360 4252 nsandida
382 4211 432 4250 sua
453 4202 538 4263 veste,
562 4193 774 4266 appellabantur.
797 4194 874 4252 Unde
926 4196 959 4251 in
973 4193 1106 4250 Marcion.
1117 4192 1163 4247 lib.
1176 4206 1196 4260 ι,
1207 4192 1241 4248 de
1250 4191 1331 4265 igneo
1342 4191 1461 4264 quodam
1476 4190 1613 4248 Valentini
1638 4191 1728 4248 hare-

76 4282 191 4341 Tertnll.
213 4283 242 4341 iu
256 4285 275 4340 l.
299 4284 429 4352 deidei,
451 4300 476 4342 c.
493 4287 537 4352 18,
552 4285 588 4339 ait
605 4301 611 4338 :
631 4283 712 4352 «Qui
734 4282 875 4340 familiari·
927 4279 1041 4338 siarchae
1061 4279 1195 4352 baptismo
1218 4289 1357 4344 memorat,
1385 4295 1435 4336 een
1457 4277 1536 4350 qni«
1564 4277 1609 4335 Bis
1632 4279 1726 4337 docuit

76 4378 133 4428 tate
155 4387 251 4444 regum
274 4373 430 4447 utebantur,
454 4372 594 4446 purpurati
618 4387 713 4444 regum
737 4373 874 4431 uocaban-
890 4354 914 4437 Β
928 4371 1007 4445 tingi,
1023 4368 1145 4426 traducto
1158 4381 1271 4439 corpore
1282 4366 1425 4425 flamma.»

77 4468 131 4525 tur,
156 4460 225 4517 siem
249 4464 320 4533 apud
343 4478 393 4520 uos
416 4478 432 4518 a
456 4471 519 4535 toga
540 4460 655 4520 eandida
678 4462 827 4520 Candidati.
859 4482 873 4516 ι
965 4459 994 4516 S.
1009 4462 1197 4532 humaneque
1207 4458 1353 4515 detineres.
1365 4457 1401 4513 od
1412 4454 1559 4524 Quadrati.
1570 4455 1668 4516 heres.
1679 4460 1725 4527 ts,

76 4548 195 4606 Extendi
209 4553 381 4619 postmodum
392 4551 542 4622 coepithaee
555 4549 701 4622 appellatio
716 4550 806 4618 latius,
821 4565 876 4608 non
930 4547 1105 4606 Seleucianae
1132 4543 1273 4603 haereticos
1299 4546 1364 4617 ipne
1391 4543 1555 4615 baptismum
1579 4545 1726 4604 contulisse

79 4638 116 4693 ob
136 4640 221 4696 vestis
243 4641 362 4712 qnidam,
387 4640 434 4697 sed
455 4640 574 4696 muneris
596 4639 808 4697 similitudinem.
830 4641 877 4700 Sic
930 4637 1063 4709 perhibet.
1078 4634 1215 4709 Quidquid
1234 4650 1298 4692 vero
1314 4635 1348 4691 de
1371 4635 1413 4690 his
1437 4631 1481 4704 sit,
1495 4641 1598 4692 certum
1620 4642 1672 4703 ast,
1692 4638 1727 4693 ab

77 4728 161 4796 enim,
180 4731 226 4801 qui
247 4731 377 4803 principis
397 4730 524 4803 epistolas
548 4739 574 4788 et
597 4732 708 4788 decreta
730 4733 758 4788 iu
782 4740 878 4790 senatu
931 4725 1061 4797 apostolis
1074 4740 1213 4796 nunquam
1227 4723 1317 4795 ignem
1332 4721 1366 4778 ad
1388 4721 1552 4792 Baptismum
1565 4722 1725 4790 adhibitum,
1755 4791 1759 4799 Ι

78 4816 239 4885 recitabant,
267 4819 360 4876 itidem
390 4820 541 4877 Candidati
570 4819 785 4892 appellabantur3
815 4820 878 4892 quia
930 4815 1055 4886 adeoque
1075 4811 1190 4869 1176
1207 4812 1235 4868 id
1259 4826 1275 4865 a
1299 4810 1407 4868 Christo
1429 4809 1540 4866 minime
1561 4811 1728 4884 preceptum

77 4921 128 4978 per
145 4907 197 4964 hon
215 4924 314 4966 munus
340 4908 406 4980 ipsis
421 4915 478 4966 erat
497 4909 586 4966 aditus
599 4909 634 4964 ad
657 4908 766 4966 altiores
787 4910 877 4968 hono·
933 4901 1029 4968 fuisse·
1048 4915 1080 4957 ⁸⁰
1100 4899 1182 4972 1110111
1206 4897 1354 4956 3111111111
1381 4899 1417 4955 ab
1442 4898 1494 4956 1111
1523 4896 1730 4971 1111111111101

79 5010 134 5061 ιιι,
149 4994 279 5069 ipsosque
298 4997 481 5072 magistratus,
496 5007 526 5053 ut
549 4996 611 5069 Uip.
628 4996 655 5052 iu
678 4998 697 5053 1.
713 4996 794 5069 un.§
817 4996 876 5054 ιιι.
933 4988 1118 5048 abhorruisse·

80 5084 114 5140 cte
131 5085 189 5156 0ss-
215 5091 312 5158 φηςι,
326 5087 416 5144 docet,
440 5085 485 5143 sie
502 5085 584 5144 etiam
600 5086 646 5159 qui
670 5092 748 5142 ceute
759 5087 880 5157 janiam
968 5077 1057 5148 Quare
1083 5075 1284 5134 catholicorum
1312 5078 1456 5150 interpret.
1479 5078 1601 5136 nonnulli
1630 5079 1730 5137 ιιιιίιιι
1775 5073 1777 5077 ’

81 5171 111 5227 in
132 5173 267 5245 tyrocinio
289 5176 498 5242 exercebantur,
517 5174 597 5247 paulo
624 5181 686 5245 post
708 5191 741 5231 ex
768 5175 880 5245 ephebis
933 5174 1039 5241 putaui,
1059 5183 1108 5239 per
1121 5167 1188 5224 illud
1206 5168 1240 5223 itt
1253 5169 1362 5241 spiritu
1375 5173 1403 5225 el
1423 5169 1485 5242 teni
1503 5169 1626 5227 denotari
1639 5169 1729 5241 ipsum

82 5264 229 5334 egressmi,
246 5264 399 5321 Candidati
412 5263 694 5336 appellabantur3qno
709 5262 881 5320 iermesensu
934 5255 1097 5328 baptismum
1130 5253 1240 5324 Christi,
1269 5255 1298 5311 in
1322 5272 1401 5328 quem
1429 5256 1587 5330 superuenit
1612 5255 1730 5330 Spiritus

23 5388 26 5393 ,
82 5350 197 5421 Quintil.
214 5353 310 5409 [netis.
326 5352 346 5407 ι,
361 5366 391 5424 v,
410 5352 580 5410 capdenaso,
594 5351 761 5424 prophanum
775 5367 881 5409 nuncu.
934 5353 1043 5402 sanetus
1057 5343 1085 5400 iu
1100 5344 1192 5416 specie
1205 5344 1351 5413 columbae,
1362 5345 1496 5419 simulque
1511 5346 1552 5416 (ut
1565 5345 1595 5402 S.
1609 5344 1730 5402 tustinus

83 5448 139 5509 pat.
155 5440 270 5498 Proinde
281 5449 309 5497 et
323 5442 422 5498 Noster
435 5441 463 5496 in
477 5441 525 5497 lib.
541 5441 575 5497 de
591 5441 678 5506 Orat,
689 5456 715 5498 c.
730 5443 757 5505 3,
772 5452 820 5495 eos
831 5454 883 5498 su·
934 5435 970 5491 bl.
990 5433 1018 5490 in
1028 5434 1101 5492 mul.
1116 5450 1184 5490 cum
1202 5435 1300 5508 Trpph.
1321 5453 1348 5508 p.
1369 5450 1407 5492 m.
1423 5436 1486 5501 246,
1501 5432 1639 5506 perhibet)
1668 5453 1730 5490 aar·

83 5541 217 5588 anwauu
231 5543 408 5590 maurusios
421 5529 549 5601 nominat,
564 5527 609 5600 qui
626 5549 637 5582 s
654 5535 808 5588 meruerant
821 5543 880 5586 coe·
934 5521 1042 5584 aticiae
1080 5528 1121 5577 cco
1158 5520 1236 5593 ’tusco
1269 5520 1308 5579 1111
1343 5523 1368 5576 11
1395 5518 1470 5596 stup,
1499 5515 1541 5576 ²²¹
1559 5527 1605 5596 asp
1638 5520 1732 5596 &holt
