3840 6134
147 278 199 345 327
490 273 713 338 ruuruuutut
729 272 862 338 ceuceu
881 273 966 338 PARS
984 273 1020 335 ll.
1039 307 1074 320 -
1092 272 1207 336 saurus
1224 275 1247 346 Ι,
1267 271 1439 335 Pacuuius.
1736 274 1794 337 328

145 422 208 465 uem
225 410 317 477 posset
328 400 415 474 magis
434 402 533 457 malum
545 401 636 457 iacere
661 401 802 457 securitate
826 398 943 455 delicti?
959 413 983 494 Α
997 401 1104 472 species
1124 402 1152 458 in
1174 399 1362 474 ambiguitate,
1386 400 1555 471 turbantem;
1574 400 1637 474 qnia
1656 402 1726 458 mala
1750 402 1792 459 di-

145 493 212 562 Qnis
225 491 291 550 boni
317 498 421 561 auctor,
436 489 488 545 uisi
517 490 563 561 qui
588 499 615 546 et
647 488 786 546 exactori
814 488 940 556 Proinde,
996 501 1113 558 cuntur,
1138 497 1166 546 et
1195 489 1314 556 delicte,
1342 495 1370 544 et
1392 487 1549 560 supplicia3
1574 491 1675 560 passim
1697 491 1792 549 uolunt

144 582 206 653 quis
235 579 298 636 mali
327 587 483 646 extraneos,
510 579 562 633 nisi
584 579 629 652 qni
658 585 686 633 et
713 579 857 636 inimicus?
875 576 942 646 Quis
995 592 1057 633 eum
1085 579 1253 636 conditorem
1276 575 1390 648 intelligi
1417 577 1561 645 malorum,
1585 587 1615 634 ut
1640 579 1747 636 malitiae
1765 581 1791 619 ⁰²

143 671 278 736 inimicus,
294 670 343 725 nisi
359 669 445 741 quiet
468 667 662 742 expugnatori
681 666 747 735 Quis
760 676 939 741 expugnator,
994 677 1087 724 auctor
1105 666 1282 725 renuntietur.
1297 666 1354 721 Nos
1376 674 1462 721 autem
1485 667 1605 723 adbibita
1618 667 1790 726 distinctione

143 757 194 813 nisi
207 757 253 830 qui
267 764 294 813 et
310 757 442 828 punitor?
456 755 500 812 Sic
525 762 597 813 totus
622 754 696 811 Deus
710 755 860 823 bonusest,
876 757 939 812 dum
994 758 1134 827 utriusque
1149 754 1252 822 former,
1268 755 1399 826 separetis
1413 756 1492 811 malis
1515 757 1604 814 delicti
1622 759 1647 797 ⁶³
1669 768 1696 814 et
1711 759 1789 817 malis

142 862 192 919 pro
202 847 274 903 bono
289 846 379 902 omnia
394 854 444 900 cst.
469 844 514 901 Sic
531 843 650 915 denique
677 843 859 914 omnipotens,
875 843 939 915 quia
994 844 1128 917 supplicii,
1148 844 1229 900 malis
1241 845 1327 915 culpae
1342 851 1369 902 et
1381 845 1461 900 malis
1476 863 1573 918 poenae,
1589 864 1668 904 sunm
1688 849 1788 923 cuique

143 944 171 991 et
184 935 294 1007 jurandi
308 943 336 990 et
359 933 474 989 laedendi
502 939 607 1004 potens.
632 932 722 988 llinus
760 939 811 999 est,
836 939 939 987 tautum
994 933 1062 1005 perti
1090 933 1235 990 definimus
1262 933 1287 971 66
1324 941 1486 1002 auctorem;
1516 937 1650 993 malorum
1676 939 1788 1010 quidem

141 1025 224 1081 modo
248 1023 387 1095 prodesse,
404 1023 536 1096 quianon
561 1021 635 1077 aliud
662 1020 728 1094 quid
752 1021 837 1092 possit
858 1037 938 1093 quam
993 1023 1095 1095 peccati
1110 1032 1138 1079 et
1159 1024 1255 1094 culpae,
1271 1023 1418 1091 diabolum,
1434 1026 1566 1082 malorum
1580 1041 1647 1084 rero
1661 1027 1787 1099 supplicii

141 1113 282 1186 prodesse.
303 1112 344 1168 De
357 1109 552 1183 ejusmodique
573 1108 671 1167 fiducia
692 1110 793 1167 bonum
821 1125 937 1180 sperem,
991 1120 1018 1168 et
1043 1127 1140 1187 poense,
1158 1112 1245 1168 Deum
1269 1123 1426 1180 creatorem;
1457 1123 1486 1169 ut
1513 1114 1562 1170 ille
1584 1131 1646 1187 pars
1678 1118 1788 1176 malitiae

141 1200 163 1256 si
177 1201 230 1256 hoc
248 1198 335 1256 solum
359 1198 469 1270 potest?
487 1200 623 1269 quomodo
646 1197 807 1255 innocentie
829 1213 938 1255 merce-
992 1200 1143 1271 deputetur,
1164 1201 1217 1255 ista
1227 1200 1349 1271 justitiae,
1365 1201 1436 1256 mala
1454 1203 1594 1259 condentis
1609 1203 1634 1243 66
1652 1204 1748 1274 judicii
1762 1206 1788 1247 66

140 1288 201 1345 dem
211 1296 309 1358 secter,
323 1286 346 1343 si
360 1302 414 1344 non
424 1296 452 1343 et
465 1286 598 1343 nocentiae
616 1293 736 1357 spectem
748 1284 794 1341 ⁵⁹?
808 1284 938 1344 Diffidam
991 1288 1121 1346 adversus
1137 1289 1207 1345 mela
1229 1288 1318 1345 delicti
1342 1289 1377 1344 ⁰⁷.
1395 1290 1436 1346 De
1459 1291 1501 1347 bis
1520 1307 1586 1363 ergo
1600 1305 1706 1351 creator
1720 1310 1790 1367 pro-

140 1394 252 1436 necesse
266 1385 317 1444 est,
332 1393 366 1433 oe
384 1392 433 1433 nec
447 1375 558 1433 alteram
575 1385 678 1447 partem
703 1384 887 1432 remuneretur
900 1376 936 1445 ⁶⁰,
991 1376 1080 1434 litetur
1102 1378 1190 1445 malis,
1213 1392 1274 1450 quae
1294 1386 1447 1452 congruunt
1466 1380 1563 1450 judici.
1590 1381 1656 1451 Qnae
1678 1383 1787 1457 quidem

139 1467 186 1541 qui
200 1474 343 1538 utramque
357 1481 412 1522 non
430 1465 522 1523 voluit.
547 1465 639 1538 Usque
653 1466 720 1523 adeo
731 1465 838 1535 justitia
855 1467 935 1520 ettam
990 1465 1045 1521 illis
1066 1465 1138 1521 mala
1159 1472 1231 1535 sunt,
1246 1467 1343 1537 quibus
1365 1467 1563 1540 rependuntur,
1583 1480 1711 1528 caeterum
1735 1487 1786 1531 soc

139 1555 279 1629 plenitudo
299 1566 340 1613 est
353 1554 504 1612 divinitatis
523 1554 608 1624 ipsius
621 1555 752 1610 exhibens
766 1553 853 1608 Deum
870 1566 936 1622 per·
989 1553 1098 1610 nornine
1126 1554 1206 1621 bona,
1231 1569 1285 1626 qua
1304 1555 1387 1624 justa,
1406 1562 1434 1611 et
1455 1556 1590 1615 hunorum
1619 1559 1785 1632 defensoria,

139 1645 250 1718 tectum,
264 1652 292 1700 et
305 1651 459 1716 patrem,et
473 1642 630 1698 dominum:
645 1648 761 1713 patrem,
773 1640 932 1709 clementie3
989 1650 1017 1697 et
1041 1641 1199 1698 delictorum
1226 1641 1343 1714 inimica,
1363 1652 1443 1717 atque
1471 1645 1499 1703 in
1525 1648 1578 1705 boc
1604 1647 1708 1715 ordine,
1725 1651 1784 1708 Deo

138 1735 289 1804 dominum,
318 1731 478 1804 disciplina;
516 1735 631 1804 patrem,
659 1736 792 1802 potestate
819 1729 934 1802 bianda3
988 1729 1079 1803 digna.
1106 1733 1159 1787 Aut
1188 1731 1272 1804 proba
1298 1747 1330 1788 ea
1360 1732 1471 1805 injusta,
1497 1745 1526 1791 ut
1553 1737 1651 1808 probes
1676 1738 1803 1805 mariue,

138 1821 287 1886 dominum,
303 1835 399 1877 severa
416 1838 423 1873 ι
439 1828 552 1891 patrem,
562 1817 728 1890 diligendum
741 1818 814 1890 ine;
842 1819 934 1874 domi·
988 1817 1153 1890 deputande,
1168 1819 1196 1875 id
1220 1828 1271 1890 est,
1285 1819 1424 1890 iniustitia
1439 1824 1509 1878 male
1530 1841 1536 1881 :
1560 1825 1624 1896 quia
1637 1825 1660 1881 si
1672 1826 1785 1895 justitiae

138 1928 213 1980 num,
229 1907 380 1966 timendum
396 1907 549 1964 necessarie
565 1925 572 1962 ε
587 1906 767 1984 diligendum,
795 1908 859 1980 qnia
873 1923 935 1963 ma·
988 1916 1077 1978 erunt,
1091 1909 1148 1978 jam
1170 1909 1240 1965 mala
1262 1924 1318 1966 non
1339 1921 1429 1978 erunt,
1444 1913 1491 1968 sed
1515 1913 1600 1984 bona;
1625 1915 1703 1971 malis
1723 1925 1786 1972 tan·

137 2000 169 2057 lit
193 1997 420 2067 misericordiam,
436 2013 516 2069 quam
542 1995 706 2053 sacrificium
728 1998 814 2069 (Psoi.
843 2000 934 2070 rud,
989 1997 1127 2054 tummodo
1155 1998 1235 2067 mela,
1258 1998 1357 2071 quibus
1390 1999 1469 2056 etiem
1502 2001 1605 2059 directo
1632 2003 1705 2059 bone
1737 2020 1788 2076 pro

139 2091 237 2149 unco.
257 2102 361 2156 xxxiii,
376 2087 442 2160 tt);
457 2095 484 2144 et
499 2087 656 2153 timendum,
675 2088 740 2159 quie
753 2087 821 2143 nolit
834 2103 934 2160 pecca·
987 2085 1065 2142 melis
1079 2087 1250 2142 damnantur.
1266 2087 1405 2144 Constitue
1430 2089 1512 2161 igitur
1527 2092 1627 2161 injnste
1646 2093 1787 2151 bominem

139 2187 195 2236 tum
216 2177 418 2251 :diligendum
438 2175 502 2248 quia
526 2175 602 2230 malit
624 2175 811 2248 poeuitentiam
837 2193 935 2247 pecca-
987 2175 1162 2247 dirinaelegis
1174 2175 1358 2233 voluntarium
1374 2185 1591 2250 contemptorem
1607 2181 1633 2236 id
1644 2182 1785 2256 retulisse,

139 2270 215 2338 toris,
231 2282 311 2339 quam
326 2273 458 2334 mortcm;
474 2273 502 2321 et
522 2264 683 2331 timendum,
697 2267 760 2337 quia
787 2265 934 2337 nolitpec-
986 2277 1041 2334 quo
1055 2261 1142 2319 noluit
1164 2264 1190 2302 66
1217 2263 1352 2334 caruisse;
1367 2264 1467 2335 injuste
1490 2267 1618 2324 malitiam
1641 2270 1691 2325 aeri
1713 2269 1785 2326 illius

138 2367 243 2416 catores
257 2355 300 2411 sui
312 2357 368 2426 jam
383 2368 437 2409 non
451 2352 624 2426 poeuitentes.
641 2354 704 2410 ldeo
719 2354 762 2410 lex
788 2362 933 2428 utrumque
987 2350 1128 2417 imbribus,
1147 2350 1246 2408 debinc
1269 2362 1296 2408 et
1321 2353 1430 2424 ignibus
1447 2370 1559 2426 oaesam;
1576 2356 1676 2426 injuste
1698 2359 1784 2431 AEgy-

137 2447 242 2516 defiuit,
257 2446 360 2517 biiipcs
374 2446 472 2512 Deam,
487 2452 514 2499 et
526 2443 749 2501 lirnebisllercm.
761 2442 841 2500 Aliud
855 2444 934 2501 obse-
988 2450 1061 2510 ptum
1086 2439 1284 2510 toedissimam,
1308 2443 1525 2511 superstitiosam
1542 2487 1548 2512 ,
1573 2445 1690 2518 amplius
1717 2448 1784 2506 bos·

138 2534 226 2593 cutori
245 2531 399 2606 proposuit,
413 2531 487 2587 alind
497 2531 672 2587 exorbitatori
685 2529 754 2603 (42).
987 2527 1051 2600 pitis
1069 2527 1163 2601 populi
1178 2528 1406 2599 conflictatricem,
1421 2532 1578 2605 decemplici
1601 2537 1782 2609 castigatione

433 2619 547 2676 CAPUT
564 2618 637 2676 xiv.
986 2631 1152 2687 percussam.
1168 2617 1279 2674 indurat
1292 2632 1340 2674 cor
1361 2619 1521 2687 Pharaonis3
1538 2623 1586 2679 sed
1605 2624 1630 2663 66
1644 2635 1782 2685 meruerat

173 2710 255 2770 8(ss
274 2711 315 2767 td
344 2708 434 2767 omnis
449 2708 497 2763 tibi
520 2707 638 2765 occurrit
650 2708 724 2764 Deus
742 2728 749 2766 :
767 2707 840 2766 idem
867 2724 933 2782 per·
986 2707 1014 2759 in
1029 2705 1142 2762 exitium
1162 2705 1369 2776 subministrari,
1385 2709 1431 2781 qui
1443 2710 1499 2780 jam
1513 2721 1659 2784 negauerat
1676 2715 1780 2786 Deum;

136 2803 247 2870 cutiens,
262 2801 310 2858 sed
333 2807 360 2856 et
388 2813 503 2869 senens3
522 2797 697 2864 mortificans,
713 2798 761 2853 sed
785 2806 813 2854 ct
842 2798 933 2856 vivifi·
986 2794 1032 2866 qui
1052 2795 1110 2865 jem
1136 2794 1240 2867 legatos
1260 2796 1321 2865 ejus
1347 2797 1425 2854 toties
1447 2800 1581 2870 superbus
1608 2811 1779 2873 excusserat3

135 2909 218 2958 mnu
234 2889 390 2952 humilians,
404 2888 453 2943 scd
479 2895 506 2943 et
519 2886 668 2943 sublimans
684 2902 692 2953 ;
715 2886 834 2943 condens
847 2887 929 2953 mela,
985 2884 1030 2957 qui
1044 2884 1101 2954 jam
1116 2885 1219 2957 populo
1233 2884 1351 2942 laborem
1361 2888 1453 2959 operis
1466 2887 1619 2958 adiecerat:
1631 2897 1782 2964 postremo,

134 2982 225 3039 sedet
244 2993 336 3053 pacem
354 2976 560 3046 lacienstllect.
578 2991 681 3045 ιιιιιιιιι,
712 2975 773 3047 dcl:
790 2984 821 3033 nt
848 2976 931 3033 etiam
985 2973 1193 3047 qnaAEgyptius
1216 2970 1303 3030 oue
1327 2974 1391 3031 olim
1415 2976 1472 3032 Deo
1488 2992 1551 3033 reus
1570 2978 1657 3035 tuerat
1672 2980 1785 3053 gentilis

133 3080 161 3130 et
179 3072 242 3128 hinc
268 3069 292 3108 ⁶¹
321 3067 498 3140 respondeam
536 3065 681 3123 baereticis.
695 3066 765 3124 Ecce
786 3066 868 3134 enim,
884 3067 930 3123 in·
947 3046 1155 3132 cidololatriae,
1171 3063 1229 3118 ibin
1253 3073 1281 3119 et
1303 3064 1466 3122 crocodilum
1488 3066 1567 3121 citius
1596 3068 1688 3124 colens
1712 3069 1783 3142 (43),

133 3162 251 3236 quiunt,
284 3161 394 3231 ipsese
427 3155 596 3213 conditorem
622 3154 761 3228 profitetur
786 3156 929 3224 melomm,
985 3168 1065 3225 quam
1084 3151 1172 3206 Deum
1186 3151 1288 3208 riuum.
1304 3153 1410 3224 Impetit
1436 3154 1461 3192 66
1484 3162 1511 3209 et
1534 3156 1623 3226 ipsum
1637 3158 1782 3230 populum,

134 3252 230 3308 dicens
246 3267 253 3304 ι
269 3251 324 3323 Epo
337 3264 401 3305 cern
415 3246 465 3320 qui
477 3246 563 3303 condo
572 3245 652 3301 melu
664 3246 729 3316 (ιιο.
738 3259 803 3313 xcv,
817 3245 858 3317 7).
867 3243 931 3301 Am·
984 3241 1034 3299 sed
1048 3241 1192 3313 ingratum.
1219 3241 1332 3298 Immisit
1355 3251 1382 3300 et
1411 3243 1501 3315 pueris
1528 3260 1619 3316 ursos,
1634 3246 1682 3303 sed
1711 3247 1783 3305 irre·

133 3338 289 3416 plesienim
304 3334 427 3396 vocabuli
454 3334 683 3402 communionem,
712 3333 780 3390 duas
797 3334 930 3391 malorum
985 3330 1140 3391 verentibus
1153 3330 1364 3401 inPropbetem.

816 3486 912 3551 Variae
933 3490 1089 3553 lectiones.

167 3598 193 3636 ⁸⁹
207 3596 331 3670 Speciem
352 3594 437 3653 Semi.
454 3593 541 3650 libera
554 3610 563 3648 .·
578 3590 657 3648 nullo
672 3594 944 3666 cessentqueeticm
957 3589 1253 3663 contraecemplcrio.
1268 3589 1294 3629 66
1306 3588 1470 3647 Remuncret
1482 3592 1543 3650 alic.
1560 3593 1583 3632 ⁶¹
1599 3591 1648 3650 Hic
1666 3596 1778 3654 Pamel.

132 3671 217 3728 Semi.
238 3669 263 3706 66
276 3668 379 3738 lnjuste
405 3665 468 3720 odd.
486 3668 572 3722 Fron.
598 3662 777 3719 ⁶³Dclictis...
798 3664 937 3735 suppliciis
952 3665 1035 3722 δοιοὶ.
1053 3664 1078 3701 66
1093 3662 1269 3718 Defendimus
1301 3663 1384 3719 Semi.
1410 3669 1511 3721 contre
1534 3680 1640 3722 omues.
1654 3666 1679 3705 ⁶⁵
1703 3669 1779 3726 Con·

130 3740 206 3795 denti
220 3740 312 3794 Paris.
328 3737 353 3774 ⁶⁶
366 3735 470 3790 iudicia
486 3734 571 3790 δοιοὶ.
593 3734 684 3791 l'enet.
701 3733 808 3790 Pcmel.
820 3736 879 3816 bip.
896 3736 944 3793 sed
955 3738 1096 3792 rationem
1111 3735 1256 3806 sequimur
1270 3734 1445 3804 mopistrnm.
1462 3736 1531 3791 Edd.
1547 3738 1570 3775 ⁰²
1586 3736 1691 3795 Delicta
1714 3740 1777 3797 atat.

131 3809 156 3851 66
169 3808 263 3868 Voluit
284 3808 377 3865 Paris.
402 3807 461 3878 ltip.
486 3808 573 3862 Fran.
598 3805 705 3861 Pomcl.
727 3806 820 3863 Vocet.
848 3807 873 3843 66
897 3806 930 3863 Et
954 3807 1039 3865 Semi.
1066 3805 1092 3842 66
1106 3804 1239 3877 impendit
1256 3804 1345 3862 Vener.
1362 3805 1423 3875 Rip.
1445 3805 1558 3879 impedit
1580 3809 1667 3867 uben.
1689 3811 1777 3869 Semi.

828 3957 1078 4023 Commentarius.

166 4066 224 4194 (44)
239 4065 322 4124 Aliud
336 4064 539 4147 exorbitatori..
553 4062 717 4138 blorigemm
744 4071 772 4120 et
797 4063 927 4122 rebellem
981 4080 1046 4123 roro
1069 4063 1221 4137 intraueris,
1236 4063 1333 4190 inquit,
1349 4078 1404 4120 non
1417 4064 1499 4132 Deus,
1516 4050 1564 4121 sed
1587 4065 1644 4123 risu
1661 4066 1776 4161 dignum

130 4139 187 4197 sire
219 4137 399 4211 elinquentem
419 4137 461 4191 bis
481 4135 603 4203 vocibus,
615 4136 773 4195 obsecutori
786 4143 813 4191 et
841 4153 928 4194 ecor-
981 4137 1123 4193 exhibetur
1150 4143 1351 4205 scemenum,
1381 4134 1409 4188 οὒ
1437 4135 1484 4208 γὰρ
1513 4137 1565 4199 θεὸς
1592 4138 1606 4191 ὁ
1633 4140 1777 4213 <occupem

129 4212 350 4279 ditatoriuotat.
364 4205 925 4268 VocabuloexorbitcrcutiturinEcbort.
979 4207 1047 4262 ἔνδον
1084 4154 1182 4278 etipse?

129 4283 276 4340 accam.-
306 4278 387 4350 «Qui
418 4280 451 4334 de
481 4278 653 4351 monogamia
680 4278 870 4341 exhorbitet»
899 4289 927 4336 et
941 4267 994 4349 [lli
1034 4279 1197 4352 κροκόδειλος,
1224 4279 1241 4347 ι(
1274 4279 1399 4351 nordgoau
1426 4279 1489 4350 ὄφις,
1508 4281 1524 4335 ἤ
1546 4300 1570 4332 τι
1596 4287 1710 4338 τοιοῦτον
1736 4285 1777 4352 6η-

129 4356 209 4436 Apol.
226 4369 253 4410 vr
274 4351 351 4410 :ssi
366 4349 466 4406 anullo
480 4350 742 4407 desciveruntlsiin
761 4350 834 4406 nullo
849 4365 926 4406 exor·
980 4352 1043 4423 ρὶον.
1066 4351 1126 4407 Νοιι
1149 4351 1221 4405 οοίιο
1244 4350 1282 4405 ibi
1305 4350 1377 4404 Deus
1398 4349 1445 4420 qui
1470 4350 1626 4421 requiritur,
1651 4365 1774 4425 apparet,

130 4425 330 4484 bonimontis
348 4421 485 4489 Sidonius,
501 4421 580 4494 epist.
597 4424 641 4490 tt,
653 4421 699 4477 lib.
711 4436 760 4476 rur
776 4439 783 4475 z
798 4440 810 4474 ι
826 4421 926 4478 Vereor
980 4425 1012 4477 ad
1038 4438 1119 4494 quem
1143 4422 1362 4495 properabamus,
1380 4422 1426 4476 sed
1451 4419 1519 4487 ielis,
1540 4430 1585 4477 aut
1608 4418 1775 4496 crocodilus,

129 4495 285 4569 hujusmodi
300 4493 465 4551 acatholicae
480 4491 541 4548 frdei
559 4493 660 4564 regulis
671 4492 922 4549 exorbitaturum»
979 4501 1025 4549 eut
1049 4508 1162 4564 serpens
1184 4492 1320 4563 indigena,
1334 4497 1380 4546 aut
1400 4490 1450 4546 tale
1488 4490 1607 4562 uidpiem
1630 4494 1741 4552 animal.
1760 4516 1774 4549 s

129 4569 198 4624 Item
211 4568 296 4623 tutius
310 4564 442 4621 Firmicus
457 4565 489 4620 dc
497 4580 592 4623 errore
603 4567 678 4635 pros.
695 4566 795 4636 reliq:
813 4583 824 4614 ι
841 4565 926 4620 Neca
978 4564 1024 4620 Sic
1051 4565 1185 4621 Diodorus
1213 4561 1330 4627 Siculus,
1347 4561 1393 4625 lib,
1409 4578 1419 4616 ι
1444 4508 1574 4622 uilitate.
1591 4581 1598 4622 :
1615 4565 1646 4618 Ol
1661 4565 1705 4639 μὲν
1719 4569 1775 4622 scol

129 4639 291 4696 salutaribus
306 4637 360 4692 tuis
373 4637 480 4709 legibus
494 4635 628 4691 exorbitat
645 4651 716 4693 nunc
726 4635 821 4694 consul
834 4643 926 4692 noster
978 4637 1149 4707 eduramq...
1176 4633 1243 4687 ἔνδον
1272 4632 1299 4685 δὲ
1321 4631 1351 4699 ἤν
1378 4636 1451 4704 ζητῇς
1476 4653 1518 4689 τοο
1545 4636 1606 4700 θεὸν,
1630 4637 1645 4703 ἢ
1673 4638 1777 4707 πίθηκός

129 4709 313 4768 posthumius.
331 4727 345 4761 ο
361 4708 401 4763 LE
417 4708 464 4762 Pu.
765 4720 768 4727 '
979 4709 1084 4774 lasteli
1111 4702 1200 4771 ἴΰις,ἤ
1226 4704 1354 4776 τράγος,ἢ
1374 4701 1497 4776 αἴλουρος.
1529 4727 1540 4754 ι
1578 4707 1688 4780 Templa
1715 4709 1777 4779 qui.

164 4781 222 4853 (43)
236 4782 297 4837 liin
315 4784 343 4836 et
358 4777 528 4835 crocodilum
551 4778 636 4833 citios
650 4778 755 4835 coleos.
783 4777 926 4852 AEgyptios
978 4779 1041 4834 dem
1073 4776 1299 4847 pulcherrima,...
1326 4774 1348 4830 si
1376 4790 1440 4831 vero
1468 4778 1554 4832 Deum
1572 4775 1646 4833 intus
1673 4780 1773 4851 quesi-

129 4849 315 4921 superstitioni
340 4849 403 4906 olim
441 4863 497 4918 prae
525 4849 628 4903 cacteris
661 4849 784 4920 gentibus
819 4848 926 4904 deditos
978 4850 1058 4920 veris,
1074 4859 1121 4902 ant
1134 4845 1212 4902 simia
1228 4855 1277 4913 est,
1292 4851 1339 4901 aut
1352 4844 1406 4899 ibis
1426 4854 1472 4901 aut
1486 4848 1587 4916 hircus,
1602 4860 1650 4904 aut
1667 4849 1772 4908 ielis.»

128 4928 245 4985 constat,
276 4919 393 5000 illudque
412 4918 535 4999 traditur·
546 4920 671 4999 Apolop„
699 4922 751 4987 243
779 4935 840 4976 nam
855 4919 925 4977 edco
976 4919 1050 4974 ldern
1069 4918 1118 4976 lib.
1133 4919 1168 4974 de
1191 4917 1284 4975 Decet.
1300 4916 1382 4973 tradit
1396 4917 1474 4973 Philo
1491 4918 1610 4976 Judaeus.
1628 4920 1706 4978 Mitto
1720 4923 1775 4994 Cp-

128 4992 204 5048 iuere
218 4989 411 5061 superstitiosi,
425 4996 456 5044 ut
469 4991 551 5047 rarius
566 5006 592 5044 ιο
613 4990 779 5047 locisrarios
792 4990 843 5046 sibi
856 4990 924 5045 deos
977 4989 1066 5044 rillnm
1093 4989 1171 5046 Alex.
1199 4991 1277 5046 Hom.
1305 4988 1339 5043 de
1361 4991 1441 5059 sertis
1462 4989 1576 5059 Pnscb.;
1593 4991 1774 5063 Pomponium

128 5063 280 5128 statuerint,
299 5063 338 5115 τὸν
351 5061 427 5114 ”bnis
447 5058 472 5113 lc
487 5061 546 5133 biep
564 5079 617 5128 ι,.,.
635 5060 678 5112 τὸν
695 5062 783 5134 τράγον
806 5060 831 5114 ἐν
856 5061 924 5114 bles-
976 5062 1084 5128 Melam,
1110 5060 1156 5115 lib.
1172 5076 1196 5130 ¹3
1219 5061 1388 5125 iuvenalem,
1404 5061 1460 5117 Sat.
1490 5077 1540 5119 xv.
1564 5063 1643 5118 Addo
1667 5074 1774 5122 tautum

128 5135 193 5203 equ,
215 5133 261 5188 τον
286 5132 442 5203 spumarum
456 5129 525 5203 ἐντῇ
546 5080 657 5203 ilipulae
679 5132 753 5205 λίμνῃ
769 5132 923 5201 (lucianus
975 5130 1033 5186 ibin
1048 5147 1122 5188 nvem
1138 5146 1199 5187 esse
1214 5131 1324 5187 ciconiae
1338 5131 1463 5199 similem,
1478 5147 1539 5201 quae
1553 5133 1669 5190 locustas
1679 5145 1708 5192 et
1722 5152 1774 5193 au·

127 5204 161 5264 de
175 5203 297 5275 astrol),
320 5201 418 5273 «Apin
432 5201 524 5258 colunt
547 5202 575 5257 in
590 5202 657 5257 urbe
680 5203 844 5274 Memphi...
861 5201 922 5257 ilir-
974 5218 1044 5274 gues
1062 5209 1149 5268 vorat,
1165 5205 1236 5259 unde
1254 5202 1288 5257 ab
1307 5201 1438 5277 AEgyptiis
1460 5204 1648 5273 superstitiose
1662 5208 1773 5279 colitur,

127 5293 188 5334 curn
220 5278 249 5331 in
277 5275 343 5331 urbe
368 5273 503 5342 bendere,
526 5282 553 5328 et
583 5272 749 5328 crocodilum
776 5272 803 5329 in
826 5272 923 5342 palude
974 5282 1002 5330 et
1016 5274 1136 5329 numinis
1155 5274 1214 5331 loco
1229 5282 1278 5330 est.
1294 5273 1370 5329 Tales
1384 5273 1486 5329 bestias
1501 5274 1620 5332 infinitas
1640 5276 1668 5332 io
1687 5288 1800 5335 anna·‘

127 5347 277 5406 livridis.»
302 5346 428 5403 Clemens
455 5345 531 5400 Alex.
559 5341 669 5416 predep.
700 5358 740 5410 ιιι,
769 5358 793 5399 ο.
818 5348 844 5399 2.
872 5342 921 5399 Ubi
974 5343 1048 5402 libus
1062 5345 1145 5402 refert
1157 5345 1348 5402 Constantinus
1360 5346 1504 5410 manasses,
1519 5356 1546 5402 et
1568 5349 1659 5404 Nilum
1679 5348 1774 5423 ipsum

127 5407 268 5479 collatione
294 5417 360 5474 lactc
401 5423 512 5473 ornatus
550 5412 691 5495 muliebris
726 5429 788 5472 cum
814 5414 923 5487 templis
973 5416 1060 5472 Deum
1074 5416 1128 5472 sibi
1142 5414 1252 5477 tinxisse
1267 5416 1515 5492 AEgypuosscribir
1535 5418 1706 5489 Heliodorus,
1722 5422 1772 5484 lib.

127 5492 324 5566 dlgpptiorum.
354 5486 483 5547 describit
529 5493 556 5543 et
582 5483 724 5559 amplificat
768 5493 920 5559 temporum
972 5503 1013 5547 tx.
1028 5487 1067 5546 Lu
1081 5488 1132 5547 Pu.

127 5571 297 5639 structuram,
322 5569 349 5622 et
377 5565 534 5622 ornamenta
559 5557 659 5637 quibus
681 5557 848 5625 illustrantur
876 5558 920 5626 rei

1169 4227 1247 4273 σεται,
1277 4209 1312 4299 lp‘
1343 4208 1370 4260 ὅν
1398 4205 1559 4281 ἔοοεὺοομεν,
1604 4207 1719 4282 αἴλουρος
1744 4207 1774 4265 li
