3840 6134
175 286 211 345 ii
367 296 371 305 ·
725 280 946 343 immitunt
962 240 1250 368 mmanrissii.
1782 292 1814 360 is

131 454 136 462 .
208 412 290 467 Porro
313 408 463 466 communis
485 418 528 464 est
551 408 751 465 catholicorum
768 411 902 465 ιιιιιιιιιίι
926 409 978 468 boo
997 425 1068 483 opus
1086 412 1214 471 eximium
1236 432 1361 475 erescere
1382 419 1453 475 intra
1475 420 1612 480 hereseos
1626 433 1702 496 septa
1723 427 1817 498 nequi·

104 544 113 559 ,
171 498 264 553 visse:
280 495 353 554 viros
367 495 547 564 doctissimos,
564 496 802 568 amplissimosque
821 512 964 554 recenseas
983 497 1064 555 uelim
1086 498 1152 558 huic
1174 502 1296 574 opinioni
1317 507 1505 581 suffragantes,
1521 512 1648 568 videlicet
1670 513 1815 571 Baroniuin

170 586 207 643 od
220 601 329 641 annum
344 586 405 651 ist,
423 599 449 636 n.
470 584 528 654 tt),
541 584 743 643 Tillemontium
757 584 915 665 (liemoires
930 604 1005 659 pour
1023 590 1144 646 saroird
1159 588 1302 653 tutaturi
1316 596 1536 672 necomitam,
1554 609 1571 665 t,
1587 601 1634 669 lll,
1648 611 1711 658 note
1726 607 1741 656 6
1765 622 1816 660 sur

174 676 338 739 Tertults'eis,
356 689 382 743 p.
395 674 446 729 300
460 683 487 726 ιι
502 670 605 743 suii.)i
620 668 654 731 l).
669 672 776 747 Retriig.
786 660 930 733 cellerium
943 675 1075 744 (Hutoirc
1084 678 1133 738 det
1144 683 1265 739 auteurs
1279 680 1511 758 eeclbiottt'qoes,
1528 699 1546 743 t.
1559 687 1593 758 ll,
1609 688 1651 762 eli.
1669 692 1711 756 is,
1725 696 1774 742 art.
1787 692 1816 754 i,

169 780 196 831 p.
213 764 293 830 395);
309 759 407 831 Tleury
421 759 555 832 (Histoire
571 762 790 834 carminisque,
805 769 826 817 t.
841 762 877 832 ll,
891 762 937 818 liv.
953 770 980 821 ι.
996 780 1024 833 ii,
1037 767 1093 836 28);
1109 765 1134 824 t.
1147 768 1179 821 ll.
1196 764 1305 825 iloeblei
1321 770 1500 845 (Potr'otopie,
1514 774 1581 830 oder
1596 775 1746 833 elisisticbc
1756 779 1816 833 Lit-

168 851 414 923 terargescbiclite)
445 851 524 921 eujus
550 859 644 921 utpote
664 851 835 921 recentioris,
856 868 887 909 ac
915 853 1030 924 proinde
1051 864 1214 914 cremiorum
1240 859 1348 929 plenius
1375 877 1472 918 sensus
1498 864 1637 920 referentis
1665 867 1746 920 verba
1771 866 1814 922 hic

165 935 277 992 laudare
290 951 344 992 non
363 935 487 1010 pigebit:
506 955 521 988 ι
537 936 573 991 lia
587 944 639 1003 est,
661 936 759 1009 inquit,
775 926 891 1009 hujusod
913 937 975 993 libri
998 948 1084 1005 mens,
1099 950 1133 997 eo
1158 956 1206 1014 per
1228 942 1363 1017 integrum
1384 948 1537 1005 contexitur
1552 951 1642 1014 modo,
1658 967 1710 1022 quo
1726 961 1813 1022 pateat

166 1024 289 1081 catholici
304 1026 421 1081 auctoris
447 1024 598 1081 sinceritas.
623 1025 676 1081 Ubi
699 1025 818 1081 enimin
841 1027 1061 1105 lloutsnistaruin
1087 1030 1185 1100 placita
1208 1040 1280 1089 totus
1294 1035 1378 1089 semel
1393 1036 1496 1104 abierit,
1516 1038 1656 1109 palamque
1670 1041 1703 1094 ab
1718 1040 1810 1096 Eccle-

165 1111 205 1167 sia
227 1113 391 1182 discesserit,
405 1113 462 1183 jam
489 1127 544 1168 non
564 1111 685 1167 licuisset
710 1127 743 1168 eo
767 1128 857 1168 rerum
881 1112 1080 1188 veibb'idiiique
1096 1118 1217 1187 pondere
1243 1131 1269 1176 et
1289 1119 1444 1193 integritate
1472 1141 1592 1181 asserere
1614 1125 1733 1197 palmare
1760 1128 1812 1184 hoc

162 1201 375 1274 prescriptionis
390 1211 590 1275 argumentum,
604 1217 659 1275 quo
673 1200 800 1281 deinceps
813 1202 986 1261 acatholicis
999 1204 1115 1275 ipsemet
1129 1205 1179 1261 tuit
1193 1207 1309 1281 agitatus
1325 1210 1505 1268 vehementer
1519 1229 1550 1270 ac
1565 1214 1716 1285 perfossus.
1736 1236 1747 1265 i

199 1290 312 1347 Eosdem
326 1289 439 1361 insuper
451 1289 486 1346 ad
500 1289 528 1343 id
542 1278 714 1346 seniie‘iidiim
728 1278 825 1359 triplex
839 1286 913 1347 aliud
933 1288 1021 1348 movet
1038 1278 1097 1351 10¹
1111 1303 1320 1371 argumentum:
1340 1302 1366 1353 i·
1380 1299 1446 1354 nihil
1461 1300 1489 1356 in
1513 1301 1564 1357 hoc
1586 1303 1653 1359 libro
1677 1304 1810 1360 contineri

160 1378 234 1452 quod
251 1386 371 1451 apertam
384 1378 507 1433 redoleat
521 1378 660 1443 baeresim:
677 1380 705 1431 2·
719 1376 773 1435 imo
797 1378 870 1434 haud
892 1378 985 1434 dubiis
998 1362 1101 1451 lit'quere
1123 1381 1209 1454 signis
1228 1382 1375 1441 Auctorem
1399 1387 1484 1442 inisse
1508 1398 1570 1445 tuuc
1589 1391 1724 1461 'temporis
1749 1408 1809 1446 eum

158 1466 278 1523 Ecclesia
300 1468 421 1523 Romana
440 1464 629 1520 communione
655 1465 855 1535 consociatum:
881 1469 909 1521 3·
930 1465 1026 1523 nisililsi
1051 1469 1091 1524 vel
1116 1469 1227 1525 mininie
1250 1471 1284 1526 de
1308 1476 1425 1544 quodam
1452 1478 1608 1546 Artemone,
1639 1477 1809 1549 nequissimo

65 1616 76 1631 ,
157 1557 344 1626 heresiarcha,
367 1556 473 1612 Christo
496 1553 661 1609 divinitatem
684 1554 866 1623 abjudicante,
883 1539 1059 1613 meminisse:
1085 1559 1156 1613 uude
1180 1558 1280 1616 inferre
1303 1561 1377 1627 licet,
1402 1572 1464 1620 ante
1489 1566 1644 1623 Artemonis
1671 1576 1804 1639 tempora,

158 1660 190 1700 tc
204 1644 317 1716 proinde
330 1660 346 1698 a
358 1642 522 1698 Tertulliano
539 1640 660 1696 nondum
674 1641 750 1711 lapsu
760 1642 859 1698 librum
872 1642 957 1700 fuisse
974 1645 1167 1716 conscriptum.

194 1733 257 1790 llaec
271 1741 297 1790 et
311 1732 353 1787 his
371 1729 470 1787 similia
491 1722 590 1795 sssiierie
611 1728 712 1799 soleats
727 1732 777 1791 iisc
800 1732 888 1788 usim
909 1733 1052 1791 cdmmdde
1073 1732 1210 1808 planeque
1234 1748 1395 1810 oppugnant
1421 1738 1564 1814 ipsiusmet
1577 1745 1737 1801 Tertulliani
1754 1754 1808 1801 tes·

155 1823 297 1879 timonium
319 1831 380 1891 post
403 1818 510 1893 lapsnin
532 1812 721 1885 asseverantis,
738 1802 765 1875 iu
789 1819 864 1876 libris
888 1814 1017 1878 adversus
1042 1814 1216 1896 llarcioneui,
1242 1828 1312 1883 bunc
1339 1829 1373 1885 dc
1394 1834 1660 1906 Praescripti'onibus
1685 1836 1804 1892 nondum

155 1910 238 1967 tuisse
252 1910 365 1974 editum,
380 1908 419 1964 uti
433 1906 520 1962 insius
534 1905 626 1962 videre
640 1916 681 1962 est
699 1907 727 1962 iii
741 1907 930 1967 dissertatione
943 1911 980 1966 Dr
992 1910 1111 1983 tromper
1124 1911 1159 1967 ad
1173 1913 1285 1983 hujusce
1297 1915 1426 1973 editionis
1442 1918 1557 1975 irontem
1574 1922 1706 1992 apposita.

189 2001 272 2056 Detur
287 1997 370 2070 igitur
384 2011 497 2052 necesse
512 2005 564 2061 est,
581 1996 723 2067 perpensis
737 1997 800 2053 hinc
822 1999 884 2053 inde
904 1999 1057 2068 momentis,
1075 2000 1162 2055 media
1183 2000 1253 2056 inter
1276 2012 1419 2075 utramque
1442 2009 1604 2064 sententiam
1628 2010 1731 2076 semita,
1752 2028 1806 2081 qua

152 2096 211 2144 tuto
234 2094 329 2145 coeant
351 2083 567 2154 conveniantque
590 2082 786 2152 dissentientes,
807 2087 937 2159 uobisque
954 2088 992 2142 ita
1012 2087 1136 2142 videntur
1150 2088 1275 2161 utrinque
1305 2091 1417 2161 impelli,
1443 2102 1471 2147 ut
1493 2095 1628 2164 jamnon
1652 2095 1805 2166 ambigatur

151 2178 286 2249 hocopus
300 2174 352 2231 alio
368 2174 450 2229 inisse
463 2172 649 2243 conscriptum
662 2183 794 2247 tempore,
810 2176 921 2248 alioque
934 2174 962 2230 in
980 2177 1065 2231 lucem
1080 2176 1192 2234 editum.

187 2267 229 2322 Ae
241 2265 337 2337 primo,
357 2262 552 2319 Tertullianum
565 2262 729 2320 albitrttibir
742 2264 816 2320 lidno
837 2262 934 2320 ttbroai'
956 2264 1114 2336 iddcepisse'
1136 2262 1288 2337 primisque
1309 2266 1407 2323 unitis
1430 2268 1606 2343 exaravisse,
1623 2288 1694 2336 cum,
1709 2272 1803 2326 Romae

149 2364 282 2427 versatus,
302 2354 354 2410 tide
368 2352 457 2410 adhuc
475 2353 583 2426 integer
597 2369 629 2410 ac
642 2353 726 2410 veluti
746 2360 817 2410 testu
839 2353 942 2411 novitio
957 2353 1033 2409 ierox
1056 2362 1084 2409 et
1105 2355 1276 2427 superbiens,
1297 2372 1393 2413 omnes
1420 2358 1537 2415 haereses
1560 2361 1680 2434 undique
1705 2362 1801 2418 Sedent

148 2440 333 2518 Apostollcam
351 2438 473 2498 unanimi
499 2439 603 2511 impetu
628 2438 845 2513 obtinentiam
870 2438 974 2497 Petram
997 2440 1052 2498 tino
1076 2441 1227 2499 traditionis
1253 2442 1307 2501 ictii
1328 2442 1430 2514 allisas,
1456 2444 1696 2519 compararique
1720 2448 1800 2504 simul

146 2548 210 2593 euni
230 2531 343 2589 uminis
358 2528 425 2588 viris
447 2528 494 2601 qui
516 2528 544 2583 in
567 2528 651 2601 Urbe,
672 2528 767 2588 eadem
789 2524 1119 2615 tempestateuiiorebanl,
1139 2530 1301 2590 necessitate
1322 2534 1496 2605 conjunctus,
1525 2552 1624 2609 nempe
1647 2553 1709 2593 cum
1734 2537 1799 2593 Caio

145 2622 315 2699 presbytero,
329 2619 544 2694 Hippolytoque,
560 2617 713 2676 illustribus
724 2635 782 2694 prta
796 2614 899 2677 eductis
913 2620 943 2676 S.
958 2618 1054 2677 lreuaei
1081 2610 1127 2676 it
1150 2618 1302 2694 discipulis,
1327 2622 1362 2679 ab
1386 2622 1452 2696 ipsis
1477 2623 1544 2678 tanti
1567 2626 1689 2700 magistri
1713 2626 1798 2684 libros

146 2712 288 2785 acceperit,
302 2710 337 2766 ab
355 2709 451 2766 lisdem
472 2705 700 2780 expeditissimam
719 2706 755 2766 ad
768 2708 911 2767 nov'attires¹
933 2706 1067 2782 quoslibet
1090 2710 1192 2782 absque
1215 2711 1272 2767 acie
1296 2728 1346 2768 nec
1368 2712 1464 2786 pugna
1489 2712 1675 2783 debellandos,
1694 2714 1797 2770 tutissi-

145 2817 269 2874 mamque
295 2799 466 2857 traditionum
490 2805 517 2854 et
536 2798 771 2870 proscriptionum
794 2798 878 2868 viam,
903 2798 1080 2873 indagaverit,
1108 2799 1234 2868 tenuerit,
1263 2807 1458 2872 expertamque
1484 2801 1610 2858 babuerit
1639 2819 1646 2855 ε
1677 2802 1795 2874 indeque

143 2893 250 2967 penitus
268 2888 296 2945 in
310 2897 401 2946 mente
414 2889 467 2944 hoc
480 2885 591 2943 infixum
614 2886 765 2962 reposuerit
788 2886 943 2957 consilium,
960 2901 1045 2944 notos
1064 2901 1163 2960 nempe
1186 2887 1307 2945 veritatis
1329 2890 1422 2945 hostes
1446 2889 1480 2945 ad
1502 2889 1636 2960 judicium
1662 2890 1794 2961 rapiendi,

143 2995 256 3055 somne,
271 2994 322 3038 nec
338 2993 367 3035 re
384 2978 531 3050 perpensa,
546 2991 596 3033 nec
617 2990 699 3033 musa
719 2973 830 3051 agitata,
845 2974 871 3033 vi
894 2974 1072 3049 quarumdam
1093 2976 1224 3032 duntaxat
1245 2976 1448 3049 exceptionum,
1470 2978 1504 3033 'ab
1528 2976 1604 3034 omni
1628 2978 1675 3034 lite
1699 2979 1795 3050 expel-

141 3068 227 3139 lendi,
243 3067 438 3139 damnatosque
461 3063 628 3122 remittendi.
647 3062 700 3135 (ct.
715 3064 782 3121 lius.
809 3066 880 3122 liist·
901 3065 1019 3133 Teates„
1035 3065 1056 3119 l.-
1079 3080 1112 3135 u,
1132 3080 1161 3121 e.
1174 3068 1202 3131 s,
1226 3081 1256 3137 p.
1271 3066 1323 3133 ti;
1346 3065 1463 3123 Tertull.
1477 3066 1511 3122 ds
1535 3068 1633 3137 ιιιιιι,
1647 3068 1667 3124 l.
1683 3083 1704 3136 i,
1720 3084 1746 3124 c.
1760 3072 1793 3135 ὃς

141 3156 172 3216 8.
186 3157 263 3214 llier.
283 3158 329 3215 Vir
342 3156 463 3223 illurn,
477 3164 504 3209 o.
519 3152 579 3222 ιιι).

175 3242 237 3313 Quo
250 3242 364 3301 consitio
374 3242 432 3312 iam
445 3244 515 3311 pene
528 3244 646 3311 peracto,
662 3236 705 3297 vel
719 3240 752 3293 ad
767 3244 867 3295 iheum
880 3244 1055 3311 properante,
1070 3238 1163 3308 subiit,
1178 3239 1234 3298 sive
1249 3254 1283 3296 ex
1292 3239 1455 3297 elericorum
1473 3238 1659 3296 Romanorum
1682 3240 1792 3312 invidia,

140 3333 200 3391 sive
217 3348 251 3387 aa
264 3327 409 3402 impotenti
422 3325 548 3400 Septimii
563 3325 685 3401 ingenio,
700 3325 886 3401 acerrimoque
898 3326 949 3384 viri
963 3325 1083 3383 scinu
1098 3328 1202 3397 animo,
1218 3324 1337 3401 lugenda
1355 3345 1421 3407 saue
1440 3328 1573 3401 procella,
1588 3344 1650 3400 qum
1673 3345 1737 3385 euin
1760 3333 1793 3387 ab

139 3419 202 3478 sari
214 3417 346 3476 Ecclesia
359 3424 388 3473 et
408 3422 492 3487 portu
513 3412 578 3469 fidei
599 3411 739 3470 catholice
757 3413 785 3468 iti
806 3412 894 3471 inuios
913 3414 1085 3471 ttonuntsrni
1106 3416 1234 3488 scopulos
1258 3417 1388 3489 abripuit.
1411 3417 1549 3474 interdum
1573 3432 1638 3475 vero
1662 3419 1793 3475 remansit

137 3507 321 3567 Tertullianus
341 3501 462 3561 intutis
482 3501 651 3575 aliquatenus
673 3500 824 3559 indeiessim
845 3514 974 3574 assertor,
990 3515 1019 3562 et
1044 3508 1106 3562 euin
1125 3507 1184 3576 jani
1205 3504 1326 3562 ultimam
1347 3506 1434 3562 aetatis
1457 3520 1513 3560 suas
1533 3516 1637 3576 partem
1659 3515 1742 3563 ioum
1763 3508 1790 3562 in

136 3594 284 3657 sanamini
305 3592 483 3666 impenderet,
499 3598 554 3648 noti
576 3589 681 3663 respuit
704 3591 852 3649 sambatus
874 3602 953 3652 ιιιιιι
975 3594 1093 3666 labores,
1108 3612 1140 3654 sc
1164 3594 1194 3654 in
1216 3595 1305 3654 lucain
1328 3593 1418 3653 emisit
1439 3592 1601 3667 preclarum
1625 3597 1689 3652 illud
1720 3598 1789 3652 Pran-

137 3684 295 3763 scriptionis
308 3678 450 3739 catholicis
463 3688 679 3738 monumentum.
1421 3756 1425 3761 ,

173 3774 242 3832 ilinc
254 3771 335 3830 nobis
346 3770 432 3828 satius
448 3769 536 3829 risum
553 3778 595 3828 est
615 3770 667 3827 boo
684 3784 754 3841 opus
776 3769 894 3828 medium
917 3770 989 3830 inter
1010 3773 1151 3845 catholici,¹
1164 3772 1390 3844 montaxisteqiie
1412 3768 1570 3829 Tertulliani
1593 3769 1678 3827 libros
1703 3785 1787 3842 sepo-

137 3876 215 3933 nere,
234 3861 299 3919 ratis
324 3858 452 3942 nimirum
474 3859 548 3916 hatte
569 3858 604 3915 sd
623 3865 766 3931 nutuque
783 3854 843 3930 'slus
867 3860 970 3935 ingenii
992 3860 1104 3932 iselam,
1118 3861 1266 3935 nmbasque
1288 3859 1351 3916 vita
1373 3857 1460 3930 ipsius
1480 3864 1575 3931 partes
1596 3858 1731 3930 respicere
1754 3870 1787 3909 ae

137 3934 234 3994 endam
248 3931 326 3990 titulo
339 3938 489 4003 pertinere.

834 4096 1084 4177 Commentarius.

135 4304 232 4351 sarm
245 4285 415 4344 stramen
437 4281 508 4337 libro
532 4298 541 4336 a
567 4302 579 4332 ι
605 4279 695 4351 sins,
709 4281 810 4353 inquit,
825 4281 936 4339 libellus
1022 4282 1144 4340 Dubitari
1165 4294 1219 4338 aon
1234 4290 1325 4354 petest
1342 4281 1409 4354 quiii
1423 4278 1502 4351 illud,
1516 4279 1648 4336 merciis
1662 4279 1782 4334 bereti·

134 4362 208 4419 hune
227 4357 341 4432 gradum
363 4352 518 4422 sustinebit,
533 4351 664 4408 adversus
687 4353 828 4410 bteretioos
850 4354 933 4410 etiarn
987 4368 1042 4425 oss,
1067 4354 1101 4410 sit
1125 4366 1189 4411 vera
1212 4353 1292 4410 tectio
1314 4351 1453 4417 Auctoris,
1477 4350 1525 4419 qui
1551 4349 1580 4401 iix
1609 4348 1782 4404 conclusione

135 4434 194 4491 siue
210 4434 322 4486 tractatu
332 4423 718 4505 amnicarum-revincendos,
731 4423 804 4497 quod
816 4424 870 4480 boc
879 4426 934 4481 sint
985 4424 1101 4553 bnssusee
1114 4426 1174 4482 libri
1188 4426 1229 4481 sie
1242 4426 1322 4480 habet
1338 4440 1346 4478 ε
1368 4438 1382 4472 a
1406 4418 1577 4498 Generaliter
1593 4426 1687 4501 ‚actum
1701 4430 1780 4497 ¹esta

134 4505 170 4561 da
187 4498 393 4575 praescriptione
414 4504 550 4577 novitius.
560 4514 576 4576 p
601 4495 675 4577 lirgo
693 4495 862 4579 prescriptio
879 4496 932 4579 ba}
985 4512 1022 4554 no
1042 4497 1065 4555 is
1079 4498 1210 4581 adversus
1233 4498 1467 4577 baresmomnes
1490 4496 1584 4557 certis,
1604 4498 1631 4572 et
1643 4499 1735 4558 tusus,
1753 4499 1780 4546 et

132 4567 932 4718 {tltltutttihbltblbittlttt‘itit
983 4560 1433 4711 :testibiittt‘ltttitt
1451 4558 1779 4714 hiliittiittt

133 4716 290 4774 haereticos.
308 4712 345 4767 lia
359 4707 488 4785 loquendi
513 4723 588 4765 orma
602 4708 670 4763 dixit
681 4710 931 4785 prescriptionem
983 4718 1134 4775 sentiirtise,
1151 4706 1229 4763 nobis
1242 4704 1322 4761 etism
1337 4702 1428 4759 iavet:
1454 4720 1467 4751 a
1490 4700 1569 4757 Atius
1583 4702 1693 4758 libellus
1707 4703 1780 4759 bunc

132 4788 342 4845 hereticorum,
361 4798 413 4852 qua
433 4779 503 4849 juris
526 4786 660 4842 auctores,
677 4782 924 4855 praescriptionem
982 4782 1096 4853 gradum
1118 4776 1262 4834 sustinebit
1284 4775 1416 4832 adversus
1439 4773 1591 4840 haereticos,
1616 4773 1696 4829 etiam
1719 4774 1778 4853 sine

131 4858 199 4923 deti,
226 4853 472 4928 prescriptionem
492 4853 561 4923 sori,
585 4854 827 4924 prescriptionem
851 4857 923 4908 tern-
977 4858 1126 4907 retraetaiii
1139 4848 1322 4904 doctrinarum
1348 4846 1536 4910 revincendus,
1551 4844 1623 4914 qnod
1648 4844 1699 4900 boc
1722 4854 1777 4900 sint

128 4927 218 5003 ports,
238 4924 484 5052 prescriptionem
506 4925 549 4978 ιιι·
565 4923 715 5045 {scissim
740 4923 801 4978 hia.
825 4952 861 4961 -
886 4923 924 4977 Dc
977 4922 1012 4976 da
1046 4919 1248 4991 praescriptione
1278 4916 1413 4973 nouitatis.
1430 4934 1453 4998 ¹i
1483 4915 1578 4984 Neque
1611 4916 1684 4969 enim
1711 4914 1777 4997 dicit

128 4997 355 5075 prescrptiorie.
381 4993 481 5047 Nescio
505 5007 540 5047 sn
591 5007 617 5047 ic
643 4994 781 5062 explicare
806 4990 921 5045 debeam
975 4991 1322 5063 Noster:Proescrtpitone
1333 4988 1543 5055 hereticorum,
1555 4986 1613 5050 sed,
1626 5001 1777 5058 praescrip·

128 5071 203 5143 qaod
226 5070 260 5123 ab
282 5065 342 5119 aliis
361 5072 424 5145 ιιιιι
444 5076 496 5116 nos
517 5078 662 5145 excusum
685 5071 736 5116 est.
751 5061 922 5143 Praescripuo
977 5065 1054 5120 tione
1086 5065 1257 5144 sementis...
1287 5060 1420 5143 aduersos
1447 5056 1609 5137 haereticos:
1645 5065 1774 5138 praterea

128 5156 162 5199 ιι
188 5154 240 5197 ιιι
266 5135 370 5191 iorensi
390 5142 544 5203 usurpatur,
571 5134 758 5212 agonemque
778 5132 920 5215 reiutatio-
975 5137 1046 5205 qnod
1063 5136 1162 5190 locutio
1178 5136 1355 5208 prescriptio
1370 5131 1569 5209 hoereticorum
1587 5128 1714 5208 ambigua
1729 5126 1772 5182 io·

127 5226 191 5271 nerii
211 5223 265 5282 qua
287 5222 334 5286 qni
359 5204 521 5275 postulatur,
544 5205 690 5258 adversarii
720 5210 920 5283 accusationem
975 5214 1026 5275 ret,
1042 5213 1069 5261 et
1083 5208 1173 5261 treberi
1188 5206 1284 5285 meliua
1293 5212 1386 5274 posset
1399 5201 1433 5254 de
1448 5200 1581 5280 haereticis
1593 5199 1773 5278 prescribere

126 5283 238 5349 dis'icit,
258 5284 304 5334 siit
322 5291 350 5329 in
373 5290 437 5357 euni
453 5281 591 5343 retorquet
605 5274 650 5357 ir:
666 5272 773 5343 Ulpiae.
790 5275 822 5329 D.
833 5274 875 5358 'od
900 5276 918 5330 t.
974 5278 1104 5361 adsersus
1118 5292 1168 5333 rios
1177 5275 1342 5341 volentibus,
1353 5270 1476 5343 quamde
1485 5272 1574 5352 nobis,
1590 5269 1691 5353 quibus
1700 5284 1773 5341 prae·

127 5300 235 5441 iniiam
248 5350 282 5407 de
295 5344 455 5432 odisti->Sic
468 5343 631 5415 irequensin
640 5360 701 5415 iure
710 5350 921 5428 mausolionem
973 5351 1095 5407 seribere
1108 5352 1238 5405 ediemos
1257 5358 1435 5419 quoscunque
1459 5356 1572 5412 proprio
1589 5357 1651 5410 iure
1663 5340 1704 5396 ias
1718 5348 1769 5395 est.

123 5428 263 5554 gumfa,
280 5432 422 5547 affiipcre,
436 5415 601 5546 pitiaedocterc.
616 5417 861 5545 Poterimuoque
877 5418 920 5474 bic
1276 5419 1346 5474 Euo.
1362 5431 1399 5471 sc
1415 5415 1501 5485 Opere
1520 5426 1556 5468 os
1571 5412 1697 5469 Gcoxcr.

149 5514 202 5570 gen
223 5510 268 5552 um
334 5504 429 5546 onius
502 5502 532 5546 rc
547 5502 613 5552 scos,
634 5497 680 5543 aut
769 5503 837 5554 esea,
864 5503 919 5544 non

123 5567 333 5627 haereticorum.
347 5575 384 5619 ιιι
398 5558 447 5617 Px.

1666 5723 1756 5814 ,9.

1728 5822 1817 5925 ’ἃ
