3840 6134
136 327 188 389 303
287 302 291 309 ⁵
469 317 691 381 tahtdttlttat
727 314 857 378 optauit
877 310 1428 382 pauso.-saatas1,rotautm.
1730 310 1784 372 304

134 451 300 505 ministratur
323 445 456 502 adversus
489 444 671 512 Creatorem
701 460 734 498 ne
753 443 792 499 sic
819 458 927 515 qnoque
943 441 1041 537 nituit
1063 443 1177 498 admitti.
1199 441 1302 504 Primo,
1326 436 1398 511 quod
1422 435 1611 511 qualicumque
1642 436 1784 493 senteutiae

132 536 299 594 inrationalis
322 533 518 607 proscribatur,
543 533 566 588 si
596 541 686 590 careat
708 540 734 588 et
757 530 881 588 sensibus
902 539 929 586 et
986 547 1041 588 suae
1063 540 1090 589 ot
1103 532 1167 603 legi,
1198 529 1296 585 debeat
1323 527 1466 585 vindictam
1496 529 1523 583 in
1547 527 1731 583 auctoritatem
1756 534 1784 584 et

132 619 274 683 affectibus
302 625 410 680 debitis.
431 623 495 678 llaec
513 623 597 678 multo
625 621 731 692 plenius
757 619 932 678 defendemus
985 619 1110 691 obsequii
1132 617 1329 676 necessitatem.
1355 616 1489 683 Secundo,
1517 615 1580 688 quia
1598 616 1726 671 aemulum
1749 616 1785 672 sit

131 713 159 768 in
172 728 257 772 causa
267 710 412 777 Crantoris,
429 709 457 764 in
472 724 525 781 qua
540 716 567 764 et
581 708 792 779 exprobrantur.
985 724 1098 765 neeesse
1113 714 1154 764 est
1176 706 1248 779 quod
1267 705 1353 762 noluit
1375 704 1491 774 admitti,
1506 713 1532 761 et
1551 703 1669 760 nolendo
1689 705 1783 777 probi-

985 797 1052 853 buit.
1067 797 1137 853 Malo
1151 801 1239 852 autern
1253 810 1363 868 parcere
1376 795 1472 860 Deum
1489 793 1627 866 indignius
1641 794 1687 859 sit,
1701 809 1784 866 quam

410 851 521 908 CAPUT
551 850 651 908 XXVI·
985 884 1220 942 animadvertere:
1241 891 1268 941 et
1289 882 1400 956 quidem
1429 883 1488 939 Deo
1513 883 1626 955 optimo,
1656 882 1704 956 qni
1729 900 1784 941 non

167 978 259 1036 hthic
280 975 381 1034 sufficit
407 974 641 1048 perversissimum
663 974 744 1032 deum
767 974 875 1032 ostendi
902 976 930 1031 in
984 973 1050 1030 alias
1074 974 1153 1046 plene
1172 973 1260 1029 bonus
1283 973 1327 1041 sit,
1356 971 1409 1027 nisi
1432 972 1494 1028 mali
1513 972 1636 1042 aemulus,
1657 971 1698 1028 uti
1719 973 1784 1028 boni

131 1069 190 1142 ipso
215 1068 352 1141 praeconio
377 1064 504 1121 solitariae
533 1064 682 1130 bonitatis,
707 1080 768 1134 quae
787 1067 882 1120 nolunt
904 1064 931 1121 ei
984 1078 1104 1121 amorem
1130 1063 1195 1119 odio
1223 1060 1285 1118 mali
1314 1071 1445 1127 exerceat,
1474 1071 1501 1119 et
1529 1061 1554 1101 ³³
1578 1062 1641 1118 boni
1675 1062 1783 1118 tutelam

131 1158 286 1230 adscribere
301 1154 436 1227 ejusmodi
454 1163 545 1211 motus
556 1151 638 1208 animi
656 1194 663 1218 ,
679 1167 748 1224 quos
763 1152 789 1206 in
803 1152 930 1209 creatore
984 1151 1184 1225 expugnatione
1197 1150 1260 1207 mali
1273 1151 1392 1221 impleat.

130 1245 343 1320 reprehendunt.
363 1243 392 1298 Si
402 1243 473 1300 enim
492 1257 583 1314 neque
597 1241 751 1313 aemulatur,
770 1257 859 1315 neque
872 1242 929 1298 ira·
1263 1237 1376 1295 CAPUT
1391 1238 1505 1295 xxvtt.

131 1337 227 1404 scitur,
244 1349 332 1406 neque
346 1333 465 1400 damnat,
488 1346 577 1402 aeque
591 1338 680 1398 vexat,
697 1339 791 1402 utpote
805 1333 853 1403 qui
880 1346 931 1389 uec
1019 1329 1071 1388 Sed
1098 1329 1200 1401 judicat
1225 1330 1305 1400 plano
1339 1327 1437 1384 malum
1465 1327 1591 1395 nolendo,
1620 1335 1647 1384 et
1674 1328 1786 1388 damnat

128 1423 249 1494 judicem
264 1426 384 1492 praestat,
415 1435 470 1475 non
497 1417 606 1474 invenio
630 1421 767 1490 quomodo
782 1418 822 1474 illi
843 1421 928 1477 disci·
983 1419 1150 1492 prohibendo
1166 1437 1173 1474 a
1190 1417 1301 1474 dimittit
1315 1424 1403 1475 autem
1418 1432 1473 1472 nou
1495 1415 1667 1485 vindicando,
1681 1424 1709 1472 et
1732 1420 1784 1475 ab·

131 1512 265 1584 plinarum
286 1509 354 1566 ratio
377 1508 518 1573 consistat,
535 1507 683 1578 etquidem
698 1507 812 1577 plenior.
842 1508 928 1576 Quale
983 1507 1133 1565 solvitnon
1148 1506 1296 1577 puniendo.
1316 1504 1345 1577 ιΟ
1368 1506 1455 1560 Deum
1479 1503 1599 1562 ueritatis
1623 1508 1783 1576 praevarica-

131 1609 174 1658 est
189 1601 273 1671 enim,
288 1608 318 1655 ut
333 1604 469 1668 precepta
482 1595 630 1652 constituat
649 1612 702 1651 non
726 1598 929 1652 exsecuturus?
985 1605 1083 1662 torem,
1108 1593 1246 1651 sententiae
1273 1608 1329 1649 suae
1353 1593 1613 1664 circumscriptorem
1637 1594 1695 1665 (at)
1718 1613 1725 1652 :
1748 1596 1783 1651 tt·

130 1698 160 1748 ut
188 1688 286 1746 delicta
312 1685 454 1756 probibeat
481 1697 535 1738 non
559 1680 760 1751 vindicaturus,
789 1685 852 1756 quia
875 1701 929 1742 nou
985 1691 1040 1742 met
1063 1684 1194 1741 damnare
1211 1682 1283 1755 quod
1297 1682 1417 1748 damnat,
1433 1682 1509 1737 timet
1532 1681 1623 1738 odisse
1637 1684 1710 1755 quod
1729 1699 1785 1742 uon

129 1777 302 1851 judicaturus
317 1773 482 1828 ?extraneus
497 1768 601 1827 seilicet
615 1771 649 1824 ab
666 1770 794 1828 omnibus
808 1773 931 1829 sensibus
986 1782 1068 1841 amat,
1085 1774 1186 1832 factum
1197 1773 1260 1829 sinit
1272 1771 1346 1844 quod
1359 1770 1416 1827 fieri
1431 1787 1487 1827 non
1496 1770 1568 1837 sinit,
1579 1772 1683 1832 maruli
1696 1782 1786 1832 osten-

129 1862 282 1922 severitatis
307 1867 334 1916 et
359 1857 610 1915 animadversionis.
641 1859 695 1914 Cur
719 1862 790 1916 enim
807 1861 933 1931 prohibet
986 1859 1204 1935 deraquinclit,
1220 1860 1440 1932 quamprobare.
1455 1860 1617 1916 Hoc³³arit
1640 1861 1785 1919 bonitas³⁵

131 1951 247 2020 admitti,
264 1948 338 2023 quod
352 1946 541 2005 uouoetmdia
559 1948 737 2005 admissum?
756 1966 817 2008 cnm
844 1950 931 2008 multo
985 1949 1153 2024 imaginaria,
1179 1948 1333 2022 disciplina,
1359 1949 1533 2021 phantasma3
1558 1957 1585 2006 et
1608 1950 1667 2023 ipsa
1690 1959 1784 2009 trans·

135 2041 238 2099 rectius
266 2053 317 2094 non
354 2035 540 2109 prohibuisset
573 2037 646 2109 quod
678 2037 840 2095 defensurus
877 2056 930 2097 non
986 2039 1121 2097 functoria
1148 2045 1284 2111 praecepta
1310 2039 1375 2110 (at),
1403 2053 1500 2094 secura
1526 2038 1624 2096 delicta
1646 2058 1654 2096 ι
1679 2041 1783 2114 audite,

132 2134 305 2201 esset,quam
332 2135 362 2182 ut
387 2140 441 2182 oon
458 2123 614 2182 defenderet
631 2128 703 2200 quod
718 2127 928 2198 prohibuisset:
986 2137 1151 2202 peccatores,
1172 2128 1272 2200 quique
1292 2128 1414 2184 nondum
1433 2128 1485 2183 hoc
1497 2127 1571 2196 estis,
1594 2134 1624 2185 nt
1640 2144 1701 2186 esse
1715 2146 1783 2204 pos·

130 2219 187 2276 imo
197 2227 223 2274 et
239 2215 392 2289 permisisse
407 2214 510 2272 directo
531 2215 632 2282 debuit,
643 2216 700 2272 sine
714 2233 810 2274 caussa
832 2220 930 2291 probi·
986 2218 1069 2277 sitis:
1087 2217 1158 2274 Deus
1171 2215 1269 2272 melior
1281 2213 1405 2271 inventus
1421 2223 1472 2283 est,
1492 2217 1537 2289 qui
1557 2231 1608 2274 uec
1622 2217 1782 2286 offenditur,

131 2309 249 2372 biturus,
265 2315 293 2361 ut
314 2319 371 2362 nou
395 2305 418 2342 ³¹
444 2303 616 2360 defensurus.
631 2305 700 2360 Nam
721 2315 748 2362 et
770 2313 837 2365 tuuc
850 2308 930 2366 tacite
985 2322 1034 2363 nec
1061 2305 1199 2372 irascitur,
1218 2318 1271 2361 uec
1292 2303 1442 2371 ulciscitur,
1462 2306 1505 2362 cui
1528 2306 1619 2362 nullus
1646 2307 1719 2381 ignis
1736 2324 1784 2367 co·

85 2391 88 2398 ’
132 2395 295 2470 permissum
310 2402 361 2463 est,
376 2392 448 2465 quod
460 2393 518 2448 sine
531 2392 633 2449 ultione
648 2394 813 2465 prohibetur.
829 2397 863 2453 Et
881 2400 931 2457 uti·
985 2398 1078 2469 quitur
1088 2394 1114 2450 in
1134 2395 1267 2469 gehenna,
1283 2393 1325 2449 cui
1340 2395 1432 2450 nullus
1449 2394 1573 2452 dentium
1588 2394 1700 2453 frendor
1715 2399 1783 2456 hor-

134 2483 334 2559 quenoualiud
353 2481 844 2556 prohibetadmitti‚quamquodnon
859 2497 931 2546 amat
985 2485 1078 2542 retia
1104 2482 1282 2540 exterioribus
1309 2481 1445 2553 tenebris;
1475 2482 1563 2540 bonus
1596 2491 1700 2542 tantum
1728 2494 1782 2558 est,

134 2575 206 2632 fieri.
230 2571 438 2646 Stupidissimus
461 2586 527 2644 ergo
547 2572 594 2644 qui
621 2587 675 2628 nnn
689 2572 835 2630 offenditur
858 2577 930 2636 facto
983 2574 1099 2646 denique
1121 2569 1245 2643 (11111111
1267 2570 1436 2643 delinquere.
1465 2572 1727 2631 311111111110118·
1750 2575 1783 2631 11

135 2664 208 2739 quod
221 2678 277 2720 nou
291 2670 363 2717 amat
376 2659 445 2729 fieri,
462 2660 571 2732 quaudo
586 2659 692 2718 offensu
704 2677 797 2719 eomes
819 2664 854 2720 sit
875 2666 930 2724 fru-
983 2660 1060 2721 robis
1076 2667 1127 2729 esf,
1148 2660 1172 2715 si
1194 2657 1292 2729 velliissr
1311 2658 1351 2715 ³1¹³
1374 2659 1536 2732 ⁰³³³³³³l¹¹³³¹m
1554 2661 1728 2736 3333383333ι
1753 2671 1784 2720 113

134 2750 389 2813 strataevoluntatis.
409 2752 462 2806 Aut
489 2749 513 2807 si
528 2748 698 2820 offenditur,
721 2753 800 2811 debet
823 2755 927 2833 irasci;
984 2750 1113 2806 1111011111
1132 2748 1191 2806 Deo
1214 2747 1342 2806 11111881
1370 2748 1516 2808 videamini
1536 2769 1544 2808 ι
1565 2751 1690 2809 timorem
1709 2753 1784 2810 enim

132 2846 158 2904 si
171 2841 317 2909 irascitur,
336 2838 415 2896 debet
436 2837 541 2896 ulcisci.
561 2839 631 2895 Nam
645 2850 673 2898 et
693 2841 757 2898 ultio
773 2841 928 2904 fructusest
984 2853 1039 2895 101
1057 2839 1124 2895 uult.
1140 2840 1228 2912 13110
1250 2838 1319 2895 131310
1345 2853 1401 2910 1133
1429 2855 1459 2896 ³0
1486 2838 1577 2898 ferunt
1607 2842 1782 2912 1331131011ῑὲ,

131 2933 192 2999 irae,
206 2939 234 2988 et
256 2930 296 2985 ira
313 2927 432 2985 debitum
460 2927 581 2997 cffeusae,
607 2938 634 2985 et
661 2928 785 3000 offensa,
810 2941 840 2990 ut
862 2935 929 3011 diri,
983 2929 1055 3001 quod
1068 2928 1157 2984 Deum
1177 2943 1258 2985 1111111
1279 2927 1391 2985 1111111
1410 2943 1465 2987 111
1482 2929 1605 2988 timeant.
1626 2931 1712 2989 811111
1735 2947 1784 2988 au·

131 3036 226 3079 comes
259 3019 392 3074 frustratae
415 3016 571 3074 uoluntatis.
604 3018 659 3075 Sed
690 3037 745 3077 non
766 3022 1047 3108 ulciscituugtem.
1071 3017 1206 3089 inquiunt,
1231 3017 1383 3092 timebitur,
1412 3020 1500 3077 bonus
1528 3027 1617 3077 autem
1642 3021 1783 3096 diligetur.

130 3124 199 3186 ergo
223 3124 275 3165 nec
290 3105 448 3163 offenditur.
472 3104 525 3162 Sed
544 3121 599 3161 non
613 3106 759 3164 offenditur
776 3128 864 3185 ;ergo
878 3130 929 3172 nec
984 3107 1079 3175 Stulte.
1097 3124 1178 3181 quem
1191 3108 1337 3166 Dominum
1352 3109 1484 3182 appellas,
1507 3125 1591 3186 negas
1614 3111 1782 3186 timendum

129 3198 239 3255 luditur
256 3196 383 3255 voluutas
409 3196 480 3265 ejus,
495 3211 557 3253 cum
571 3195 600 3251 lit
614 3198 687 3268 quod
702 3197 760 3253 fieri
775 3201 880 3257 noluit:
901 3211 929 3261 et

128 3287 160 3345 fit
184 3291 241 3360 jam
262 3285 391 3342 delictum
415 3285 564 3341 secundum
588 3285 758 3343 voluntatem
780 3290 850 3360 ejus,
866 3291 929 3363 quia

128 3392 182 3433 non
199 3376 229 3431 tit
250 3377 380 3433 aduersus
403 3372 578 3442 voluntatem,
594 3371 679 3429 2⁷8
695 3375 767 3446 quod
787 3391 841 3433 non
855 3372 943 3437 ledit

127 3469 306 3526 voluntatem.
337 3465 391 3518 hut
410 3463 434 3519 si
454 3463 505 3520 boc
527 3462 578 3518 erit
606 3462 705 3519 diuinae
730 3465 844 3536 virtutis,
870 3469 928 3529 sive

128 3555 266 3621 bonitatis,
275 3551 348 3609 nolle
361 3550 470 3625 quidem
481 3551 549 3618 fieri,
563 3559 589 3607 et
604 3552 748 3623 probibere
762 3554 821 3613 fieri
836 3577 844 3629 3
873 3574 928 3618 nou

128 3643 233 3699 moseri
252 3651 351 3709 tamen,
379 3640 404 3696 si
421 3639 469 3695 tiu
484 3657 492 3712 ;
509 3639 626 3696 dicimus
656 3641 714 3711 jam
737 3651 841 3701 motum
867 3663 928 3704 esse

129 3730 209 3787 illum
223 3730 269 3802 qui
284 3727 371 3784 noluit
387 3745 395 3782 :
411 3737 439 3784 et
461 3743 529 3787 vane
556 3743 611 3786 uon
639 3731 740 3789 moveri
758 3732 792 3787 ad
818 3733 926 3807 facturn,

129 3821 175 3894 qui
192 3829 280 3877 motus
305 3820 341 3875 sit
366 3818 401 3874 ad
424 3833 478 3874 non
501 3817 677 3889 faciendum,
706 3823 815 3892 quando
842 3829 929 3885 noluit

130 3909 188 3967 fieri
205 3925 213 3981 ;
227 3908 343 3967 nolendo
358 3907 429 3965 enim
447 3907 596 3980 prohibuit.
611 3909 671 3965 Non
689 3910 762 3966 enim
779 3920 806 3970 et
820 3915 927 3985 judica·

129 3999 170 4056 vit
183 4000 197 4053 ‘t
212 3999 335 4056 Nolendo
349 3997 419 4067 fieri,
435 3997 576 4055 etidcirco
590 3997 760 4070 prohibendo
778 4021 786 4073 ;
803 4017 857 4060 noo
885 4005 898 4059 f
912 4035 926 4049 -

131 4087 256 4146 ciendum
272 4087 347 4143 enim
369 4086 511 4158 judicarit,
535 4096 564 4143 et
587 4089 784 4160 prohibendum
806 4108 927 4165 pronun·

131 4177 217 4235 tiarit.
241 4178 316 4250 Ergo
337 4184 365 4234 et
389 4176 435 4232 ille
456 4176 513 4246 jam
536 4177 650 4247 judicat.
670 4178 699 4235 Si
727 4179 868 4255 indignum
889 4193 929 4241 est

130 4266 220 4324 Deum
237 4266 369 4338 judicare,
385 4273 431 4322 aut
453 4267 478 4321 sl
500 4282 531 4322 ea
555 4275 632 4324 tenus
646 4267 757 4342 dignum
775 4278 815 4326 est
842 4273 926 4329 Deum

983 3211 1045 3253 cum
1067 3198 1120 3253 boc
1143 3212 1241 3255 nomeu
1260 3199 1402 3269 potestatis
1420 3199 1468 3266 sit,
1491 3199 1570 3255 etiam
1592 3200 1784 3261 timendum

981 3286 1117 3358 quomodo
1142 3286 1251 3358 diliges,
1271 3286 1323 3342 uisi
1344 3287 1440 3343 timeas
1462 3302 1519 3344 noa
1541 3287 1677 3362 diligere?
1702 3292 1784 3350 Plane

983 3389 1033 3431 nec
1058 3381 1134 3444 pater
1157 3383 1220 3431 tuus
1243 3384 1295 3442 est,
1323 3375 1352 3429 iu
1382 3392 1463 3447 quem
1491 3386 1625 3449 competat
1656 3386 1684 3435 et
1707 3396 1784 3439 amor

982 3471 1094 3535 propter
1108 3462 1249 3534 pietatem,
1265 3472 1293 3521 et
1306 3464 1388 3521 timor
1400 3474 1512 3537 propter
1534 3472 1719 3539 potestatem?
1733 3486 1784 3529 uec

982 3551 1118 3623 legitimus
1133 3553 1269 3610 dominus.
1292 3561 1320 3609 ut
1334 3554 1432 3628 diligas
1450 3565 1562 3628 propter
1576 3558 1783 3630 humanitatem,

982 3649 1009 3699 et
1026 3641 1123 3696 timeas
1137 3651 1247 3713 propter
1261 3641 1440 3714 disciplinam.
1457 3642 1501 3699 Sic
1519 3644 1634 3717 deniqne
1655 3646 1782 3722 plagiarii

981 3729 1140 3806 diliguntur,
1160 3750 1214 3792 non
1241 3734 1322 3791 etiarn
1349 3731 1437 3790 2⁷9
1465 3735 1601 3792 timentur.
1626 3738 1687 3793 Nou
1709 3739 1782 3795 enim

982 3824 1130 3890 timebitur,
1150 3824 1203 3879 nisi
1220 3826 1292 3894 justa
1307 3831 1335 3880 et
1353 3824 1488 3881 ordinaria
1515 3826 1674 3882 dominatio.
1697 3829 1781 3903 Diligi

981 3923 1071 3971 autem
1094 3923 1185 3986 potest
1212 3915 1293 3970 etiarn
1316 3917 1447 3972 adultera.
1481 3915 1676 3974 sollicitatione
1708 3919 1782 3976 enim

981 4010 1096 4070 constat,
1112 4018 1167 4060 non
1190 4007 1362 4075 auctoritate;
1382 4013 1410 4063 et
1431 4005 1598 4075 adulatione,
1620 4023 1676 4064 aon
1697 4017 1782 4081 pote-

982 4101 1060 4150 state.
1081 4093 1153 4164 Quid
1174 4094 1291 4167 denique
1317 4095 1480 4167 adulantius,
1502 4113 1582 4170 quam
1606 4097 1704 4155 delicta
1725 4114 1781 4157 nou

982 4183 1116 4257 exsequi?
1134 4184 1192 4256 Age
1215 4185 1316 4258 itaque,
1344 4186 1391 4258 qui
1412 4185 1500 4242 Deum
1525 4202 1578 4242 non
1601 4188 1680 4245 times
1703 4188 1783 4261 quasi

944 4273 1095 4390 nbonum,
1117 4272 1184 4346 quid
1207 4287 1264 4330 noa
1294 4275 1321 4330 in
1351 4289 1459 4331 omnem
1490 4275 1632 4333 libidinem
1658 4276 1782 4336 ebullis?

129 4357 263 4430 judicare,
278 4372 331 4428 qua
354 4357 540 4414 tantummodo
561 4356 670 4415 uolitet
692 4359 857 4433 prohibeat3
874 4377 927 4420 non
983 4377 1129 4431 summum,
1145 4363 1218 4436 quod
1247 4364 1340 4431 sciam,
1363 4365 1478 4421 fructum
1496 4366 1558 4423 ritae
1582 4367 1712 4425 omnibus
1735 4368 1784 4444 qui

132 4446 213 4503 etiam
226 4446 251 4485 ³³
265 4444 392 4502 defendat
405 4445 564 4502 admissum.
580 4446 683 4518 Atquin
710 4448 777 4504 nibil
800 4449 859 4507 Deo
876 4459 929 4508 tam

132 4534 285 4610 iudignum,
300 4550 380 4611 quam
393 4550 449 4593 uon
472 4535 584 4610 exsequi
596 4535 668 4609 quod
686 4537 772 4595 noluit
784 4545 811 4597 et
834 4542 928 4634 prohi-

981 4454 1067 4510 Deum
1085 4468 1140 4510 noa
1167 4453 1280 4520 timent;
1303 4454 1368 4528 quid
1393 4469 1448 4511 non
1471 4455 1628 4528 frequentas
1657 4465 1712 4514 tarn
1734 4472 1784 4514 so·

980 4544 1083 4602 lemnes
1103 4544 1160 4617 (st)
1175 4544 1326 4617 voluptates
1348 4545 1411 4602 circi
1433 4545 1547 4605 furentis
1567 4548 1601 4616 ³³,
1621 4563 1713 4606 caree
1727 4565 1783 4608 stc·

820 4667 915 4735 Varie
936 4676 1093 4739 lectiones.

168 4772 192 4813 ³¹
213 4772 273 4829 Non
295 4778 325 4827 ut
350 4769 433 4828 Semi.
463 4785 517 4828 uon
540 4780 568 4827 et
592 4775 659 4831 iun.
677 4771 702 4814 ³³
724 4772 806 4831 Enim
819 4777 909 4837 Poris.
937 4777 963 4819 ³³
978 4778 1014 4836 tu
1032 4779 1151 4838 tenter.
1169 4777 1280 4839 eterit.
1301 4778 1326 4820 ³³
1343 4777 1407 4839 llaec
1420 4781 1528 4860 olii.·³⁵
1542 4783 1672 4843 Bonitatis
1693 4787 1782 4849 libem.

133 4843 158 4884 ³³
171 4845 279 4902 Circum
293 4841 410 4899 furentes
424 4842 511 4900 liberi.
531 4844 640 4902 Obertb.

832 4938 1081 5007 Commentarius.

168 5044 226 5115 (84)
243 5044 398 5102 Sententiae
416 5061 475 5102 rute
486 5046 773 5120 circumscriptorem.
790 5047 930 5105 Circums-

131 5116 285 5188 criptorem,
302 5117 329 5172 id
344 5125 396 5186 est,
409 5119 608 5190 abrogatorcm,
630 5119 849 5177 circumscribere
874 5137 925 5193 pro

131 5187 342 5246 circumducere
353 5198 381 5244 et
406 5189 569 5246 oblitterare
595 5193 722 5261 frequens
733 5193 927 5260 jureconsultis

129 5267 156 5314 et
170 5260 326 5317 auctoribus
341 5261 445 5317 idoneis
460 5262 583 5317 terbum.
607 5260 703 5317 Cicero
730 5262 758 5316 in
782 5263 897 5320 linibus
917 5303 926 5330 ,

131 5351 143 5381 ι
167 5330 385 5402 Circumscriptis
404 5332 486 5404 igitur
511 5330 544 5385 iis
574 5331 713 5386 sententiis
750 5346 818 5403 quas
846 5334 927 5392 modo

128 5405 219 5473 posui.
238 5406 358 5460 »husu

165 5475 221 5546 (85)
236 5478 270 5531 tt
285 5477 347 5547 ipsu
363 5474 591 5545 transfunctoria
600 5477 751 5546 precepto.
763 5475 929 5534 Transfuuc·

129 5549 198 5603 toria
226 5558 304 5602 uocat
326 5543 523 5617 perfunctoria.
545 5544 592 5599 Est
616 5553 708 5601 autem
735 5547 928 5617 jureconsultis

128 5615 338 5690 perfunctorium
355 5615 428 5694 quod
454 5616 585 5679 leticum
610 5615 639 5674 fit
661 5625 688 5677 et
708 5618 779 5675 aliud
809 5621 927 5697 agendo,

984 5049 1050 5105 dum
1074 5049 1197 5108 uidelicet
1221 5067 1276 5109 non
1293 5067 1422 5111 curamus
1448 5063 1478 5112 ιιι
1501 5055 1602 5128 aliquid
1627 5057 1697 5113 bene
1723 5052 1803 5125 fiat,'

980 5120 1027 5176 sed
1044 5130 1148 5178 tantum
1162 5131 1191 5178 ut
1206 5125 1252 5179 fiat
1267 5143 1273 5180 :
1295 5127 1357 5184 inde
1368 5129 1565 5198 perfunctorie
1579 5127 1739 5186 adverbium
1755 5131 1785 5188 in

979 5191 1073 5249 crebro
1088 5210 1139 5250 usu
1154 5196 1224 5268 apud
1240 5196 1313 5254 illos.
1327 5199 1419 5254 liasrr.

1016 5264 1074 5336 (86)
1090 5267 1249 5340 Voluptates
1259 5269 1602 5341 circiturentisdlurorem
1614 5272 1786 5328 etiusaniam

982 5335 1064 5390 tribui
1087 5337 1159 5393 circo
1178 5347 1285 5396 veteres
1299 5341 1383 5396 ferme
1401 5357 1497 5398 omnes
1517 5343 1625 5400 docent.
1645 5345 1785 5417 Augusti·

981 5422 1035 5462 nus
1058 5408 1106 5463 lib.
1126 5425 1146 5464 ιι
1167 5409 1201 5467 de
1216 5411 1341 5485 Symbola
1358 5413 1395 5468 od
1418 5416 1657 5472 catechumenos:
1681 5413 1785 5483 «Quid

982 5478 1097 5535 delectat
1112 5480 1140 5536 in
1155 5487 1250 5538 circo?
1274 5484 1382 5556 aurigas
1404 5484 1496 5542 sidere
1517 5495 1672 5542 certantes:
1690 5501 1784 5558 popu·

982 5549 1025 5606 los
1040 5552 1151 5625 insania,
1173 5554 1244 5609 furfa
1266 5554 1472 5613 anhelantesi»
1493 5559 1524 5614 B.
1544 5558 1725 5629 Hieronymus
1748 5559 1785 5616 ad

983 5622 1136 5681 Marcellum
1153 5640 1160 5684 ι
1179 5627 1276 5685 Circus
1290 5627 1429 5687 insaniat.
1440 5628 1472 5685 B.
1486 5629 1639 5704 Gregorius
1652 5629 1782 5694 Naziaoz.
