3840 6134
142 287 212 348 1337

541 320 546 337 .
565 273 735 343 ΑΡΡΕΝΒΙΧ
751 274 783 342 i.
796 309 832 325 -
854 279 886 340 ll.
907 279 1097 346 mailliaci
1110 278 1233 342 THOMAE
1251 279 1375 342 AONOT.

1717 279 1788 342 1338

138 413 211 470 circa
224 411 300 467 initia
313 412 431 470 duorum
445 411 597 470 altitudinis
611 408 701 466 cenni
720 408 747 474 l,
762 406 825 480 plns
844 407 934 464 minus
948 411 975 504 st
989 406 1206 473 commendavit,
1229 403 1348 463 narratio
1369 405 1467 464 habet:
1485 405 1537 463 «Si
1560 423 1680 480 unquam
1709 407 1786 481 ignes

137 519 188 577 pro
204 503 326 559 locorum
340 502 504 560 diversitate.
522 522 534 552 s

173 591 226 648 Sed
240 598 350 662 praestat
365 598 445 648 totam
473 594 541 647 banc
563 588 769 658 enarrationem,
784 589 868 643 multa
882 589 933 644 alia

137 682 190 736 hnc
215 680 375 752 pertinentia
398 680 528 751 prolixius
551 687 740 750 exponentem,
766 676 839 749 apud
865 679 931 733 ilir-

137 770 255 828 cbernm
273 768 387 826 ΙΜθ
403 769 554 840 perlegere,
570 766 655 838 quod,
666 768 797 838 spondeo,
810 779 863 859 nen
875 768 934 822 sine

137 858 229 927 animi,
244 858 341 932 siquis
356 859 383 913 in
398 867 424 914 te
438 858 499 929 pius
513 864 562 922 est,
578 865 694 911 tremore
709 852 800 922 iacies,
817 855 934 911 maxime

138 955 237 1014 antem,
258 947 281 1002 si
301 958 356 1004 tum
380 946 453 1003 Pauli
473 944 609 1011 Bucconii,
630 943 718 1002 Siculi
740 943 934 1011 Panormitani,

137 1044 192 1091 turn
209 1035 278 1090 Petri
293 1035 431 1103 llicbonii,
447 1044 495 1093 ant
510 1042 612 1095 mutato
629 1034 736 1090 nomine
756 1033 826 1090 ιιι).
843 1033 931 1088 Βιιι-

136 1126 238 1192 ιιιιιιι,
255 1125 389 1199 Epistolas
412 1127 445 1181 de
468 1125 563 1182 eodem
582 1123 628 1182 illo
644 1123 769 1185 incendio
785 1122 934 1192 conjunxe-

136 1212 183 1269 ris.
203 1212 271 1268 'l'nm
287 1212 440 1269 enimvero
456 1212 629 1267 Mantuanum
650 1218 749 1276 vatem,
771 1224 826 1266 non
847 1216 933 1265 oestro

135 1302 219 1360 nimio
243 1304 385 1374 percitum,
412 1302 531 1360 terribile
547 1317 627 1358 snum
649 1301 683 1356 de
702 1302 753 1357 bec
772 1307 862 1357 monte
876 1315 934 1357 ear·

135 1409 207 1460 men,
222 1393 332 1452 AEnct'd.
349 1392 396 1452 lib.
412 1408 452 1459 nr,
469 1391 599 1448 eilndisse
615 1388 761 1447 fateberis:

199 1554 258 1569 ......
276 1517 400 1567 horrificis
417 1523 489 1567 tonat
503 1514 578 1565 AEtna
594 1514 684 1576 ruinis,

198 1581 375 1643 interdumque
387 1579 464 1630 etiam
479 1578 621 1643 prorumpit
641 1578 668 1628 in
699 1577 798 1627 aethere
826 1575 931 1634 nubem,

195 1644 306 1715 Turbine
316 1643 453 1693 fumantem
463 1642 550 1755 Χίοιο,
565 1649 589 1689 ιι
605 1638 840 1711 ιιιιιιιιίιιιιιι,
903 1699 908 1708 ,

196 1706 342 1769 Attollrtqne
358 1705 446 1768 globos
483 1716 633 1761 ammarum,
662 1711 686 1752 et
719 1701 811 1772 sidera·
830 1698 930 1750 lambit.

197 1767 324 1818 Interdum
338 1767 466 1829 scopulos,
476 1765 619 1828 avulsaque
630 1765 727 1814 trisemo
736 1771 828 1813 montis

196 1830 274 1892 Erigit
320 1837 445 1901 eructans,
476 1827 649 1938 liqueiatagne
682 1840 746 1877 saxa
774 1824 822 1874 sub
850 1837 929 1897 auras

194 1892 256 1941 Cum
272 1899 364 1956 gemitu
394 1891 524 1953 glomerat,
553 1889 598 1939 iun
616 1902 682 1953 oque
712 1893 836 1938 exaestuat
865 1900 930 1936 amo.

168 2011 201 2066 Et
220 2019 308 2066 tamen
332 2008 369 2064 illi
397 2007 506 2065 nonnisi
528 2008 584 2064 rivi
611 2012 688 2064 erant
711 2003 828 2061 fornacis
848 2004 931 2072 hujus

136 2100 327 2166 subterraneae,
350 2098 481 2153 immensa
505 2097 531 2155 vi
547 2095 749 2169 liquefacturum
765 2092 931 2149 mineralium

133 2188 252 2260 repletae.
268 2187 338 2255 Quid
351 2194 453 2258 autern,
469 2186 492 2243 si
507 2185 573 2240 aiios
596 2199 705 2257 quoqne
724 2183 931 2255 montesilicae

130 2292 186 2333 non
211 2278 299 2332 minus
328 2274 491 2347 quandoque
520 2273 651 2345 terribles,
675 2270 855 2341 adjunxeris?
869 2271 929 2329 Non

129 2365 190 2421 dico
211 2366 357 2422 Vesuvium
376 2363 538 2434 Campaniae,
561 2362 609 2418 sed
623 2362 807 2433 Strongylom
821 2366 848 2417 et
866 2361 930 2418 Vol·

130 2471 235 2512 conum
259 2455 288 2519 ip
315 2452 412 2509 insulis
443 2453 627 2524 liparitonis,
656 2458 683 2507 et
710 2460 840 2520 preterea
862 2448 930 2507 alios

129 2545 262 2614 eiusmodi
282 2542 425 2598 fulmineos
439 2549 543 2597 montes
558 2541 584 2594 in
603 2540 726 2597 Teneris
741 2547 769 2595 et
786 2540 927 2608 donariis,

131 2633 211 2688 maris
234 2631 361 2689 Atlantici
383 2631 489 2696 insulis,
506 2628 662 2685 innumeros
681 2628 760 2700 alios,
776 2631 799 2684 si
814 2629 929 2701 deniqne

130 2722 231 2780 ultimae
245 2722 379 2790 islandiae,
394 2719 471 2793 quasi
482 2718 540 2789 ipsa
557 2719 646 2792 glacie
660 2725 804 2788 concretae,
819 2717 928 2775 terribi-

130 2812 184 2867 lem
199 2810 273 2867 illum
288 2811 401 2868 ileclcm
417 2808 591 2868 evocaveris?
607 2814 707 2877 quanta
721 2805 809 2862 eredis
824 2804 928 2879 ignium

131 2900 309 2958 immensitate
342 2915 412 2970 opns
439 2912 500 2953 esse
527 2894 561 2951 ad
598 2893 709 2952 totidem
739 2893 928 2965 capacissimos

130 2989 251 3047 fornaces
283 2986 497 3052 inflammandas,
524 3000 591 3056 quas
615 2985 638 3040 si
666 2998 762 3040 ornnes
788 2984 817 3039 in
844 2999 927 3039 unum

990 496 1031 553 illi
1045 495 1206 554 conclusiin
1221 505 1298 552 terrae
1317 495 1464 554 visceribus
1488 496 1541 554 vim
1561 512 1638 552 suam
1661 511 1786 553 exercue-

990 595 1062 657 rnnt,
1079 597 1136 643 tum
1147 588 1272 656 maxime,
1287 587 1394 658 quando
1419 603 1488 643 anno
1505 591 1585 656 ibbo,
1600 585 1644 643 die
1659 589 1695 642 at
1710 589 1784 659 Sept.

989 693 1075 750 usqne
1099 678 1132 733 ad
1156 681 1171 732 9
1193 675 1291 732 Octob.
1307 683 1346 730 tot
1360 675 1513 751 ingentibus
1528 684 1555 731 et
1570 684 1623 732 tam
1639 675 1785 749 frequenti·

988 766 1041 821 bns
1068 775 1147 823 terrae
1174 766 1293 822 motibus
1316 761 1432 821 insulam
1455 764 1528 821 illam
1552 788 1563 816 ι
1592 765 1785 833 (Santerininm

989 853 1048 923 init,
1065 872 1080 910 a
1095 856 1124 911 S.
1139 855 1219 911 lrena
1240 853 1274 911 V.
1297 860 1325 908 et
1348 853 1384 910 ld.
1409 854 1490 923 cnjus
1511 854 1615 910 nomini
1637 870 1713 911 sacra
1733 861 1784 922 est,

988 945 1027 999 sic
1041 944 1123 1010 dicta)
1138 964 1152 998 ι
1168 955 1372 1014 concusserunt,
1396 954 1424 1001 ιι
1448 943 1661 1009 Santerinenscs,
1682 943 1786 998 ruinam

987 1032 1137 1104 proximam
1153 1033 1204 1089 sibi
1226 1043 1385 1103 metuentes,
1410 1033 1455 1088 diu
1479 1039 1614 1103 noctuque
1639 1031 1692 1087 aris
1716 1048 1785 1103 sup·

988 1121 1072 1192 plicas
1085 1123 1298 1182 advolverentur.
1322 1126 1358 1180 nt
1376 1139 1425 1180 nec
1449 1121 1512 1193 dici,
1528 1137 1578 1177 nee
1595 1120 1723 1192 explicari
1738 1135 1786 1190 po·

988 1217 1060 1280 test,
1084 1218 1201 1284 quantus
1225 1215 1304 1268 timor
1327 1228 1420 1268 omnes
1442 1209 1588 1277 invaserit,
1613 1226 1674 1266 cnm
1699 1209 1785 1280 ruptis

988 1299 1112 1357 obicibus
1129 1301 1253 1359 victrices
1267 1302 1320 1358 illae
1345 1302 1460 1357 flammae
1480 1299 1551 1356 viam
1566 1298 1618 1355 sibi
1633 1298 1722 1355 faeere
1736 1317 1785 1371 per

987 1390 1091 1446 medias
1115 1389 1232 1460 aequoris
1255 1391 1341 1447 undas
1362 1389 1558 1446 contenderunt
1572 1389 1589 1443 ι
1601 1387 1708 1444 circiter
1726 1388 1786 1443 mil·

987 1477 1097 1534 liaribus
1112 1477 1198 1534 Italic.
1220 1478 1254 1532 ab
1276 1479 1362 1534 insula
1378 1476 1563 1534 Santerinensi
1577 1492 1674 1534 versus
1688 1476 1787 1532 Orien-

988 1573 1056 1637 tem,
1072 1566 1209 1639 siqnidem
1232 1575 1344 1638 repente
1369 1581 1442 1622 mare
1464 1564 1591 1623 intumuit
1613 1566 1647 1622 ad
1671 1568 1705 1621 3⁰
1725 1582 1786 1621 snr-

987 1669 1048 1710 snm
1063 1655 1179 1722 cubitos,
1195 1655 1299 1729 lateque
1312 1671 1359 1727 per
1372 1655 1475 1713 vicinas
1500 1664 1584 1711 terras
1598 1670 1627 1710 se
1640 1654 1787 1711 extendens

947 1746 970 1829 fl
987 1742 1068 1800 obvia
1081 1759 1196 1815 qnaeque
1209 1744 1301 1811 vertit,
1315 1745 1385 1800 adeo
1399 1753 1428 1800 nt
1442 1742 1470 1798 in
1485 1743 1545 1813 ipso
1560 1743 1673 1799 Candiae
1693 1751 1784 1816 portu,

987 1831 1034 1903 qui
1059 1840 1148 1888 ιιιιιι
1171 1836 1205 1887 80
1227 1832 1337 1890 milliar.
1362 1831 1425 1887 inde
1450 1832 1541 1902 distat,
1565 1839 1593 1888 et
1616 1831 1739 1890 triremes
1760 1839 1788 1888 et

986 1937 1069 1978 naves
1085 1922 1223 1993 repentino
1248 1922 1349 1995 impetn
1371 1922 1547 1996 confregerit.
1570 1924 1625 1978 Aer
1648 1936 1713 1978 vero
1736 1938 1786 1978 va-

986 2010 1099 2082 poribus
1114 2009 1168 2065 illis
1181 2011 1387 2067 maleolentibns
1400 2022 1428 2067 et
1441 2009 1595 2080 sulphureis
1612 2008 1738 2080 inlectus,
1757 2018 1787 2068 et

985 2098 1218 2165 obtenebrescere,
1235 2106 1263 2155 et
1278 2099 1430 2156 innumeras
1451 2099 1552 2155 iormas
1566 2099 1646 2170 coepit
1661 2097 1785 2156 induere.

985 2187 1054 2244 Hinc
1068 2188 1177 2244 lanceas
1204 2189 1298 2263 igneas
1323 2199 1351 2244 et
1370 2204 1448 2245 enses
1471 2187 1667 2246 flammivomos
1682 2186 1784 2245 aaut

984 2277 1094 2345 vibrari,
1117 2276 1171 2335 illic
1193 2285 1366 2334 coruscantes
1389 2277 1501 2351 sagittas
1523 2277 1618 2345 emitti,
1635 2276 1697 2333 binc
1711 2277 1787 2335 velut

984 2366 1121 2422 terribiles
1141 2375 1280 2439 serpentes
1304 2377 1332 2423 ιι
1354 2367 1487 2424 dracones
1508 2367 1627 2437 volitare,
1644 2367 1716 2424 illinc
1728 2366 1783 2424 inl·

982 2454 1056 2509 mina
1078 2462 1105 2510 et
1128 2455 1236 2527 fulgura
1249 2455 1324 2522 cieri,
1344 2475 1355 2505 r
1371 2463 1438 2526 ete„
1453 2462 1505 2513 etc.
1531 2476 1543 2507 ι
1559 2457 1670 2511 Tantam
1684 2462 1784 2527 ιιιιιι,

985 2543 1084 2618 pergit,
1100 2544 1239 2615 pumicum
1253 2543 1308 2599 rim
1323 2544 1403 2619 ignea
1426 2544 1471 2601 illa
1493 2558 1595 2618 vorago
1608 2543 1739 2614 evomuit,
1755 2552 1786 2602 nt

985 2638 1069 2688 totam
1100 2632 1190 2703 pelagi
1220 2631 1391 2703 superficiem
1422 2639 1607 2703 contegerent.
1642 2631 1785 2702 Smyrnam
1878 2702 1884 2710 J

985 2735 1070 2792 usqne
1095 2727 1122 2775 et
1145 2719 1236 2775 CPlim
1267 2717 1373 2775 delatos
1397 2717 1499 2789 inisse,
1523 2716 1666 2790 littoraque
1693 2720 1784 2774 omnia

984 2807 1162 2880 complevisse
1194 2809 1377 2865 certissimum
1402 2817 1453 2863 est.
1480 2806 1641 2863 visentem
1666 2805 1781 2862 incendii

985 2896 1080 2968 primis
1099 2896 1204 2954 duobus
1228 2894 1365 2953 mensibus
1389 2903 1446 2952 erat
1469 2893 1599 2966 maxima,
1615 2893 1783 2967 quandoqui-

986 2983 1048 3039 dem
1066 2991 1093 3040 ιι
1111 2983 1207 3041 bullire
1232 2983 1349 3043 vicinum
1372 2999 1445 3039 mare
1467 2983 1552 3039 instar
1574 2981 1704 3039 ferventis
1718 2981 1780 3038 ollae

128 3078 314 3149 conjunxeris,
339 3077 404 3151 quid
429 3075 503 3132 alind
525 3078 652 3142 AEtnom,
675 3072 742 3146 qnid
771 3074 929 3142 Vmbriam,
946 3067 969 3148 c
985 3072 1143 3140 videbatur,
1176 3081 1203 3128 ιι
1229 3074 1277 3130 diu
1304 3081 1437 3146 noctuque
1465 3073 1589 3146 ingentes
1616 3071 1783 3126 flammarum

129 3183 210 3239 quam
223 3166 294 3224 illins
317 3166 391 3238 ignei
412 3164 517 3235 oceani,
537 3164 565 3219 in
587 3163 763 3222 abditioribus
782 3169 863 3220 terrm
881 3179 927 3219 re·
984 3161 1058 3236 globi
1073 3161 1191 3235 inmique
1208 3161 1360 3218 densissimi
1374 3161 1559 3236 emergebant,
1575 3169 1641 3230 etc,
1656 3167 1735 3217 etc.»

129 3257 253 3314 cassibus
280 3256 437 3328 intimisque
465 3251 748 3322 visceribnslurentis,
772 3253 928 3324 fumariola
1019 3250 1091 3319 Quid
1104 3252 1193 3310 vero?
1208 3268 1241 3308 au
1255 3251 1478 3309 dissimulandam
1491 3259 1581 3324 putem
1594 3250 1782 3323 catastrophen

129 3345 253 3402 dixeris?
267 3344 373 3416 Quanta
393 3351 482 3400 antem
501 3346 568 3413 jam,
583 3344 707 3412 obsecro,
723 3348 797 3398 tauta
820 3348 928 3413 nmque
983 3344 1105 3409 alteram,
1122 3341 1203 3413 priori
1217 3342 1343 3411 similem,
1366 3342 1420 3398 imo
1444 3343 1565 3399 omnium
1588 3343 1673 3398 multo
1691 3347 1783 3398 trucu-

130 3435 263 3490 immensa
275 3434 469 3499 metallorum,
480 3431 747 3503 mineroiiamiqnae
761 3429 928 3504 singulaper
982 3431 1170 3499 lentissimum,
1194 3447 1275 3504 quam
1299 3429 1423 3488 Oceanus
1439 3432 1508 3503 ipse,
1528 3446 1582 3502 qna
1595 3430 1696 3486 insmas
1710 3429 1782 3488 Aso-

130 3535 192 3576 sese
206 3536 336 3578 summum
359 3521 476 3577 calorem
499 3519 616 3576 excitare
636 3520 734 3584 solent,
760 3517 928 3590 aliarumque
982 3537 1027 3578 ras
1050 3520 1188 3594 interfluit,
1210 3521 1295 3593 priori
1319 3522 1419 3578 saeeulo
1442 3519 1613 3592 praebuerat‘l
1635 3519 1677 3575 En
1699 3517 1782 3592 igitur

129 3607 356 3665 combustibilinm
379 3607 562 3677 materiarum,
582 3608 653 3664 velut
667 3607 694 3661 in
715 3622 798 3662 unam
812 3621 929 3664 massam
981 3625 1077 3666 rursus
1101 3609 1188 3684 ipsius
1214 3609 1338 3666 Kircheri
1357 3609 1377 3669 l.
1392 3610 1426 3665 ll.
1442 3611 1479 3665 ll.
1502 3610 1531 3666 S.
1556 3608 1621 3680 Cap.
1645 3605 1780 3682 lilifii,

129 3704 345 3755 coaceruatarum
366 3697 419 3764 vis,
443 3705 560 3769 quantus
587 3696 673 3765 iuror,
698 3702 819 3766 actusque
847 3695 929 3765 bajus
981 3698 1086 3755 verba:
1115 3718 1126 3751 r
1151 3700 1174 3754 Α
1199 3697 1262 3756 Pico
1287 3697 1380 3772 (vulgo
1403 3697 1467 3754 Pico
1490 3696 1561 3754 della
1585 3695 1738 3768 Camerina)
1764 3698 1781 3750 6

128 3787 223 3843 oceani
252 3787 329 3844 erati
357 3786 501 3858 qnantibns
533 3786 619 3859 (quod
648 3785 812 3857 stupendum
826 3800 892 3841 sane
907 3785 928 3856 l)
982 3787 1143 3844 milliaribus
1157 3786 1269 3843 dissitus
1283 3797 1325 3843 ιιι
1338 3787 1426 3857 ιοιιι,
1442 3785 1531 3843 dictus
1555 3787 1580 3843 la
1603 3783 1735 3850 Ferrcria,
1752 3781 1782 3838 in

129 3876 202 3948 apud
223 3878 324 3934 multos
347 3885 500 3950 peccatores
520 3875 642 3946 eiusdem
671 3876 750 3931 timor
779 3876 838 3932 estl
861 3875 929 3931 Vide
981 3881 1060 3949 cnjus
1085 3876 1185 3935 Oceani
1212 3876 1343 3935 destricta
1378 3876 1423 3933 die
1457 3877 1566 3933 Sabbati
1594 3873 1693 3932 mensis
1718 3872 1783 3929 lulli

128 3973 230 4035 antem,
246 3965 311 4037 qnid
324 3967 394 4038 apud
419 3964 605 4023 miserosillos
627 3964 815 4022 Cotoncenser
834 3964 929 4021 mortis
982 3980 1053 4023 anno
1079 3970 1146 4024 1638
1171 3966 1328 4041 igniacum
1352 3975 1408 4023 tam
1432 3964 1611 4038 inexplicabili
1635 3961 1781 4032 violentia,

128 4054 260 4112 duntaxat
270 4056 424 4127 temporalis
441 4068 525 4111 nictus
546 4052 679 4125 potnerit!
699 4053 865 4110 «Planctus
880 4053 928 4125 (ita
981 4057 1174 4112 nonobstante
1195 4056 1259 4112 dicti
1283 4056 1334 4113 loci
1359 4055 1460 4114 Oceani
1476 4059 1527 4112 120
1543 4055 1622 4128 pedd.
1646 4060 1780 4127 geometr.

127 4144 202 4201 enim
216 4145 354 4201 historiam
378 4160 456 4201 suam
483 4141 652 4215 prosequitur
670 4140 855 4214 Squillaeina),
871 4141 928 4198 dis·
982 4143 1195 4214 apiseatoribns
1217 4144 1330 4200 antebac
1354 4144 1453 4215 saepius
1477 4144 1615 4214 explorata
1637 4140 1782 4213 profundi·
1835 4126 1839 4135 ’

127 4230 927 4308 cipiinmorutiones,precessionca,jejunt'o,abstinentia,
981 4236 1047 4301 tate,
1063 4231 1162 4302 erupit,
1178 4239 1207 4286 nt
1220 4232 1253 4287 ad
1268 4238 1372 4287 tantum
1387 4230 1614 4304 exstinguendum
1627 4229 1782 4287 incendium

127 4327 317 4398 sepontinum
338 4326 372 4382 ιιι
387 4326 533 4390 berorum,
555 4322 583 4377 in
603 4321 685 4377 nullia
699 4319 818 4376 ecelesiis
831 4335 925 4374 cessa-
981 4337 1015 4377 ιι
1036 4320 1160 4379 Oceanus
1178 4320 1289 4393 quidem
1313 4319 1457 4377 sufficeret.
1475 4319 1609 4392 Spatium,
1624 4320 1697 4393 qnod
1710 4320 1781 4395 ignis

127 4414 202 4486 bant,
228 4422 384 4487 tantumque
406 4413 528 4470 dolorem
552 4411 726 4482 ingerebant,
749 4417 778 4464 nt
802 4425 865 4466 saxa
888 4409 926 4465 la·
981 4409 1114 4468 ebulliens
1129 4409 1286 4480 occupabat,
1309 4418 1411 4465 mntem
1426 4417 1491 4476 erat,
1508 4417 1638 4481 quantum
1651 4412 1669 4464 ι
1684 4408 1782 4468 modiis

126 4507 324 4569 crymarentur.
356 4519 368 4549 s
392 4498 426 4554 Et
447 4499 504 4568 jam
529 4496 714 4553 induratorum
748 4492 926 4568 quorumdam
980 4499 1107 4556 frumenti
1132 4496 1339 4554 disseminandis
1362 4496 1522 4566 sniiiciebat,
1541 4514 1604 4555 cnm
1619 4497 1701 4555 ἰιιιι
1723 4498 1780 4557 vie·

128 4597 301 4656 peccaterum
322 4587 463 4659 plusquam
487 4602 566 4642 saxea
587 4585 671 4642 corda
688 4591 836 4658 suntque
850 4600 925 4643 mor·
980 4587 1063 4646 lentia
1075 4603 1233 4660 erumpens,
1247 4597 1288 4653 ut,
1304 4603 1362 4646 nen
1385 4588 1509 4645 obstante
1521 4588 1591 4646 dicta
1604 4589 1705 4649 Oceani
1715 4604 1781 4662 pre-

127 4674 162 4731 tis
175 4687 285 4734 aeternae
301 4675 445 4733 l'ormidine
460 4691 494 4731 ne
512 4683 715 4732 commoventur
728 4674 848 4748 qnidam.
980 4678 1124 4746 funditate,
1150 4676 1267 4736 nubibus
1280 4693 1341 4736 sese
1354 4685 1482 4752 aequaret,
1503 4678 1531 4735 in
1553 4694 1697 4749 supernam
1711 4679 1782 4737 aeris

162 4765 216 4820 Sed
231 4781 295 4822 ecce
308 4781 404 4822 rursus
423 4764 497 4820 alind
519 4764 720 4837 semunciam,
744 4771 825 4838 atque
846 4779 879 4821 ex
895 4777 927 4820 eo
981 4767 1120 4844 regionem
1144 4769 1249 4843 elatus,
1271 4779 1363 4826 evecta
1386 4783 1478 4825 secum
1500 4767 1558 4838 ipsa
1581 4784 1663 4840 aqna,
1688 4784 1779 4837 arena,

126 4867 273 4924 erumpens
294 4852 462 4920 incendium,
485 4853 530 4910 cui
549 4854 743 4929 restinguendo
766 4870 800 4911 ne
819 4851 929 4926 quidem
982 4865 1064 4926 terra,
1087 4857 1170 4927 saxis,
1194 4857 1307 4931 dasque
1328 4857 1482 4932 ingentibus
1496 4856 1625 4925 molibus,
1639 4872 1700 4928 quae
1713 4857 1781 4912 erni·

126 4942 254 5000 Oceanus
268 4944 326 5017 ipse
341 4959 389 5016 par
404 4944 501 5000 inerat.
524 4942 678 5001 incredibili
693 4943 756 4998 hinc
775 4940 928 5012 spectaculo
982 4963 1034 5003 ιιι
1058 4947 1146 5015 (triste
1169 4946 1334 5003 intuentibus
1359 4946 1570 5019 spectaculnml)
1591 4946 1783 5018 comparebant

126 5031 270 5088 maximam
287 5046 374 5091 tamen
388 5032 471 5089 iidem
489 5032 551 5089 lacit
565 5034 595 5087 P.
612 5032 772 5089 Ricciardus
788 5031 816 5088 S.
833 5032 857 5087 J.
876 5031 925 5105 qni
982 5033 1127 5090 iloccornm
1157 5035 1192 5088 ad
1223 5034 1306 5089 instar
1334 5035 1534 5109 gossipiornm3
1563 5036 1592 5092 in
1619 5053 1694 5094 mara
1717 5052 1783 5095 vere

127 5129 156 5176 ut
172 5121 318 5181 Kircherus
333 5124 352 5178 l.
368 5140 395 5177 rr
412 5123 505 5179 Hand.
530 5126 649 5189 subter„
669 5120 696 5175 in
711 5121 768 5178 ιιι
786 5121 867 5177 verba
887 5128 929 5177 te·
983 5137 1092 5179 reversa
1105 5122 1217 5179 materia
1231 5121 1373 5196 liquefacta
1388 5118 1474 5195 pultis
1487 5140 1542 5195 prae
1556 5139 1587 5180 se
1599 5125 1701 5182 ferebat
1714 5140 1780 5197 spe·

126 5219 235 5269 etaim:
255 5234 266 5264 ι
284 5214 410 5269 Praesens
423 5214 516 5268 omnia
530 5213 617 5270 oeulis
641 5210 698 5268 suis
712 5210 788 5276 vidit,
803 5219 830 5268 et
844 5211 929 5267 Roma
982 5210 1061 5267 ciem.
1093 5212 1214 5268 Subinde
1237 5212 1306 5270 adeo
1329 5211 1471 5270 immensae
1499 5213 1693 5288 magnitudinis
1718 5230 1781 5270 saxa

125 5299 211 5355 totius
226 5299 264 5356 rei
287 5309 415 5358 eventum
439 5301 504 5356 mibi
528 5308 676 5357 oretenus
700 5299 869 5372 postmodum
885 5316 928 5357 re·
982 5299 1010 5357 in
1038 5304 1054 5356 3
1081 5300 1236 5358 lancearum
1264 5302 1432 5360 altitudinem
1462 5303 1617 5375 projiciebat
1645 5301 1782 5359 saevientia
1808 5308 1810 5311 ’

127 5386 198 5455 tulit,
222 5392 250 5447 et
274 5389 377 5461 scripto
399 5390 554 5447 testimonio
578 5388 728 5461 posteritati
753 5397 846 5446 notum
869 5399 929 5445 essa
981 5399 1086 5450 naturae
1100 5390 1152 5462 vis,
1176 5401 1205 5448 ιι
1226 5407 1281 5447 ιιι
1300 5408 1376 5464 saxa,
1391 5393 1440 5450 sed
1455 5401 1559 5449 montes
1573 5391 1695 5465 integros
1708 5393 1781 5462 eiec-

124 5477 224 5533 voluit.
248 5478 313 5534 »lta
333 5495 398 5538 vero
421 5480 452 5536 P.
475 5477 619 5545 ιιιιιιιιιι,
640 5487 669 5536 ιι
691 5495 751 5536 eam
774 5478 927 5536 laudatissi·
983 5490 1025 5540 tos
1039 5481 1154 5539 diceres.
1178 5481 1334 5539 Accedebat
1357 5482 1391 5539 ad
1415 5484 1555 5538 horrorem
1569 5479 1608 5549 id,
1624 5480 1697 5553 quod
1712 5481 1780 5538 reci·

126 5581 191 5622 rens
218 5566 367 5625 llircberns
395 5585 446 5628 suo
474 5568 576 5627 calamo
604 5569 767 5643 posteritatis
795 5568 932 5631 memoriae
979 5571 1084 5643 denes,
1105 5571 1133 5632 in
1156 5571 1240 5630 altum
1254 5570 1368 5648 prejecti
1389 5572 1463 5631 saxei
1487 5577 1605 5644 montes
1623 5569 1653 5630 in
1671 5569 1780 5644 elios,e
