3840 6134
131 285 196 350 1331
660 279 705 340 ΑΒ
724 275 869 341 catulla
887 273 1112 339 marchtall
1130 268 1239 334 orant
1705 257 1778 319 retr

130 413 231 471 fascem
245 411 375 487 colligati,
401 411 444 468 cui
465 411 569 470 semeis
583 407 666 464 infixa
688 413 756 472 erat,
777 404 839 460 inde
860 400 1116 489 pro-flnobiscum
1125 398 1224 472 agitur,
1235 413 1296 454 cnm
1305 396 1400 454 eadem
1410 407 1501 467 opera,
1511 385 1775 463 multoqnelsriore‚

130 503 245 560 mineus.
261 502 294 558 lli
307 517 374 576 ergo
389 501 476 558 fasces
495 500 613 574 insignia
635 494 851 569 magistratibus
865 508 926 547 ma·
977 499 1004 549 et
1017 489 1181 558 satisfacere,
1197 496 1224 544 et
1238 487 1317 544 nobis
1331 485 1411 543 simul
1424 481 1552 540 toenerari
1561 477 1702 550 possimus
1718 491 1775 548 gra·

127 593 235 664 joribus
253 592 309 647 dati
326 599 399 658 sunt,
420 592 520 664 quibus
540 588 697 645 eorumdem
718 587 843 658 potestur
865 580 926 638 ritae
978 580 1053 651 dam,
1077 595 1188 652 regnum
1220 578 1342 646 coelcste,
1362 583 1389 630 et
1420 573 1533 646 gloriam
1562 567 1772 640 sempiternam.

131 692 157 738 et
173 683 247 740 necis
261 698 310 752 per
323 683 456 747 securim,
480 679 607 736 leriomm
621 676 776 740 criminum,
792 680 820 728 et
842 671 927 741 flagra
980 692 991 723 ι
1012 672 1082 726 Eant
1095 686 1168 726 nnnc
1189 670 1363 741 magistratus
1377 665 1428 735 (sic
1450 679 1512 719 cum
1538 661 1569 715 S.
1593 655 1737 728 cypriano
1753 654 1780 707 in

107 772 351 828 -oommeritorum
371 786 418 842 per
437 771 531 842 virgus
554 765 695 839 castigatio
716 760 926 834 significabatur.
978 760 1058 832 alleg.
1073 762 1126 831 Ep.
1150 760 1183 815 ad
1211 759 1309 815 Donat.
1333 755 1485 826 concludo),
1509 760 1538 807 et
1560 747 1705 812 consules,
1726 744 1780 801 siue

131 861 294 917 Consulibus
320 870 407 915 autem
434 873 496 914 oum
516 858 542 911 in
562 854 700 928 publicum
724 849 926 925 procedendum
978 849 1156 922 proconsules
1181 867 1188 904 ι
1211 862 1307 903 annuae
1340 844 1477 920 dignitatis
1507 839 1665 911 insignibus
1696 838 1778 891 etit

131 949 199 1023 ipsis
212 958 279 1015 erat,
293 951 383 1021 forces
397 964 460 1004 cum
473 946 642 1005 securitura
656 941 767 999 totidem
783 937 925 996 lictoribus
978 936 1098 994 fascibus
1111 937 1272 1009 glorientur.
1297 956 1308 984 ι

132 1038 354 1108 praeferebantur,
371 1051 451 1107 porro
466 1052 527 1092 cum
542 1035 579 1090 illi
593 1036 638 1105 jus
661 1033 689 1087 in
713 1031 771 1088 foro
794 1028 926 1090 dicerent,
1013 1028 1131 1085 Proeero
1146 1026 1226 1100 puori
1239 1027 1311 1097 sune
1325 1026 1453 1079 nectunt.
1469 1019 1550 1075 Forte
1565 1015 1639 1073 illud
1654 1016 1738 1070 Pror.
1751 1030 1778 1077 v,

132 1142 204 1198 pone
227 1127 393 1183 obstantibus
419 1145 425 1180 :
449 1140 503 1198 quo
530 1138 607 1179 more
632 1122 717 1194 prima
736 1118 856 1176 creditur
877 1129 927 1171 usa
979 1118 1013 1171 22
1024 1117 1074 1186 (l),
1086 1115 1215 1188 respicit:
1229 1115 1397 1187 iniquitates
1408 1128 1468 1169 sure
1478 1111 1595 1182 raptem
1605 1106 1741 1177 implum,
1754 1106 1781 1163 ct

132 1215 216 1272 fuisse
236 1217 394 1284 Vetulonia,
409 1213 542 1271 Hetmriae
556 1213 660 1279 civius,
674 1212 707 1266 de
722 1224 775 1282 qna
787 1207 852 1264 Silv.
868 1206 927 1262 ital.
979 1205 1097 1277 fundus
1108 1208 1290 1278 peecatorum
1303 1218 1418 1260 auorum
1433 1198 1653 1270 constringitur.
1673 1190 1782 1249 Proceri

131 1305 152 1360 l.
168 1321 240 1362 rur:
979 1309 1043 1349 sanc
1068 1295 1095 1349 hi
1118 1292 1198 1351 funes
1221 1303 1284 1349 sunt
1303 1301 1330 1349 et
1362 1291 1404 1348 rix
1425 1292 1481 1361 jam
1512 1287 1634 1360 amplius
1659 1283 1781 1338 disrum-

224 1412 386 1476 naeniaque
402 1411 479 1462 decus
498 1409 626 1476 quondam
642 1406 776 1458 Vetulonia
788 1406 877 1468 gentis,
979 1382 1071 1456 pendi·
1099 1382 1321 1439 ‘Ellffissflilie
1352 1393 1480 1453 pellem
1503 1377 1553 1450 (ait
1593 1379 1710 1430 ⁸³⁰⁰¹¹¹⁸
1724 1371 1780 1427 3¹¹·

225 1475 344 1526 Btrrenoe
361 1474 509 1588 haeigrima
523 1473 592 1523 demo
605 1471 744 1535 ltaecedire
758 1470 851 1530 filim,
980 1471 1115 1544 gostinus,
1131 1472 1149 1526 l.
1161 1487 1210 1527 ern
1226 1472 1307 1542 Cous.
1321 1485 1347 1525 c.
1363 1472 1390 1539 5,
1402 1466 1512 1541 proprio
1522 1462 1717 1537 experimento
1727 1459 1781 1515 baee

227 1538 258 1588 Et
271 1539 357 1603 junxit
373 1537 419 1588 toti
439 1551 479 1587 em
495 1535 570 1587 tacito
586 1544 681 1586 terrore
694 1544 804 1584 recures.

979 1562 1060 1618 nimis
1082 1562 1273 1633 comprobans)
1288 1559 1358 1617 facta
1381 1566 1422 1614 est
1438 1556 1523 1612 libido
1550 1563 1601 1609 :ct
1615 1551 1685 1607 dnm
1700 1548 1780 1606 serri-

169 1647 362 1706 AEifml'illll't·
391 1650 485 1704 rene
509 1644 636 1700 ”illisum
663 1653 781 1709 aelffl'ssaes
803 1638 855 1694 nisi
879 1653 930 1710 l)er
981 1660 1025 1707 tur
1039 1650 1154 1718 libidini,
1171 1649 1241 1706 facta
1268 1657 1308 1705 est
1322 1645 1489 1705 cousuetudo
1506 1662 1512 1699 :
1528 1650 1556 1700 ct
1576 1643 1647 1698 dum
1666 1653 1782 1695 consue·

133 1736 320 1808 lloelliiffllilm
347 1735 375 1790 in
408 1744 530 1806 tempore
560 1730 751 1804 resipuerimus
776 1727 926 1784 addicendi·
946 1731 1067 1815 tinniat
1089 1755 1144 1795 non
1171 1738 1314 1804 resistitur,
1338 1736 1409 1793 facta
1436 1740 1478 1790 est
1508 1729 1675 1795 necessitas,
1703 1726 1781 1782 uulbs

172 1827 392 1898 Caiiitaiwllssm
412 1826 517 1883 milli·
537 1820 602 1891 0¹¹ae
624 1819 655 1877 fil
676 1834 727 1891 l)er
749 1817 930 1890 fre‘lilinum
981 1829 1074 1900 ntique
1087 1828 1212 1885 humanis
1235 1827 1350 1892 viribus,
1366 1825 1414 1882 sed
1430 1840 1478 1895 per
1497 1821 1586 1878 solam
1609 1820 1645 1874 Ι).
1665 1817 1703 1873 N.
1723 1816 1782 1871 lesu

129 1916 257 1988 t'ft'll'll‘ss·
982 1906 1219 1975 cunsti'amrnn
1232 1913 1398 1987 superanda.
1419 1931 1433 1964 s

172 2004 280 2070 Cultus,
296 2001 316 2058 i.
332 2018 357 2060 e.
372 2002 483 2059 culturae
497 2000 622 2068 vestium,
637 2015 697 2074 qnae
719 2014 767 2072 per
786 2012 879 2056 soccos
902 2000 931 2053 ct

134 2094 231 2151 gergoia
244 2100 371 2150 mmm,
1225 2060 1304 2117 Notoe
1318 2057 1354 2113 od
1369 2057 1461 2129 Caput
1478 2053 1534 2111 llll.

170 2182 228 2238 Sibi
252 2183 393 2255 “ll‘'tatli·
409 2182 450 2238 1¹⁸
483 2197 550 2256 ⁰¹80
573 2179 719 2237 Chlillilssi
739 2190 933 2250 n⁰¹¹¹¹¹¹¹¹ll¹¹l¹¹¹¹
1022 2188 1176 2254 detractos,
1191 2196 1241 2254 pro
1256 2184 1374 2250 tructas,
1388 2185 1419 2234 ut
1431 2174 1583 2248 sepissime
1602 2171 1685 2227 alias.
1700 2169 1785 2226 Mente

134 2285 202 2343 erga
216 2271 349 2341 hemines,
371 2271 468 2343 quibus
481 2287 554 2343 saepe
578 2270 651 2326 nullo
675 2268 844 2343 gratitudinis
870 2266 933 2324 viu·
984 2280 1074 2329 numm
1096 2279 1202 2335 tractat,
1218 2270 1266 2342 qui
1289 2269 1323 2325 de
1337 2273 1511 2340 peccatorum
1534 2275 1650 2319 suorum
1682 2256 1786 2315 soniis·

137 2358 211 2425 culo,
227 2360 303 2414 nullo
319 2358 437 2415 laesionis
452 2359 610 2429 reparandae
624 2357 716 2414 debito
730 2356 932 2426 adstringimur,
985 2362 1063 2417 sione
1077 2361 1187 2432 cogitat,
1200 2358 1364 2430 jamjamque
1377 2355 1494 2412 animum
1509 2369 1590 2410 suum
1610 2349 1646 2406 ad
1661 2349 1785 2404 camdem

136 2447 220 2501 multo
248 2446 423 2512 liberaliores,
453 2455 533 2519 atque
561 2446 630 2503 adeo
658 2445 776 2518 prodigi,
800 2445 827 2499 in
852 2445 933 2501 rebus
986 2450 1058 2506 serio
1073 2448 1260 2505 etefficacirer
1274 2447 1400 2518 applicat,

136 2533 239 2591 uestris
253 2535 447 2604 profundendis
460 2551 520 2592 esse
535 2535 662 2599 solemus,
684 2544 715 2591 ιιι
731 2533 830 2590 nostris
844 2534 931 2589 bene-
1025 2540 1195 2597 antennam,
1228 2536 1360 2594 gehenna
1378 2533 1502 2602 minime,
1520 2540 1551 2587 ur
1578 2528 1699 2602 quidam
1719 2532 1792 2597 pun.

136 2622 205 2680 ficiis
219 2637 273 2679 non
294 2633 346 2680 tam
370 2624 506 2690 cumulati,
531 2640 611 2695 quam
634 2626 737 2679 onerati
761 2623 847 2682 videri
873 2638 936 2694 pos·
987 2635 1059 2695 runt,
1075 2641 1173 2684 nornen
1192 2624 1315 2681 Graecum
1332 2631 1381 2691 est,
1398 2621 1447 2678 sed
1470 2618 1645 2684 Hebraicum,
1663 2616 1793 2686 idemque

138 2712 209 2777 sint;
230 2713 283 2767 imo
306 2727 357 2769 nos
380 2713 513 2770 nobismet
535 2712 604 2783 ipsis
627 2712 711 2769 nimio
735 2712 810 2768 oneri
830 2728 934 2778 sumus,
988 2733 1049 2776 cum
1077 2725 1151 2777 nun
1167 2724 1214 2776 nr}
1236 2713 1310 2786 quod
1325 2709 1461 2785 signifieat
1488 2710 1595 2767 tatem
1616 2704 1793 2771 innuenda

139 2800 933 2875 inlerimssilludChtislijttgttmsuuveelonttait‘vtfflalth.
988 2823 1040 2879 qua
1064 2808 1165 2862 Jerem,
1181 2820 1232 2870 vu,
1257 2807 1292 2858 30
1307 2807 1335 2858 et
1358 2805 1389 2858 31
1407 2799 1544 2856 habetur:
1565 2795 1795 2868 AEdifiewmnt

141 2906 183 2946 xi.
211 2892 259 2963 30)
288 2890 369 2946 nimis
397 2891 568 2962 impatienter
596 2890 722 2958 ferentes,
752 2900 798 2947 aut
824 2889 937 2946 omnino
989 2897 1102 2953 excetra
1128 2893 1238 2967 reptet,
1254 2908 1317 2966 pun
1331 2894 1373 2947 ert
1396 2891 1429 2946 in
1447 2898 1493 2949 ult
1514 2901 1608 2943 vanus
1622 2886 1685 2957 filii
1711 2886 1794 2954 (mn)

24 3049 27 3054 Ι
140 2978 330 3034 detrectantes.
345 2980 438 3052 Neque
459 2988 561 3050 antem,
577 2981 675 3052 siquis
704 2981 760 3036 Deo
775 2994 824 3052 pro
839 2978 938 3050 injuria
989 2987 1157 3057 nnnennt
1182 2982 1364 3040 incenderent
1388 2979 1464 3049 filios
1484 2993 1546 3034 suos
1570 2981 1602 3033 ct
1624 2976 1710 3045 filius
1733 2991 1795 3032 auct

140 3064 247 3123 debitor
274 3067 364 3134 fuerit,
393 3069 482 3123 cidem
510 3071 709 3138 desperandum
732 3075 783 3135 est,
809 3077 939 3141 tanquam
952 3045 976 3130 ὓ
989 3076 1118 3148 tertiato.
1133 3070 1520 3135 innocentissimorum
1535 3065 1796 3122 conducturum

140 3155 269 3212 solvendo
284 3172 338 3212 non
354 3166 435 3214 essct.
458 3158 604 3214 Enimvero
619 3179 635 3212 n
650 3158 728 3229 plura
744 3158 784 3228 (ut
798 3158 826 3214 S.
842 3158 938 3214 Anibi.
988 3165 1066 3237 plius
1084 3164 1230 3236 reportet
1243 3170 1293 3223 reru
1304 3174 1401 3215 vannis
1414 3159 1469 3230 filii
1485 3168 1545 3218 nait
1556 3171 1674 3224 sanos,
1684 3155 1736 3212 sed
1746 3155 1797 3210 ool

140 3241 159 3297 l.
182 3261 200 3300 n
219 3243 254 3302 de
280 3248 358 3302 Poeu.
387 3250 444 3303 c.9
469 3247 517 3320 ait)
546 3248 668 3327 solvendi
694 3247 776 3303 habet
803 3245 937 3313 subsidia,
992 3255 1027 3310 tte
1042 3252 1259 3324 tntnnettente,
1276 3257 1357 3305 etc«
1381 3249 1499 3302 Tradunt
1514 3255 1607 3301 autem
1626 3242 1741 3300 Hebraei
1756 3243 1796 3312 tait

139 3333 189 3405 qui
220 3335 289 3403 Deo,
322 3352 402 3406 quam
429 3335 463 3401 is,
491 3336 539 3409 qui
566 3336 669 3393 homini
697 3336 787 3392 debet.
825 3332 940 3392 128ss
991 3337 1455 3408 S.llier.inhnncipsnmterem.
1479 3333 1644 3405 textumlex
1665 3331 1796 3390 hocloco

140 3421 229 3480 llnmo
259 3425 401 3494 pecuniam
431 3439 481 3496 pro
505 3424 619 3497 pecnnia
645 3426 770 3496 reposcit,
793 3441 854 3497 quae
886 3440 941 3480 non
994 3439 1121 3490 nannum
1140 3429 1185 3499 (ge
1208 3426 1329 3495 hinnoml
1343 3425 1506 3498 appellatam
1531 3437 1715 3488 sussurrant,
1729 3412 1805 3493 qnod'

141 3527 250 3584 semper
272 3513 388 3570 debitori
411 3524 512 3586 praesto
540 3523 581 3572 est
601 3531 607 3569 :
628 3515 703 3571 Dens
728 3514 856 3571 affectum
886 3513 942 3570 exi·
992 3519 1095 3576 scilicet
1108 3517 1197 3574 omnis
1210 3515 1328 3589 populns
1340 3515 1496 3570 Judaeomm
1509 3512 1546 3569 ibi
1562 3511 1696 3583 perierit,
1711 3509 1793 3567 offen·

141 3599 194 3672 git,
227 3602 274 3672 qui
313 3603 340 3657 in
378 3611 424 3659 tua
456 3611 590 3676 potestate
628 3615 678 3661 est.
717 3603 801 3660 Nemo
840 3619 944 3675 pauper
992 3609 1061 3664 dens
1083 3609 1180 3663 Deum.
1202 3626 1214 3657 ι
1238 3604 1406 3675 Explicatius
1426 3610 1517 3659 summ
1539 3602 1566 3658 in
1596 3601 1703 3656 ltattlr.
1731 3614 1792 3656 cx

146 3697 197 3755 est,
213 3691 260 3761 qui
274 3690 332 3746 Deo
347 3690 438 3757 debet,
453 3691 508 3748 nisi
526 3692 572 3764 qni
595 3692 713 3764 seipsum
736 3708 881 3765 pauperem
900 3691 942 3749 le·
994 3705 1200 3762 commentatur,
1223 3696 1349 3768 inquiens
1379 3714 1385 3749 ·.
1417 3692 1516 3749 «Haec
1550 3690 1632 3747 vallis
1662 3698 1693 3746 et
1722 3702 1795 3760 parri

144 3776 223 3832 ecrit.
249 3779 282 3834 Et
310 3778 334 3832 si
360 3793 416 3834 non
443 3779 524 3836 habet
549 3796 611 3853 qnae
633 3781 743 3847 vendat,
774 3782 856 3837 babet
881 3796 943 3853 quae
994 3786 1084 3858 campi
1107 3785 1242 3856 planities,
1267 3784 1368 3855 irrigua
1383 3789 1452 3848 erat,
1467 3790 1494 3838 ct
1517 3795 1679 3848 nemorosa,
1709 3778 1795 3850 plena·

144 3864 244 3918 solvat.
261 3863 367 3931 Oratio,
381 3864 517 3937 lacrymae,
530 3868 643 3938 jejunia,
659 3869 788 3925 debitoris
802 3868 866 3925 boni
880 3885 944 3924 ocn-
996 3889 1049 3948 que
1077 3873 1188 3943 deliciis,
1203 3873 1333 3944 lucusque
1346 3872 1375 3926 in
1398 3887 1430 3927 ca
1443 3868 1516 3926 idolo
1531 3869 1667 3939 (Moloeis,
1685 3866 1766 3923 toties
1780 3879 1794 3919 a

146 3958 261 4017 ausast,
277 3951 416 4023 multoque
432 3955 551 4025 uberior,
566 3972 647 4027 quam
671 3957 770 4031 siquis
793 3974 826 4014 ex
849 3958 945 4030 pretiis
997 3965 1027 4020 S.
1043 3962 1179 4035 Scriptura
1192 3961 1342 4032 exsecrato)
1362 3965 1536 4016 consecratus
1550 3966 1621 4012 erat.
1647 3957 1681 4012 ln
1698 3963 1793 4013 ιιιιιιιιιι

147 4037 295 4097 fundorum
309 4042 449 4111 pecuniam
465 4043 524 4100 siue
539 4043 590 4101 fide
606 4045 717 4103 delerat.
735 4068 747 4099 ι
763 4049 855 4122 ltaque
868 4049 945 4106 nulla
999 4061 1088 4109 nutem
1127 4050 1289 4108 dementiam
1323 4049 1441 4121 populus
1473 4055 1584 4104 venerat
1618 4052 1659 4116 nt,
1697 4045 1797 4101 aanor

146 4129 301 4186 debitorum
317 4131 439 4189 conditio
452 4134 561 4202 melior,
575 4150 659 4207 quam
673 4137 773 4210 quibus
787 4139 943 4195 Decnbno·
1000 4143 1092 4214 templi
1116 4141 1214 4200 vicinia
1239 4141 1307 4209 (erat
1328 4138 1399 4193 enim
1420 4135 1496 4193 uallis
1519 4137 1578 4192 haec
1600 4135 1794 4207 Hierosolyma

147 4218 185 4275 xii
200 4235 305 4276 sumus.
324 4222 393 4284 Non,
415 4232 558 4295 propterea
582 4235 611 4280 ιιι
632 4227 756 4282 creditori
776 4228 835 4285 Deo
861 4227 943 4284 satis·
1000 4229 1142 4302 proxima),
1158 4229 1196 4284 ibi
1219 4228 1333 4284 hostiam
1347 4225 1526 4294 immolarent,
1546 4232 1573 4279 et
1588 4223 1753 4297 rigorem(
1781 4250 1794 4261 ·

147 4305 241 4375 facias,
252 4312 454 4370 venumdaritc
467 4315 612 4385 omniaque
623 4324 668 4371 tua
677 4331 787 4373 neccsse
796 4326 847 4373 cst.
858 4317 946 4374 Oran·
1000 4335 1107 4374 manem
1131 4319 1223 4390 ntique
1245 4331 1408 4388 prorsusque
1440 4311 1585 4369 nefandam
1600 4308 1799 4380 crudelitatem)

148 4395 201 4453 dns
222 4405 262 4453 est
285 4407 376 4456 autem
394 4401 466 4458 Deus
483 4418 545 4459 cum
568 4419 645 4460 servo
664 4405 830 4476 evangelico,
851 4406 943 4462 Matth.
960 4376 1137 4480 'religionis
1158 4405 1347 4478 (idololatricae
1371 4402 1507 4471 nimirum)
1526 4401 1634 4458 deliciae
1652 4402 1724 4471 (loci
1737 4401 1801 4456 illius

150 4499 232 4554 xrur,
248 4491 281 4543 26
297 4491 467 4548 :Procidm
477 4497 573 4550 nutem
583 4509 679 4551 servus
688 4495 748 4559 ille,
759 4495 858 4553 orabat
869 4510 945 4566 eum,
964 4549 972 4561 ,
1005 4497 1123 4569 Toptrcttr
1137 4511 1154 4550 a
1168 4496 1278 4553 deliciis
1290 4494 1365 4563 dicti)
1379 4491 1516 4549 vincerent
1524 4489 1653 4564 filiosque
1669 4506 1738 4547 suos
1749 4489 1800 4544 da·

151 4573 247 4632 dicent
261 4595 271 4632 .·
286 4579 461 4636 Patientiam
477 4581 545 4636 tote
559 4584 591 4638 iro
605 4599 661 4652 nte,
677 4588 706 4640 ct
719 4585 816 4641 omnio
829 4583 947 4642 rectam
1002 4586 1099 4642 moniis
1124 4585 1308 4649 incenderent,
1331 4584 1377 4637 vel
1390 4582 1536 4639 initiarent.
1561 4579 1596 4634 l3t
1611 4580 1799 4652 appellabatur

152 4663 213 4719 titt.
239 4664 312 4732 Quid
333 4670 419 4739 ergo‘l
446 4670 574 4728 litentur
597 4676 694 4728 autem
716 4674 852 4730 Dominus
874 4673 949 4731 serni
1001 4675 1096 4746 (addit)
1111 4675 1186 4731 loeus
1208 4673 1251 4728 ille
1267 4672 1439 4740 dulcorem,
1455 4670 1483 4725 id
1505 4679 1548 4726 est
1582 4670 1673 4727 Vallis
1690 4670 1801 4726 filiorm

151 4751 244 4824 iltius,
257 4755 453 4828 dimisiteurn,
465 4759 627 4817 sternitum
637 4761 746 4818 dimisit
756 4764 792 4820 ei.
804 4763 948 4834 Quomodo
1002 4767 1137 4822 Hennom.
1160 4781 1173 4814 ι
1189 4764 1228 4816 lta
1242 4761 1280 4816 ibi
1295 4761 1324 4817 S.
1341 4760 1415 4816 llier.
1433 4779 1444 4810 ι
1466 4756 1522 4814 Alii
1537 4755 1640 4821 ieiunii
1664 4776 1678 4809 ⁸
1697 4757 1750 4828 (⁸1¹
1763 4756 1801 4810 il·

152 4844 950 4920 crgorneitonoeratqninontotetatonoercoocret?
1001 4862 1106 4923 terprcs
1132 4853 1242 4908 Latinus
1274 4849 1387 4907 Calmcti
1421 4847 1506 4905 nostri
1528 4846 1555 4921 iu
1582 4847 1711 4903 Diction.
1740 4846 1800 4903 ltibl.

153 4931 319 4990 Redditurns
329 4945 449 4993 eratnon
465 4953 501 4994 ex
514 4955 575 5005 auo,
587 4939 633 4995 sed
644 4942 795 5012 continno,
807 4956 840 4996 ex
850 4942 950 4998 Christi
1002 4941 1075 5000 verb.
1094 4940 1265 5010 Cebennam)
1281 4959 1294 4991 ι
1317 4939 1345 4994 in
1360 4953 1392 4994 ea
1406 4936 1474 4992 valle
1493 4934 1614 4991 cloacam
1629 4936 1713 4992 urbis
1726 4932 1802 4992 ensd-

154 5021 239 5077 nostri
258 5022 359 5078 meritis
377 5033 403 5079 et
422 5025 612 5094 satisfactione,
628 5035 655 5084 et
675 5044 762 5102 neque
781 5031 887 5097 utinen,
903 5032 951 5088 sed
1004 5031 1079 5099 tisss,
1094 5031 1140 5087 ubi
1152 5033 1306 5103 perpetuus
1320 5029 1395 5099 ignia
1410 5023 1570 5081 morticiniis
1583 5031 1612 5080 el
1626 5021 1803 5080 immundifiil

154 5125 236 5180 quam
251 5116 378 5168 nostrum
392 5129 452 5169 esse
467 5115 564 5172 voluit.
1005 5119 1179 5178 absumendis
1193 5119 1367 5174 detineretur.
1390 5137 1401 5165 ι

192 5201 285 5272 ltaque
307 5217 368 5257 cunr
389 5204 524 5262 ambitiosi
548 5206 585 5262 illi
610 5209 791 5265 Rornanorum
817 5209 953 5266 candidati
1042 5213 1101 5269 Nou
1124 5210 1240 5267 dubites.
1266 5207 1368 5263 Senam
1390 5213 1430 5261 est
1446 5222 1452 5261 2
1469 5209 1502 5261 ut
1521 5218 1577 5260 non
1592 5204 1644 5260 diu
1669 5202 1803 5259 deliberes

157 5294 211 5343 tam
236 5290 358 5350 lubenter
377 5300 466 5349 tantos
487 5294 596 5351 labores
613 5312 661 5367 pro
681 5298 855 5369 adipiscenda
872 5301 953 5371 supi·
1005 5303 1038 5359 alc
1053 5300 1174 5357 remedio
1189 5299 1239 5355 boc
1252 5295 1427 5369 arripiendo,
1443 5297 1494 5351 out
1508 5293 1622 5350 diufius
1637 5291 1803 5365 disserendo-

157 5380 216 5436 tino
230 5381 370 5453 dignitate
384 5382 526 5451 subierint,
540 5394 640 5459 quanto
654 5388 753 5445 melius
765 5399 793 5445 et
807 5388 955 5460 benignius
1044 5388 1153 5448 aaut
1173 5385 1433 5455 trecorensem
1449 5384 1560 5441 aeterni.
1578 5383 1619 5437 lta
1639 5383 1804 5452 gebennam,

163 5560 167 5567 ’
194 5559 235 5628 (l)
252 5563 309 5620 imo
327 5564 417 5635 potins
433 5565 513 5635 leot,
534 5580 559 5622 c.
579 5579 607 5630 v,
622 5581 650 5620 ι.
673 5565 792 5623 lotide
805 5567 949 5629 Laccrdam
1006 5571 1034 5628 in
1049 5571 1123 5626 bunc
1135 5568 1235 5636 locum,
1250 5563 1332 5634 huius
1345 5561 1437 5633 operis
1459 5568 1522 5618 tom.
1547 5560 1570 5628 l,
1585 5559 1638 5618 ool.
1661 5559 1743 5618 1267.
1757 5557 1801 5614 bo.
