3840 6134
109 280 177 342 ttae

106 496 147 550 las
161 505 267 554 nectere
282 514 400 569 possem.

144 624 190 680 lll.
206 625 336 680 Ceterum
351 642 383 680 cx
403 625 461 681 sola
479 633 505 681 et
520 638 688 696 quacumque
707 623 775 696 styli
798 622 904 681 discor·

107 713 207 779 dantia,
231 714 282 768 uisi
301 715 425 783 aliorum,
450 721 477 769 ct
496 714 650 786 graviorum
674 712 795 783 quidem,
822 727 903 783 argu·

111 809 261 858 mentorum
288 802 449 859 adminicula
472 809 658 868 concurrant,
688 800 731 858 vix
765 800 905 856 authorem

108 899 265 965 suspectum
283 891 351 959 fieri,
367 908 401 947 ne
421 891 520 958 dicam,
535 889 639 963 aliquid
661 898 754 946 contra
781 888 905 944 eumdem

109 983 219 1039 decerni
241 998 334 1056 posse,
361 983 467 1054 pridem
496 997 606 1038 sensere
631 979 680 1036 alii
702 980 812 1053 optimae
835 987 906 1037 notae

110 1073 205 1142 critici,
220 1089 253 1129 ex
267 1072 364 1144 quibus
376 1072 418 1132 vel
433 1071 636 1147 uuum'adduco
654 1069 829 1126 Guiliclmum
851 1069 905 1126 Ca·-

109 1179 199 1230 veum,
215 1163 260 1234 qui
274 1163 302 1216 in
316 1163 388 1219 llist.
399 1177 455 1218 suae
470 1162 560 1218 litter.
577 1159 781 1232 erotcpcmeats
796 1166 864 1216 sect.
879 1159 906 1229 d,

112 1267 139 1306 u.
160 1253 213 1318 61,
237 1262 294 1307 tum
323 1250 432 1308 demum
454 1249 584 1312 ιοθεύοεως
612 1265 661 1306 seu
700 1245 906 1321 suppositionis,

112 1347 300 1412 argumentum
316 1336 432 1409 praeberi
450 1338 496 1408 ait,
519 1356 532 1389 ι
553 1337 577 1393 si
590 1337 685 1408 stylus,
700 1337 837 1409 totiusque
850 1350 909 1392 ora·

113 1428 195 1484 tionis
208 1436 358 1498 contextus,
374 1429 408 1482 sit
427 1441 521 1483 nouas
535 1440 670 1482 ntvaasns
691 1425 726 1479 eb
746 1439 779 1482 eo
801 1424 908 1481 dicendi
974 1477 980 1489 ,

113 1520 278 1585 charactere,
293 1532 347 1589 quo
366 1517 393 1573 in
407 1516 532 1590 genuinis
551 1516 608 1572 suis
626 1531 692 1572 usus
707 1520 749 1569 est
772 1521 875 1573 auctor.
894 1535 906 1566 ι

114 1607 212 1679 Atquin
227 1621 292 1663 vero
306 1607 372 1663 adeo
387 1621 440 1664 uon
460 1607 540 1680 leuqc
554 1605 697 1664 diuersum
711 1602 799 1677 quivis
812 1602 909 1677 legens
979 1654 985 1665 .

115 1695 308 1766 deprehendet,
323 1704 353 1750 ut
368 1696 564 1766 potiuspraeter
578 1710 678 1767 paucas
690 1693 823 1767 quasdam
832 1695 909 1766 phra-

113 1799 168 1848 ses,
184 1778 264 1856 paulo
281 1783 458 1848 excitatiores,
479 1793 507 1839 et
525 1784 552 1840 in
573 1784 636 1839 aliis
647 1782 804 1840 Tertulliani
819 1786 908 1856 scrip-

114 1872 150 1928 tis
164 1872 210 1928 vix
225 1881 409 1939 occurrentes,
427 1871 525 1930 dirum
545 1872 623 1940 illud,
639 1888 670 1929 ac
688 1874 825 1929 concisum
847 1873 907 1929 elo-

113 1961 168 2032 quii
190 1977 288 2034 genus,
314 1961 360 2018 aul
383 1960 468 2018 ferme
495 1961 661 2018 Tertulliano
684 1961 837 2033 proprium,
861 1962 909 2018 illa

111 2047 207 2103 deinde
229 2049 290 2119 styli
315 2049 387 2106 velut
409 2049 533 2121 quaedam
566 2050 707 2119 majestas,
743 2065 908 2122 sensumque

110 2136 139 2192 in
162 2136 277 2208 singulis
299 2153 382 2209 prope
401 2138 493 2195 verbis
516 2138 633 2208 ubertas,
661 2139 706 2194 illa
721 2139 833 2210 grandis
847 2139 907 2196 elo·

113 2224 234 2296 quentia,
256 2241 318 2297 quae
342 2234 401 2281 utut
420 2225 487 2282 dura
509 2225 561 2294 sit,
592 2228 683 2283 nescio
707 2227 843 2298 quomodo
864 2235 909 2284 ta-

112 2329 173 2371 men
193 2315 323 2370 lectorem
336 2316 378 2370 vel
393 2314 505 2371 invitum
519 2317 552 2370 ad
568 2331 597 2371 se
610 2331 706 2387 rapere
725 2323 838 2389 potest,
855 2331 911 2372 aon

114 2403 204 2460 miuus
219 2403 247 2458 in
266 2403 318 2460 hoc
335 2403 405 2459 libre
419 2405 582 2472 triumphet:
598 2411 627 2458 ut
642 2404 681 2458 nil
696 2403 782 2459 dicam
802 2405 836 2461 de
849 2403 909 2460 aliis

115 2492 268 2564 phrasibus,
279 2507 311 2547 ex
325 2489 384 2546 aliis
398 2489 522 2559 ejusdem
535 2489 612 2545 libris
622 2500 674 2546 tam
688 2491 784 2549 sedulo
799 2508 910 2565 expres·

116 2584 165 2653 sis,
179 2596 246 2653 quas
261 2579 317 2636 suis
327 2578 393 2635 locis
412 2579 533 2634 studiose
548 2579 692 2654 annotabo.

150 2696 209 2751 Vll.
234 2695 343 2751 Fatetur
360 2694 424 2750 dein
438 2693 496 2765 ipse
511 2693 606 2750 beatus
624 2696 788 2766 Rhenanus,
809 2697 909 2753 autbo-

116 2803 174 2844 rem
189 2786 269 2855 hujus
282 2784 345 2841 libri
363 2783 453 2839 verbis
468 2791 495 2839 et
507 2781 603 2856 liguris
616 2782 712 2840 iisdem
731 2784 780 2852 uti,
796 2793 822 2841 et
835 2786 912 2857 quis-

117 2877 181 2949 quis
195 2875 285 2943 luerit,
305 2875 366 2943 eius
389 2872 500 2929 indubie
518 2889 578 2928 esse
592 2874 695 2942 saeculi,
716 2884 742 2929 et
756 2874 913 2931 Tertulliani

119 2966 360 3033 studiosissimum;
378 2983 390 3014 ι
407 2962 501 3036 quidni
510 2978 574 3019 vero
590 2962 786 3018 Tertullianum
804 2963 914 3037 ipsum?

118 3054 180 3126 quis
192 3054 262 3111 enim
277 3053 347 3109 alius
370 3052 471 3123 stylum
494 3053 565 3123 ejus,
589 3061 663 3108 certe
686 3052 873 3123 singularem,
886 3058 914 3108 et

528 273 696 344 tvvaubtx
713 276 747 337 T.
765 304 802 321 ·-
820 273 852 335 ll.
871 266 1061 339 cotahelm
1079 272 1201 340 tueha
1224 276 1341 345 lohet.

53 434 57 440 ·
107 405 140 461 lis
152 406 297 481 decerpere
324 406 432 466 ¹2⁰7
454 418 574 479 vacaret,
589 407 667 465 lacile
681 405 801 478 integras
815 400 906 460 corol—
921 397 1041 480 flatque
1070 405 1142 462 velut
1174 409 1392 468 consolidabatur
1413 413 1518 473 virilior
1548 415 1676 493 deinceps
1699 422 1757 479 elo-
1824 436 1828 443 ’

1688 275 1758 349 laet

958 496 1076 566 quentiae
1087 495 1205 570 gravitas
1219 514 1251 555 ac
1265 503 1405 571 majestas.

994 584 1043 640 Xl.
1061 585 1093 640 Et
1108 587 1226 660 denique
1244 590 1318 646 haud
1335 591 1414 649 facile
1428 595 1586 667 scriptorem
1611 599 1753 672 quisquam

956 675 1083 749 reperiet,
1105 676 1151 749 qui
1175 686 1305 749 perpetuo
1333 681 1384 737 sibi
1409 692 1524 754 constet,
1554 691 1702 759 prasertim
1730 689 1755 746 si

956 780 1013 822 non
1027 781 1082 822 uno
1101 767 1228 823 continuo
1242 783 1325 841 opere
1336 773 1507 844 protraxerit,
1522 776 1570 831 sed
1585 791 1633 847 per
1652 777 1752 850 varias,

958 871 1047 928 neque
1072 854 1184 912 ¹2⁰8
1199 858 1366 915 cohaereutes
1386 861 1525 936 materias,
1545 864 1625 922 variis
1644 873 1754 940 tempo-

957 941 1042 1012 ribus,
1076 943 1209 1017 annisque
1238 945 1304 1017 ipsis
1332 946 1519 1021 interpolatas,
1548 954 1756 1012 circumduxerit

956 1032 1098 1091 calamum.
1113 1034 1162 1091 Est
1177 1034 1248 1092 enim
1272 1037 1397 1109 quaedem
1419 1047 1515 1113 suapte
1533 1050 1630 1100 natura
1653 1044 1754 1104 tristior

957 1131 1003 1179 aut
1022 1122 1157 1191 humilior,
1174 1131 1254 1198 atque
1282 1143 1396 1184 exsucca
1418 1129 1514 1204 magis,
1539 1147 1599 1204 quae
1625 1133 1756 1205 juvenilis

956 1227 1066 1287 quoque
1084 1213 1189 1287 ingenii
1200 1215 1322 1289 rigorem
1337 1218 1401 1274 eatis
1416 1219 1540 1277 retundat
1561 1232 1642 1295 atque
1658 1223 1753 1296 depri-

958 1310 1022 1373 mat,
1042 1311 1068 1358 et
1094 1303 1127 1358 ad
1155 1320 1234 1376 quam
1254 1305 1411 1363 succulenta
1437 1312 1605 1383 caemroquin
1632 1312 1754 1370 virorum

959 1390 1115 1462 eloquentia
1131 1400 1268 1448 exarescat
1284 1412 1291 1449 :
1310 1401 1353 1450 est
1372 1402 1459 1452 autem
1484 1398 1535 1454 alia
1560 1415 1655 1457 rursus
1669 1411 1754 1459 mate·

959 1494 998 1533 rra
1013 1478 1130 1546 suavior,
1151 1481 1348 1554 amoeniorquc,
1368 1490 1395 1538 ct
1408 1483 1508 1557 {ipsius
1529 1487 1648 1545 auctoris
1671 1489 1756 1560 genio

958 1568 1195 1635 accommodatior,
1221 1587 1282 1644 quse
1311 1571 1467 1646 languidius
1485 1576 1651 1648 ceteroquin
1679 1578 1756 1653 inge·

959 1669 1033 1710 utum
1057 1656 1122 1711 satis
1137 1657 1254 1714 excitare
1270 1673 1302 1716 ac
1325 1660 1466 1717 stimulare
1485 1671 1589 1735 queat:
1614 1672 1657 1721 est
1675 1666 1755 1723 deni-

922 1712 1064 1816 flqueita
1090 1745 1180 1812 vivax,
1207 1762 1239 1804 ac
1266 1748 1403 1805 radiosum
1430 1751 1570 1822 quidpiam
1589 1753 1755 1827 diffundens,

960 1849 1021 1905 quae
1036 1835 1199 1892 scribentem
1224 1836 1336 1907 penitus·
1354 1837 1510 1913 incendere,
1527 1857 1559 1897 ac
1579 1841 1756 1913 inflammare,

960 1925 1024 1996 quin
1039 1933 1113 1981 etex
1127 1933 1262 1983 senectute
1278 1926 1391 1997 jamjam
1410 1927 1531 1984 cineritia
1560 1930 1607 1986 diu
1630 1935 1756 2007 consopi-

960 2023 1003 2071 tos
1016 2014 1151 2089 igniculos
1173 2015 1334 2088 quandoque
1353 2016 1481 2074 suscitare
1498 2019 1596 2103 valeat,
1625 2021 1693 2078 Sunt
1709 2023 1756 2081 de-

963 2104 1027 2159 inde
1042 2105 1095 2159 alia
1121 2120 1239 2177 quoque,
1270 2105 1397 2163 scribenti
1424 2107 1542 2178 aliunde,
1570 2125 1601 2168 ac
1621 2111 1757 2186 velatper

961 2191 1111 2263 obliquum,
1135 2193 1315 2262 advenientia,
1339 2211 1400 2268 quae
1428 2202 1517 2252 umen
1538 2198 1573 2253 ed
1593 2200 1654 2270 ejus
1678 2202 1758 2276 inge-

962 2282 1048 2346 nium,
1074 2288 1104 2338 ιιι
1127 2281 1163 2337 ita
1186 2281 1284 2353 dicam,
1304 2283 1482 2352 alterandum,
1497 2288 1659 2361 quaudoque
1685 2292 1756 2348 mul·

962 2374 1017 2422 tum
1034 2376 1157 2438 possunt.
1177 2369 1248 2439 Quid
1272 2371 1370 2427 mirum
1384 2372 1477 2444 igitur,
1495 2374 1517 2430 si
1536 2392 1623 2448 neque
1648 2380 1755 2437 Tertul-

964 2454 1052 2511 lianus
1067 2458 1245 2530 undequaque
1263 2459 1314 2516 sibi
1335 2468 1451 2531 constet,
1467 2463 1525 2534 sed,
1541 2481 1603 2522 cum
1623 2467 1758 2540 primitus,

966 2544 1030 2602 licet
1041 2549 1098 2617 jam
1112 2545 1237 2603 adultiori
1253 2553 1340 2619 aetate,
1355 2563 1385 2604 se
1403 2550 1437 2605 ad
1461 2553 1633 2611 scribendum
1662 2566 1759 2615 contu-

964 2634 1005 2703 lit,
1029 2635 1149 2691 uonnihil
1172 2635 1295 2692 alacriori
1325 2637 1395 2709 stylo
1414 2654 1481 2694 usus
1509 2640 1600 2712 luerit,
1628 2643 1759 2717 deinceps

966 2724 993 2779 in
1008 2723 1068 2779 aliis
1080 2725 1140 2794 ejus
1156 2723 1233 2781 libris
1254 2725 1377 2781 nonnihil
1401 2726 1490 2800 magis
1513 2729 1683 2802 subsidente,
1702 2750 1762 2790 ma-

963 2811 1072 2884 jurique
1097 2812 1255 2868 eruditionis
1283 2821 1412 2884 apparatu
1435 2828 1559 2873 ornatum
1589 2819 1663 2877 velut
1685 2836 1761 2878 com-

966 2909 1102 2973 pensante.
1114 2900 1169 2956 Sed
1175 2902 1233 2957 haec
1246 2904 1279 2963 de
1292 2903 1314 2954 iv
1328 2904 1442 2977 παρόδῳ,
1453 2921 1604 2978 quanquam
1620 2923 1675 2964 nou
1690 2909 1760 2966 nibil

967 2990 1106 3060 prolixius,
1119 2990 1188 3046 dicta
1203 2999 1292 3048 sunto.

1002 3080 1040 3136 X.
1061 3078 1090 3135 Si
1110 3080 1167 3149 jam
1187 3095 1252 3135 vcro
1267 3095 1378 3137 usurus
1392 3081 1480 3153 ipsum
1495 3083 1657 3158 scriptionis,
1681 3088 1764 3161 paulo

117 3144 166 3200 lix
189 3161 205 3199 Β
231 3143 368 3242 ‘william'
383 3140 561 3208 imitabilem,
586 3147 642 3196 lam
657 3140 723 3240 scite
741 3139 913 3211 expresserit,
971 3167 1150 3240 propinquius
1168 3169 1344 3242 (quamquam
1367 3169 1394 3226 id
1416 3172 1527 3243 precise
1555 3175 1611 3232 lieri
1634 3181 1763 3252 nequeat)

116 3242 147 3292 ul
167 3233 236 3332 apud
255 3233 283 3289 S·
307 3233 461 3300 Peclssssllms
485 3245 547 3285 ⁵³³⁰·
570 3244 598 3284 Ν
612 3239 915 3301 30111110161111011110*
968 3255 1165 3329 designandum
1193 3257 1246 3321 sit,
1276 3258 1314 3313 ita
1337 3259 1459 3330 opinor,
1483 3263 1551 3318 hanc
1579 3266 1763 3324 tractationem

118 3339 170 3394 (lue
185 3323 314 3393 11108191
342 3321 402 3392 plus
421 3335 504 3417 quam
527 3334 558 3373 ¹¹
585 3319 684 3418 mlh}
707 3319 739 3374 ad
768 3321 915 3418 Efafffflum
968 3352 1044 3401 certo
1059 3332 1122 3400 ante
1143 3344 1178 3402 Α.
1202 3345 1233 3402 C.
1255 3349 1317 3412 aot,
1342 3355 1371 3403 et
1391 3347 1574 3408 verisimiliter
1604 3369 1674 3410 auno
1699 3356 1762 3425 tol,

121 3427 217 3484 wille,
232 3425 281 3483 l)ro
305 3408 364 3480 ipso
376 3407 544 3465 T⁰l¹u¹¹¹³¹¹⁰
567 3405 704 3509 ffffellffih
726 3414 754 3463 0⁸
776 3408 843 3510 ”9¹¹¹
865 3424 916 3510 ΡΠ·
968 3440 1016 3488 ant
1035 3433 1149 3490 fortasse
1163 3434 1302 3504 maturius,
1333 3435 1432 3492 litteris
1456 3438 1641 3512 consignatam
1666 3442 1762 3513 luisse,

121 3516 203 3574 quam
221 3516 251 3558 cx
278 3499 341 3572 styli
363 3499 517 3598 diletsllflle
545 3498 683 3572 quidpiam
711 3498 746 3556 ‘¹0
773 3498 826 3556 ³¹¹⁰
854 3499 916 3556 llhfi
968 3531 1043 3578 certe
1059 3531 1188 3578 autemst
1206 3522 1299 3593 huius,
1322 3531 1349 3579 et
1363 3523 1521 3582 alteriusde
1547 3529 1679 3600 baptismo
1694 3532 1763 3589 scri-

121 3590 204 3661 hull¹⁸
217 3590 329 3646 ⁸¹¹²h0s0
344 3585 521 3644 ⁵¹¹b⁰¹¹¹⁸s¹¹5
970 3610 1016 3682 pti,
1039 3621 1144 3682 tempus
1159 3611 1230 3666 baud
1243 3614 1336 3681 procul
1348 3612 1461 3670 invicem
1471 3615 1585 3674 distare.
1692 3675 1693 3678 ,

154 3699 225 3756 lllll.
248 3699 367 3754 Tandem
388 3712 454 3770 ergo
477 3712 509 3754 ex
530 3697 575 3754 illa
600 3699 782 3774 qualicunque
805 3700 914 3757 demum
1002 3699 1763 3780 xillarerotibrumdebaptismebnicdepoenilectia

119 3788 181 3860 styli
199 3787 382 3844 discordantia
401 3787 464 3857 plus
482 3787 558 3858 argui
579 3803 633 3844 uon
659 3805 740 3861 posse
761 3806 914 3863 censemus,
967 3804 1001 3843 an
1029 3789 1101 3844 ltuuc
1123 3788 1173 3856 illi,
1202 3790 1337 3846 scribendi
1365 3791 1471 3858 ordine,
1492 3794 1688 3868 subjunxerit,
1718 3800 1763 3857 vix

123 3894 201 3949 quam
227 3876 432 3945 Tertullianum,
472 3891 534 3933 eum
570 3877 657 3934 adana
688 3880 816 3950 vegetiori
843 3888 916 3937 esset
968 3877 1117 3950 quidquam
1141 3876 1313 3934 determinari
1337 3887 1436 3952 potest.
1460 3881 1637 3942 Verisimilius
1665 3896 1765 3957 tamen,

120 3974 199 4023 atate
217 3964 397 4037 vivaciorique
419 3963 540 4037 iugenio,
569 3965 638 4022 hanc
665 3966 837 4037 scriptionem
852 3983 914 4023 sus·
969 3965 1035 4020 mibi
1059 3966 1168 4039 quidem
1196 3967 1312 4035 videtur,
1334 3969 1527 4044 subiunxisse3
1553 3973 1577 4029 si
1597 3974 1668 4031 enim
1692 3976 1765 4035 hunc

119 4055 236 4127 cepisse,
251 4054 346 4111 Solent
367 4055 439 4111 enim
464 4053 572 4126 ingenia
601 4053 735 4126 ejusmodi
759 4056 860 4111 fervida
882 4071 916 4114 ac
968 4054 1003 4107 de
1015 4053 1170 4122 poeuitentia
1184 4055 1369 4122 praemisisset,
1385 4057 1474 4123 credo,
1497 4057 1524 4113 in
1544 4075 1605 4133 cap.
1619 4063 1706 4118 ultim.
1726 4065 1762 4121 de

120 4143 202 4217 agilia
214 4143 296 4199 instar
310 4158 392 4214 apum
406 4158 455 4213 per
468 4141 555 4198 vanos
579 4140 661 4198 llores
689 4143 912 4210 circumvolitare,
968 4141 1112 4212 baptismo,
1136 4140 1183 4196 ubi
1196 4140 1231 4195 de
1251 4143 1407 4213 poenitentia
1420 4142 1555 4216 baptismo
1577 4147 1663 4205 instar
1689 4167 1763 4220 prte-

121 4239 203 4303 atque
216 4247 249 4288 ex
264 4230 449 4288 alienisetiam
470 4230 551 4286 rebus
569 4229 711 4302 allegoriae
725 4239 751 4286 et
774 4232 914 4305 metapbo·
968 4233 1114 4307 parationis
1130 4229 1326 4303 premittenda,
1347 4228 1412 4301 agit,
1434 4231 1525 4300 huius,
1546 4249 1597 4291 ceu
1614 4236 1671 4304 jam
1695 4238 1762 4296 alibi

121 4338 165 4380 ras
184 4336 325 4397 exsugere,
342 4334 475 4391 suumque
498 4319 526 4374 in
554 4319 646 4376 alvear
663 4329 842 4391 comportare,
862 4330 914 4380 etc.
930 4325 1054 4445 aiusius
1067 4325 1248 4394 pertractatas,
1266 4317 1424 4374 nonnullam
1443 4320 1605 4380 mentionem
1627 4325 1760 4389 iactumm

121 4411 197 4467 Solet
213 4413 277 4466 item
300 4415 378 4465 astate
398 4409 498 4464 sensim
513 4407 679 4480 provectiori
700 4409 839 4468 subsidere
860 4421 917 4484 sty·
969 4416 1063 4475 luisse.
1077 4413 1156 4470 Certe
1170 4417 1268 4476 autem,
1293 4409 1320 4465 iu
1343 4407 1403 4481 ipso
1423 4409 1493 4465 libro
1507 4409 1542 4467 de
1562 4412 1706 4488 baptismo,
1728 4424 1762 4479 ad

121 4501 172 4567 tus,
191 4497 417 4573 temperatiorque
442 4503 470 4552 et
495 4496 629 4552 robustior
644 4495 713 4553 lieri.
740 4498 783 4556 Sic
810 4519 918 4578 quoquc
969 4507 1062 4574 finem,
1085 4517 1146 4573 cap.
1162 4500 1207 4569 ld,
1226 4491 1340 4554 lactares
1363 4512 1428 4554 ⁸⁰⁰⁸
1450 4497 1483 4553 fid
1505 4498 1589 4557 lilium
1602 4503 1637 4559 de
1663 4511 1760 4566 eodem

122 4591 181 4662 ipse
200 4597 338 4646 oratorum
352 4587 477 4659 princeps
489 4587 606 4644 Tuantus
620 4589 758 4647 orationes
781 4609 845 4650 suas
865 4615 918 4673 pro
972 4602 1122 4660 tractatum,
1137 4590 1190 4659 jam
1206 4593 1284 4643 antea
1296 4586 1393 4643 Graeco
1406 4602 1529 4646 sermone
1547 4601 1695 4668 exaratum,
1711 4613 1762 4656 so·

123 4683 155 4739 P.
182 4679 324 4750 Quinctio,
338 4683 364 4730 ct
384 4678 476 4734 hoscto
496 4678 626 4736 Amerino
646 4681 772 4750 [quarum
786 4683 918 4756 priorem,
970 4683 1053 4738 lerter
1075 4678 1194 4735 remittit.
1216 4674 1282 4745 Quis
1299 4690 1365 4747 ergo
1393 4676 1462 4732 male
1493 4677 1628 4737 videbitur
1645 4683 1764 4755 opinari,

125 4769 303 4840 omniumque
316 4767 442 4838 primam,
457 4782 550 4834 anuos,
567 4777 596 4824 ut
609 4768 644 4825 Α.
659 4768 729 4826 Gell.
746 4773 817 4830 Noct
832 4776 918 4834 Atta„
971 4772 995 4830 si
1009 4768 1146 4826 materiam
1160 4767 1232 4822 hanc
1250 4765 1285 4820 de
1308 4764 1475 4836 poenitentia,
1501 4783 1581 4839 quam
1603 4769 1638 4824 ad
1661 4772 1762 4831 calcem

126 4858 313 4927 lib,1v.cap.
335 4859 378 4919 28,
395 4854 526 4926 perbibet,
549 4863 629 4913 natus
654 4862 698 4926 26,
723 4861 837 4919 alteram
857 4881 919 4922 mox
972 4861 1032 4918 libri
1047 4861 1079 4916 de
1100 4861 1182 4928 Bapt.
1207 4854 1328 4912 nonnihil
1350 4855 1457 4912 brevius
1472 4856 1678 4931 perstrinxerat,
1693 4878 1766 4921 uero

124 4962 196 5004 anno
210 4962 271 5017 seq.
286 4949 314 5001 in
328 4943 430 5014 iudicio
445 4943 560 5015 dixerat)
578 4944 682 5004 doridis
705 4952 839 5021 ejusmodi
863 4955 920 5012 ele·
972 4948 1095 5014 consilio,
1114 4952 1141 5001 el
1162 4945 1189 5000 in
1214 4944 1343 5016 Tellffiffl
1358 4944 1428 5001 llbl⁰
1442 4944 1601 5018 a¹¹¹ll¹i⁰sl³l¹¹
1614 4949 1674 5020 ejus
1693 4957 1764 5010 1180·

126 5035 238 5110 gantiis,
262 5033 441 5107 posteriorem
465 5034 615 5106 praesertim
638 5038 760 5094 nonnihil
788 5042 921 5116 intempe-
972 5039 1100 5095 tationem
1119 5044 1211 5107 1108181ι
1231 5036 1383 5106 ⁸¹¹⁸0l³llisse
1400 5035 1516 5105 (ficlilia
1531 5044 1559 5093 θῑ
1572 5039 1679 5112 quidem
1699 5058 1766 5116 par·

127 5123 231 5180 rantius
258 5121 441 5192 conspersisse
468 5122 608 5194 (nimirum
639 5138 655 5178 a
683 5124 798 5198 llaloue,
826 5129 922 5186 ultimo
973 5131 1021 5184 tim
1040 5127 1067 5182 in
1093 5126 1343 5182 catechumenorum
1360 5124 1485 5198 gratiam,
1500 5127 1566 5182 uthi
1585 5144 1618 5185 eo
1635 5132 1767 5200 majorem

126 5211 259 5285 magistro
274 5225 335 5281 suo,
350 5210 384 5265 ab
399 5211 449 5266 bac
463 5210 595 5285 sermonis
613 5212 736 5269 ubertate
758 5213 856 5271 lrustra
872 5231 922 5274 co-
974 5215 1007 5272 de
1021 5214 1146 5286 baptismi
1162 5213 1249 5286 pretio
1263 5213 1468 5272 estimationem
1482 5216 1665 5288 conciperent,
1687 5233 1770 5288 quem

125 5301 213 5357 bibito
229 5299 300 5354 illius
316 5307 369 5354 tam
384 5298 472 5356 vivido
487 5299 649 5370 llorentique
664 5299 773 5373 ingenio
787 5303 795 5374 l
811 5305 924 5377 quibus-
974 5304 1156 5376 iutelligcrent
1191 5310 1245 5358 tam
1277 5302 1420 5360 laboriosis
1451 5303 1615 5375 poenitcntice
1644 5306 1772 5377 operibus

128 5391 191 5446 dam
219 5389 341 5456 videtur,
370 5387 403 5444 ab
430 5388 489 5444 aliis
511 5403 572 5445 vero
595 5387 717 5447 laudatur
742 5391 841 5465 etiam3
861 5411 923 5452 uam
975 5394 1277 5466 comparandumesse‘l
1292 5391 1390 5460 Quidni
1404 5407 1470 5467 ergo
1493 5392 1520 5446 in
1544 5390 1640 5449 bisse
1664 5411 1698 5451 co
1727 5411 1773 5452 ar·

127 5479 251 5536 adultiori
266 5478 365 5536 sensim
375 5486 463 5549 aetate,
473 5485 624 5551 sponteque
636 5479 750 5537 deciduo
764 5482 923 5542 hoedorum
978 5482 1092 5541 deutiori
1106 5483 1235 5552 deinceps
1249 5481 1339 5539 studio
1358 5487 1527 5547 exercerent,
1542 5486 1571 5537 ut
1586 5490 1638 5537 tam
1663 5484 1775 5560 largiter

127 5577 224 5628 oruata
250 5569 279 5626 iu
306 5567 410 5629 fructus
437 5583 471 5626 eo
494 5567 690 5629 comtantiores
715 5575 922 5644 maturaret-bat,
978 5572 1145 5647 propositum
1175 5571 1300 5644 baptismi
1322 5570 1480 5645 praemium,
1505 5569 1620 5644 eiusque
1643 5573 1774 5649 gratiam,
