3840 6134
223 249 289 311 rtur
734 243 779 305 All
797 241 944 306 tunultu
962 241 1185 308 tthruthlahl
1201 238 1308 303 OPERA
1343 290 1345 294 .
1807 227 1878 289 tear

221 374 247 427 ἐν
261 392 298 447 τῳ
317 371 436 444 Ἰορδάνῃ,
454 371 481 425 h.
497 385 522 426 e.
541 371 609 426 Cura
625 370 714 426 'iesus
736 369 763 425 io
787 384 883 442 aquam
903 371 1016 429 deseen—
1030 369 1056 452 fl
1070 385 1180 429 sensum
1197 363 1381 425 Tertullianus
1401 375 1436 417 ex
1455 358 1502 417 illo
1526 360 1555 416 S.
1580 355 1681 415 Paulli
1703 355 1737 411 ad
1751 354 1819 413 Cor.
1835 371 1874 420 τττ,

221 464 317 529 disset,
329 462 416 518 etiam
431 459 543 532 ignisin
558 459 679 516 tardona
693 474 827 516 aecensus
841 461 909 531 fuit.
920 458 975 516 Sed
990 467 1017 515 et
1071 464 1105 516 13
1118 466 1145 516 ει
1166 474 1242 529 seqq.
1258 454 1381 512 hausisse
1402 449 1530 508 ridetur:
1548 446 1782 518 tiniuseujusque
1807 461 1873 516 opus

220 550 248 605 in
276 558 368 607 nostro
397 548 533 623 baptismo
561 548 717 606 accenditur
744 548 894 606 inuisibilis
908 548 1017 620 quidam
1070 533 1872 620 menifestumerit5nrnserrimnotnutdeetaralrit:puio

220 641 303 714 ipris,
319 655 381 696 eum
394 641 489 712 pretio
515 641 638 712 Spiritus
658 640 752 695 saneti
777 637 905 695 cordibus
919 637 1018 693 nostris
1070 623 1818 699 mremreverebitur:etuniusaujrsqoeopusquota
1828 623 1870 689 sit,

220 729 349 800 illabitur,
361 734 399 795 et,
409 738 438 784 ut
452 728 480 783 S.
492 728 587 783 Amhr.
599 728 626 782 in
640 727 686 783 lib.
698 727 731 786 rte
741 728 805 784 Elio
818 730 944 800 etjajurr.
956 742 1017 799 cap.
1071 742 1148 782 rarus
1156 725 1294 799 probabit.
1307 723 1337 779 Sr'
1351 721 1431 790 eujus
1444 734 1513 790 opus
1525 715 1710 772 manserit-
1719 711 1871 768 mercedem

223 818 273 875 ult.
293 817 424 889 loquitur,
439 821 553 891 peccato
568 821 667 873 nostro
683 818 833 887 consumit,
849 816 1019 886 animamque
1071 803 1870 888 accipiet.·sieujusopusorsarit,detrimentumpotietur,-

222 909 255 963 ab
266 909 362 963 horum
377 906 473 962 scoriis
486 913 594 980 purgat.
607 905 674 960 Sunt
688 904 762 972 dein,
774 905 820 978 qui
830 921 892 962 eum
907 905 935 961 S.
945 904 1018 977 Aug.
1071 908 1131 980 ipse
1145 907 1241 962 autem
1252 903 1346 959 sulvus
1357 901 1413 956 erit
1427 917 1436 954 .·
1451 898 1492 954 sie
1504 898 1608 960 tomen,
1620 894 1704 967 quusi
1714 906 1870 948 aserenan.

222 999 254 1053 in
266 1000 311 1054 Ρε.
322 1011 388 1065 nxv,
399 995 433 1051 de
447 996 620 1061 exorcismis,
632 995 768 1066 baptismo
782 1002 876 1051 nostro
891 1011 1017 1051 eommu—
1073 995 1157 1068 ldque
1171 994 1259 1064 ipsum
1281 1000 1334 1060 est,
1348 988 1420 1061 quod
1443 986 1477 1041 ab
1492 984 1596 1041 isaiae
1614 998 1654 1050 rr,
1672 982 1700 1047 4,
1716 980 1870 1053 Ptaediclllffl

222 1087 291 1143 niter
318 1083 445 1156 praemitti
472 1084 568 1155 solitis,
598 1083 772 1160 intelligunt3
801 1082 838 1140 ait
866 1099 982 1156 namque
1009 1101 1017 1140 r
1072 1083 1158 1139 iuerat
1173 1101 1180 1138 :
1196 1072 1698 1141 diluatbominussordesfitiurum
1714 1071 1870 1127 Sion-iu

225 1195 238 1229 ε
257 1174 336 1231 Unde
355 1173 514 1246 plerumque
528 1172 662 1229 immundi
682 1173 793 1245 spiritus
812 1172 947 1247 clamant:
964 1174 1018 1228 Ατ-
1072 1186 1182 1229 srrsrnn
1200 1184 1311 1236 rnoreu,
1330 1176 1358 1224 et
1379 1178 1490 1223 aeterno
1511 1176 1642 1229 senous,
1659 1175 1709 1216 sen
1734 1156 1827 1231 ignis3
1847 1157 1869 1212 in

222 1267 287 1332 deo;
304 1263 327 1320 si
341 1263 387 1321 ille
401 1262 472 1336 ignis
488 1277 543 1319 uon
561 1261 620 1319 esti
642 1263 707 1320 Post
728 1262 819 1338 ignem
833 1272 923 1320 autern
937 1278 1018 1320 eror-
1073 1277 1154 1332 quern
1177 1262 1269 1319 locum
1291 1258 1321 1314 S.
1337 1254 1450 1312 Basilius
1471 1251 1509 1310 ait
1524 1271 1533 1308 s
1550 1247 1659 1306 nm
1686 1270 1698 1299 ι
1724 1246 1871 1319 ueprius

223 1353 300 1413 oisml
312 1353 421 1412 venitur
444 1352 478 1408 ad
500 1351 674 1423 baptismum.
692 1371 703 1403 ε
726 1352 778 1409 Alii
793 1368 841 1422 ρετ
855 1352 1019 1426 baptismum
1071 1348 1183 1408 loannis
1198 1343 1423 1419 eratexpurgutio
1438 1341 1568 1409 sordium,
1578 1341 1639 1395 haec
1653 1345 1750 1395 autern
1764 1336 1823 1408 ipsa
1835 1349 1871 1391 re·

222 1442 298 1499 illum
313 1441 383 1520 ignis
402 1458 463 1499 curn
482 1452 592 1500 auctore
612 1442 709 1516 Operis
723 1444 838 1516 impert.
862 1444 896 1499 in
919 1442 1018 1500 dotti.
1073 1437 1213 1516 genoratio
1227 1453 1276 1509 ρετ
1299 1433 1428 1507 Spiritum
1443 1439 1567 1488 sanctum
1581 1428 1610 1484 iri
1631 1427 1709 1500 quod
1723 1441 1838 1483 examen
1848 1422 1872 1478 tit

222 1532 295 1591 honr.
312 1535 340 1601 3,
355 1532 504 1606 desipuerit
519 1532 714 1603 (metaphorice
738 1531 873 1601 nimirum)
896 1531 1019 1588 tributo·
1074 1544 1121 1599 ρετ
1134 1542 1223 1585 ranan
1233 1539 1340 1583 rnnrctr.
1356 1545 1367 1573 ι
1385 1522 1418 1577 Et
1434 1522 1462 1577 in
1476 1522 1495 1577 l.
1511 1519 1545 1577 ala
1557 1518 1633 1592 Spir.
1654 1517 1685 1574 S.
1701 1516 1738 1571 ad
1751 1514 1869 1587 Amphil.

225 1623 317 1681 tiones
337 1630 366 1680 et
387 1615 608 1695 persecutiones,
626 1620 728 1692 quibus
752 1617 873 1675 fidelium
885 1618 1020 1692 justorum
1073 1632 1133 1687 esp.
1149 1619 1195 1682 35,
1208 1614 1307 1687 iuquit,
1324 1614 1426 1670 «loma
1441 1622 1599 1667 smrnunrr
1613 1605 1692 1662 illam
1705 1618 1771 1663 esse
1785 1603 1872 1676 proba·

222 1712 251 1769 in
276 1711 330 1771 lide
361 1711 519 1778 constantia,
541 1718 567 1768 et
588 1709 617 1765 in
642 1708 762 1764 aduersis
785 1708 923 1779 patienda,
947 1710 1021 1765 velut
1040 1697 1059 1776 fi
1075 1705 1186 1774 tionem,
1201 1720 1262 1776 quae
1277 1702 1323 1761 fiet
1337 1703 1365 1758 in
1383 1715 1532 1757 runtcro.»

223 1818 319 1859 aurum
332 1801 360 1856 in
375 1799 484 1858 fornace
499 1799 579 1871 ignis,
595 1798 736 1870 probatur.
752 1796 782 1856 S.
797 1797 881 1854 Basil.
898 1797 926 1853 in
941 1800 1019 1857 Hom.

224 1892 257 1948 de
281 1894 360 1963 bapt.
381 1887 587 1961 intelligendum
609 1887 747 1944 contendit
767 1888 863 1959 ipnem
887 1886 963 1943 illum
977 1888 1021 1960 ‚do
1331 1846 1556 1918 mamm
1573 1844 1616 1902 XL

223 1976 534 2049 verbodoetrinoe,puod
539 1979 567 2031 et
577 1977 907 2049 peecatorummotitiom
914 1976 1021 2049 arrpuit,
1114 1981 1199 2049 Quasi
1212 1992 1318 2035 reuera.
1333 1974 1393 2030 Mea
1406 1972 1517 2045 quidem
1530 1969 1613 2027 editio
1627 1968 1700 2043 quia
1715 1967 1811 2032 habat,
1821 1968 1873 2024 obs

224 2070 252 2124 et
256 2065 499 2139 jrrstifieatiorrum
508 2066 632 2138 pretium
641 2067 812 2136 manifestat
824 2080 905 2138 :quse
914 2064 1021 2137 quidem
1074 2084 1139 2126 curo
1162 2075 1234 2124 certe
1256 2081 1287 2123 ae
1302 2063 1432 2120 mendoso
1451 2076 1552 2126 sensu3
1567 2057 1655 2113 malui
1681 2072 1753 2129 ergo
1778 2072 1812 2112 ex
1825 2057 1873 2112 aliis

223 2155 408 2228 expositiones
425 2154 488 2211 salis
503 2154 663 2224 commoda,
682 2154 730 2212 sed
750 2153 858 2211 nonnisi
872 2155 1022 2228 metapbo-
1074 2157 1238 2215 editionibus
1262 2156 1344 2227 quusi
1359 2164 1489 2222 reponere
1506 2166 1512 2206 :
1530 2155 1557 2205 ot
1579 2146 1648 2203 adeo
1664 2145 1806 2203 sententia
1827 2146 1872 2200 hae

225 2247 293 2303 rr‘eee
317 2252 388 2301 sunt.
411 2245 535 2317 Denique
559 2252 651 2301 autem
674 2244 855 2301 Tertullianus
874 2254 966 2302 noster
989 2245 1023 2301 de
1074 2246 1188 2305 ironiam
1203 2244 1293 2317 potius
1310 2241 1454 2313 exprimat.

226 2335 270 2393 die
281 2335 396 2407 judicii,
412 2342 493 2406 atque
508 2336 572 2405 ipne
586 2334 925 2405 infernaltdamnatorum
939 2348 1022 2405 expo-
1110 2335 1304 2393 Proediaesset.
1329 2333 1396 2388 Cum
1421 2327 1522 2385 seilicet
1542 2326 1665 2383 loannes
1688 2325 1765 2396 apud
1790 2325 1870 2382 lieth.

224 2423 273 2491 nil,
290 2429 320 2477 ut
332 2422 413 2493 paulo
428 2429 489 2494 post
504 2421 666 2478 videbimus.
1075 2440 1135 2498 eap.
1154 2439 1194 2494 tn,
1207 2439 1233 2480 r.
1257 2425 1301 2491 ll,
1316 2420 1351 2478 de
1364 2417 1473 2476 Christo
1495 2414 1562 2472 dixit
1579 2432 1585 2473 :
1603 2417 1666 2487 lpse
1680 2431 1731 2470 uos
1752 2415 1871 2488 baptim-

262 2513 367 2569 lnterea
388 2511 464 2577 mihi,
480 2509 576 2577 fateor,
593 2511 737 2583 praeplacet
760 2528 855 2569 eorum
879 2512 1021 2584 sententia,
1058 2515 1126 2584 bit,
1141 2523 1204 2580 eto,
1220 2524 1389 2583 nequaquam
1411 2506 1534 2563 addidit:
1549 2520 1600 2577 per
1622 2509 1726 2570 semet,
1744 2514 1793 2562 ant
1814 2520 1870 2576 pro-

226 2601 273 2675 qul
289 2603 322 2657 ad
337 2600 456 2657 litteram
470 2600 621 2673 intelligunt
635 2600 668 2656 de
683 2599 800 2671 Spiritus
809 2600 838 2660 S.
848 2617 902 2658 non
917 2601 945 2657 in
959 2617 1022 2676 upo-
1073 2604 1147 2678 priis
1160 2603 1220 2658 suis
1233 2599 1375 2658 mortibus.

226 2689 311 2748 stolos
324 2691 517 2758 duntaxat,sed
527 2689 555 2747 in
569 2689 729 2747 eorumdem
738 2691 886 2764 discipulos
900 2707 1020 2766 qnoque,
1111 2692 1272 2765 Proposuit,
1287 2688 1306 2744 i.
1328 2702 1354 2743 e.
1365 2684 1566 2759 promulpuuit,
1580 2689 1626 2738 ant
1639 2681 1676 2737 arl
1689 2681 1789 2741 valvas
1801 2681 1872 2740 curia

227 2796 325 2838 reeens
339 2779 499 2853 baptizatos,
515 2779 614 2836 visibili
628 2780 759 2837 descensu
773 2783 806 2837 ire
828 2784 922 2854 forma
935 2783 1020 2854 ienis,
1076 2784 1184 2856 affixit,
1200 2791 1264 2850 eto,
1280 2780 1359 2851 eujus
1383 2776 1476 2848 utique
1489 2790 1587 2833 sensus
1605 2781 1671 2832 est:
1687 2774 1871 2848 promuiporr',

227 2869 306 2939 cujus
331 2867 486 2941 exemplum
509 2876 549 2925 sat
572 2867 706 2942 fulgidum
729 2877 755 2925 et
778 2869 881 2927 illustra
903 2872 963 2927 Act.
978 2886 1019 2941 xl,
1075 2874 1119 2931 vel
1134 2874 1214 2945 arripi
1223 2871 1322 2944 jussit,
1334 2876 1380 2925 aut
1399 2869 1479 2940 fecit,
1493 2883 1542 2939 per
1561 2865 1644 2922 alium
1659 2881 1777 2938 nempe.

191 2964 196 2971 '
227 2973 300 3013 vers.
318 2955 498 3023 lt‚habetur,
521 2956 567 3011 ubi
588 2957 625 3011 ita
652 2956 681 3015 S.
705 2957 821 3014 Petrus:
841 2959 1022 3016 Cumauteru
1112 2960 1343 3033 bieiturp‘aeere.
1367 2955 1520 3012 Secundum
1544 2953 1686 3027 vulgatam
1710 2954 1789 3011 illam
1807 2953 1873 3010 lCto

127 3043 134 3049 ’
228 3047 370 3118 cepissem
386 3047 472 3120 toqui,
487 3045 587 3104 eaeidr't
603 3047 726 3119 Spiritus
741 3047 769 3104 S.
784 3064 870 3121 super
883 3063 1022 3117 eas,s1cun
1041 3029 1136 3107 ssrum
1157 3049 1278 3122 regulam
1296 3061 1302 3098 :
1322 3065 1335 3098 ε
1349 3045 1428 3116 Quod
1451 3044 1512 3117 quis
1525 3043 1673 3115 paralium
1700 3042 1780 3110 tacit,
1795 3060 1842 3117 per
1852 3057 1875 3098 se

226 3148 263 3189 nr
280 3148 310 3190 ru
324 3140 380 3188 uos
396 3147 426 3188 ru
448 3147 545 3197 rutero,
561 3133 681 3205 adeoque
694 3135 774 3189 etiam
791 3134 818 3190 in
837 3132 923 3191 torma
937 3136 1021 3207 ipris,
1076 3141 1164 3213 ipsum
1181 3138 1270 3194 lacere
1284 3143 1420 3194 censetur.
1438 3152 1451 3187 r
1468 3133 1605 3189 Caeterum
1625 3134 1874 3204 praeministratur

227 3221 296 3278 sicut
310 3221 406 3277 cecidit
428 3221 455 3278 in
477 3222 613 3295 apostolos
635 3221 664 3277 in
687 3222 732 3278 die
754 3223 934 3280 Pentecostas.
952 3225 1022 3281 Son·
1076 3226 1379 3290 eodemsensuNoster,
1394 3221 1489 3293 quoin
1504 3219 1568 3278 hdr
1585 3222 1666 3279 Oret.
1683 3236 1750 3293 cap.
1768 3223 1873 3289 t,lorn·

228 3326 276 3367 sus
299 3310 383 3384 igitur
407 3312 542 3368 dictorum
566 3311 594 3366 S.
619 3312 731 3368 loannis
755 3312 880 3384 llaptistae
903 3312 947 3369 hie
963 3330 1023 3371 esse
1077 3333 1139 3375 nem
1163 3314 1395 3390 proemiuistrum
1409 3310 1521 3378 Christi,
1535 3309 1613 3382 quasi
1636 3319 1874 3382 praeeuntemsan

227 3400 357 3473 optimus,
372 3401 506 3474 planeque
532 3401 655 3458 litteralis
681 3401 788 3461 videtur
810 3405 889 3475 :Epo
913 3403 1024 3475 puidam
1078 3407 1180 3480 praevie
1199 3404 1406 3469 ministrantem,
1426 3403 1503 3459 dixit.
1519 3402 1558 3458 ltu
1572 3408 1601 3456 et
1614 3400 1758 3471 Apuleius
1772 3401 1802 3457 in
1815 3404 1874 3474 Apo·

228 3507 301 3565 aquo
321 3489 418 3563 (sterili
440 3489 544 3548 scilicet
563 3489 710 3556 elemento,
726 3505 776 3546 nee
798 3491 852 3547 rim
880 3491 973 3563 gratiae
997 3494 1024 3549 in
1078 3497 1130 3571 lap.
1147 3497 1267 3569 lingnam
1281 3493 1494 3552 mandationem
1509 3495 1536 3551 et
1550 3490 1795 3548 amaritudinum
1810 3506 1874 3564 pra·

227 3596 258 3635 sa
272 3579 401 3651 habente)
416 3579 528 3653 baptizo
550 3596 608 3648 ros,
624 3588 677 3636 eto.
694 3581 754 3653 lpse
768 3587 858 3636 autem
873 3597 919 3639 uos
934 3583 1021 3655 bapti·
1077 3587 1243 3644 ministram
1257 3581 1414 3640 nominavit.

227 3671 300 3727 subit
318 3669 384 3740 (non
399 3668 456 3725 sola
475 3670 558 3741 aqua)
572 3669 665 3726 sedin
680 3670 790 3741 Spiritu
806 3670 833 3726 S.
850 3670 959 3740 (aquarn
973 3672 1026 3728 ba·
1111 3678 1167 3734 Par
1180 3675 1285 3746 ipsum.
1300 3673 1367 3741 Ejus
1381 3671 1508 3726 nimirum
1519 3672 1637 3728 nomine
1652 3673 1873 3728 seductorium

227 3756 319 3831 ptismi
337 3755 372 3811 ad
400 3757 632 3828 progenerandum
655 3757 769 3830 gratiam
796 3757 969 3831 fecundante)
997 3766 1026 3819 et
1114 3765 1146 3820 ln
1160 3765 1264 3835 ipsum.
1279 3760 1372 3817 Sauirr
1389 3761 1450 3830 eins
1463 3761 1644 3817 virtutemne
1659 3769 1786 3829 noman,
1798 3757 1873 3814 utsci

227 3846 297 3916 ipni,
314 3843 417 3901 scilieet
439 3844 535 3916 gratiis
557 3846 673 3918 Spiritus
693 3846 723 3904 S.
738 3847 768 3903 in
791 3846 853 3920 igne
874 3864 924 3920 per
937 3849 1024 3922 impo-
1075 3849 1138 3907 lieet
1148 3846 1289 3905 transeatis
1298 3847 1327 3902 in
1336 3861 1437 3903 nomen
1454 3846 1569 3912 Christi,
1580 3845 1716 3918 deinceps
1729 3844 1872 3904 duruerat

227 3932 353 3987 sirionem
368 3947 497 3987 manuum
516 3935 728 4004 superventuris.
744 3939 833 4007 Atque
854 3936 899 3995 hie
921 3946 962 3996 est
980 3939 1026 3998 ille
1076 3937 1242 4011 appellandi.
1259 3937 1304 3994 Sic
1318 3936 1392 3992 enim
1410 3935 1440 3992 S.
1462 3934 1537 3993 Paul.
1553 3934 1644 3991 Galat.
1662 3951 1706 4002 ur,
1725 3939 1775 4004 27,
1788 3940 1816 3995 at
1828 3949 1870 4005 stu

228 4019 380 4092 baptismus
394 4022 505 4094 ipneus,
522 4037 603 4093 quem
622 4023 745 4082 Christus
762 4026 821 4098 ipse
835 4030 896 4084 Aet.
912 4043 980 4098 r,-v.
995 4033 1023 4097 b,
1076 4028 1114 4085 ait
1139 4046 1146 4086 :
1176 4028 1337 4099 Quicunque
1360 4027 1393 4081 in
1409 4023 1520 4082 Christo
1546 4023 1655 4096 (Graeee
1667 4025 1702 4085 ela
1718 4026 1833 4098 liparis,
1847 4025 1870 4077 ir

226 4110 417 4184 praennntiauit
433 4128 440 4169 :
457 4114 577 4171 ioannes
587 4114 698 4186 puidam
712 4115 869 4190 baptisavit
881 4133 964 4192 apua,
979 4132 1025 4178 ros
1080 4118 1238 4188 Christum)
1260 4116 1398 4188 baptizoti
1411 4115 1487 4180 estis,
1516 4113 1666 4171 Christum
1681 4116 1833 4172 induistis.
1845 4137 1871 4154 ⁶

227 4199 663 4274 autembaptr'rubimr'nisrrnrnn
672 4217 779 4260 seuero
790 4207 1025 4275 nonpostmuttos
1080 4208 1180 4266 Omnes
1194 4207 1274 4263 enirn
1288 4220 1335 4263 uos
1348 4220 1440 4260 unum
1454 4205 1521 4259 estis
1535 4205 1566 4259 in
1588 4201 1701 4261 Christo
1721 4205 1802 4263 lesu.
1817 4200 1869 4260 tila

227 4290 276 4348 hos
290 4289 359 4348 dies.
375 4289 407 4346 Et
422 4289 504 4362 paulo
522 4298 592 4362 post,
614 4307 641 4349 v.
657 4296 673 4347 8
689 4309 696 4351 :
712 4296 861 4367 decipiatis
884 4297 1025 4354 uirtutem
1075 4297 1153 4368 plura
1167 4296 1240 4368 apud
1255 4294 1283 4351 S.
1303 4292 1384 4350 Basil.
1399 4293 1427 4349 in
1442 4291 1487 4347 eit
1504 4294 1582 4349 Hom.
1599 4290 1632 4348 da
1650 4293 1811 4364 baptismo.

231 4380 456 4451 superpartientis
468 4380 799 4453 Spiritussurretiinuos‚
810 4396 874 4452 eto,
885 4401 946 4456 quea
962 4401 1024 4443 rnox
1041 4366 1068 4456 ὓ
1112 4388 1173 4448 Non
1187 4389 1246 4459 ipse
1272 4384 1406 4457 tirrpalrot.
1423 4383 1493 4439 Sunt
1506 4390 1596 4437 tamen
1619 4395 1655 4436 er
1681 4381 1821 4447 Patribus,
1834 4375 1867 4450 qni

228 4470 261 4524 lu
275 4468 372 4525 diebus
387 4478 489 4540 postea,
505 4486 571 4528 eum
586 4474 797 4545 complerentur
811 4475 1024 4535 diesPenteeos·
1074 4475 1255 4535 verisimiliter
1283 4475 1438 4548 opinantur,
1468 4489 1485 4527 a
1513 4473 1617 4528 Christo
1647 4472 1812 4543 apostolos,
1837 4464 1867 4526 nl

228 4562 279 4624 tes,
295 4557 459 4614 adamussim
474 4560 584 4633 impleta
599 4577 660 4618 esse
675 4563 809 4619 norimus.
1075 4565 1168 4624 saltem
1191 4580 1286 4622 eorum
1313 4563 1475 4636 prinoipem,
1495 4562 1616 4626 Petrum,
1638 4561 1747 4616 Christi
1771 4556 1866 4634 propris

262 4649 349 4720 Aque
362 4648 441 4718 fides.
456 4647 477 4703 Ι.
494 4664 519 4707 ε.
535 4649 580 4704 illa
594 4646 673 4716 fidas,
685 4665 745 4722 quae
759 4659 799 4706 est
814 4653 846 4706 irr
859 4668 962 4724 aquam
976 4670 1024 4711 sou
1076 4672 1156 4712 manu
1170 4655 1319 4727 baptizatos
1334 4652 1428 4709 tuisse.
1446 4653 1485 4706 lta
1498 4651 1568 4707 enlm
1589 4649 1617 4706 S.
1633 4652 1754 4722 August.
1770 4650 1796 4704 in
1820 4661 1866 4720 per·

228 4736 390 4808 baptismum
405 4753 491 4810 aquea,
503 4744 545 4793 cst
562 4738 684 4806 stabilis,
696 4740 821 4809 tirmiter
830 4757 1022 4813 perseuerans,
1074 4743 1191 4816 eleganti
1205 4744 1253 4800 illa
1268 4743 1348 4815 epist.
1372 4744 1423 4796 108
1438 4740 1522 4813 (nune
1536 4738 1601 4809 265)
1617 4739 1654 4794 od
1678 4740 1865 4797 Seleucianae

226 4841 258 4882 ae
273 4832 404 4900 perpetuo
422 4825 541 4899 largiens
562 4826 600 4896 id,
616 4826 688 4899 quod
712 4829 748 4883 ad
772 4837 892 4886 nostram
908 4831 1023 4887 salutem
1077 4835 1111 4890 de
1125 4835 1307 4906 Baptismoet
1319 4833 1421 4890 l’rerrtt.
1432 4832 1520 4897 Petri,
1537 4828 1574 4884 ait
1589 4846 1596 4882 ι
1612 4829 1818 4900 «nequeenim
1830 4823 1865 4879 mi

226 4915 411 4972 necessarium
425 4923 476 4971 est.
492 4916 545 4970 Aut
561 4934 567 4971 :
585 4934 660 4990 aquo
680 4917 727 4975 illo
745 4919 836 4990 fidelis
850 4929 899 4987 est,
915 4935 1024 4979 servans
1076 4924 1185 4979 nisterlo
1212 4922 1366 4995 baptizandi
1395 4920 1500 4986 detuit,
1531 4927 1560 4974 ut
1589 4919 1701 4974 haberet
1730 4917 1864 4989 baptimus

228 5004 370 5073 promissa,
387 5020 420 5060 eo
435 5003 562 5060 nimirum
580 5021 728 5080 sensuque
743 5008 794 5063 lsa.
811 5024 917 5077 xaxrrr,
934 5027 960 5067 r.
979 5013 1022 5077 lb,
1077 5027 1180 5082 servos,
1203 5027 1253 5083 per
1275 5025 1344 5082 qnos
1368 5010 1436 5066 alios
1458 5010 1622 5079 baptizaret,
1647 5007 1695 5078 qni
1714 5022 1771 5064 non
1794 4999 1862 5061 ddnil

228 5090 394 5149 dietrmiuit
408 5111 416 5149 ι
430 5093 516 5165 Aque
540 5096 601 5166 ejus
622 5096 717 5165 fideles
739 5102 816 5155 sunt.
833 5101 886 5154 dut
909 5098 1025 5171 denique
1075 5100 1260 5157 memorabilis
1286 5099 1359 5155 illius
1382 5096 1540 5154 humilitatis
1570 5095 1743 5159 ministerio,
1770 5087 1861 5165 quande

227 5196 325 5238 sensus
343 5191 385 5238 est
401 5198 408 5237 ε
427 5182 485 5240 sola
502 5183 571 5241 tides
592 5203 659 5246 aero
679 5195 707 5244 et
728 5190 840 5247 sineere
855 5198 907 5255 est,
920 5189 949 5244 in
972 5206 1025 5262 qua
1077 5189 1117 5246 eis
1139 5190 1203 5249 lavit
1227 5189 1320 5261 podes,
1345 5195 1371 5244 et
1394 5186 1496 5260 patenti
1518 5187 1617 5251 Petro,
1641 5191 1674 5242 ut
1696 5198 1752 5239 non
1776 5187 1860 5238 tantun

227 5268 261 5326 all
281 5270 396 5326 salutern
411 5270 557 5339 abluimur,
572 5280 638 5346 ete,
654 5277 792 5336 simulato
809 5293 875 5334 τετε
888 5286 916 5334 et
928 5280 1025 5334 insto·
1077 5280 1172 5352 pedes,
1192 5277 1382 5337 verumetiam
1402 5291 1499 5332 manus
1512 5282 1538 5330 et
1552 5284 1631 5348 eaput
1646 5272 1672 5330 ei
1688 5274 1801 5337 lavaret,
1815 5280 1858 5323 rar·

227 5359 291 5415 bilis
305 5374 354 5416 seu
368 5362 525 5430 nonserio,
541 5376 657 5435 moxque
672 5364 770 5422 iterum
795 5365 954 5431 deserenda,
969 5366 1024 5422 tin·
1076 5370 1179 5441 pondit,
1191 5367 1243 5437 Qut
1255 5383 1342 5426 nonus
1355 5381 1418 5434 usn,
1434 5382 1492 5423 nou
1507 5365 1625 5437 indipet,
1639 5386 1652 5415 ε
1667 5372 1718 5420 ειε.
1735 5360 1797 5434 Lagi
1811 5365 1857 5413 sant

230 5447 304 5518 gitur
317 5448 346 5504 in
360 5449 501 5521 iudicium·
1078 5459 1106 5513 in
1120 5473 1178 5514 τετε
1191 5457 1261 5515 hane
1275 5465 1331 5514 tota
1345 5463 1464 5513 meretur
1476 5454 1608 5528 Epistola.

265 5539 297 5593 ln
305 5538 461 5612 judicium.
470 5539 549 5603 Hune
563 5557 645 5616 supra
658 5541 788 5614 prolixius
802 5542 918 5617 expositi
934 5551 1024 5602 textus
1117 5547 1198 5607 Verbo
1213 5548 1305 5606 dabui.
1321 5546 1416 5619 Neque
1433 5543 1505 5603 enim
1520 5542 1576 5601 ullo
1589 5541 1644 5600 alio
1669 5535 1797 5599 exteriori
1817 5531 1856 5590 riu
