3840 6134
146 309 201 370 etr
774 303 872 368 mutu
890 301 967 365 tol.
988 299 1161 365 rltAxltttt.
1456 334 1465 349 ·
1746 313 1800 379 218

145 443 202 504 uota
234 434 415 492 instrumente
441 433 467 476 ⁵³
493 434 570 506 ejus,
597 450 658 509 quae
686 432 713 491 in
742 434 813 491 hunc
837 429 949 489 modurn
965 441 990 524 Α
1005 428 1164 488 Sermonem
1181 437 1209 488 et
1228 428 1280 488 Ilei
1294 430 1405 492 Filium.
1427 435 1546 496 Dicendo
1563 437 1689 512 denique,
1704 438 1796 498 Chris·

145 524 335 598 pronuntiant,
358 532 387 581 et
412 523 484 583 duos
511 532 676 597 proponunt,
709 524 795 580 Deum
824 522 944 588 Patrem,
1005 527 1048 576 tus
1065 526 1188 577 mortuus
1209 529 1260 591 est,
1283 520 1312 578 id
1335 530 1378 581 εει
1402 534 1509 598 unctus,
1528 527 1556 584 id
1578 528 1652 599 quod
1688 539 1798 587 unctum

144 625 170 672 et
188 612 341 671 Dominum
364 622 490 670 nostrum
511 613 605 670 lasum
633 610 768 670 Christum
784 611 882 669 Filium
895 608 945 665 Pa·
998 615 1049 678 est,
1062 616 1197 667 mortuum
1218 612 1349 677 ostendit,
1363 613 1392 670 id
1407 623 1448 672 cst
1461 629 1579 673 carnem.
1596 617 1679 692 Ergo,
1695 619 1797 694 inquis,

144 703 205 774 uis,
218 713 247 761 et
268 704 363 759 lesum
384 702 474 774 ipsum
493 717 553 761 εεεε
566 701 715 771 Christum,
731 701 758 757 in
772 701 858 758 altero
871 713 942 773 quo·
997 708 1024 756 ει
1038 714 1089 756 nos
1110 699 1205 757 eadem
1221 701 1324 759 ratione
1341 703 1446 762 Patrem
1472 713 1610 763 mortuum
1627 708 1651 746 ⁵¹
1676 707 1799 768 dicentes

143 810 194 868 que
207 793 322 851 nomme
341 792 392 850 Dei
415 791 522 849 Filium.
543 793 613 849 Nam
640 790 737 850 exinde
749 791 793 863 {eo
805 791 867 865 jure
889 804 944 862 quo
996 804 1050 862 qua
1062 804 1112 847 ros
1130 789 1156 829 ⁵²
1170 789 1280 863 Filium,
1300 806 1356 849 non
1369 793 1591 866 blasphemamus
1612 795 1640 852 iu
1653 795 1798 856 llominum

144 890 293 954 utrumque
310 896 410 939 nomeu
438 879 520 938 unius
545 888 597 948 εει,
622 879 650 936 id
677 889 719 938 εει
744 879 794 936 Dei
822 878 885 937 Filii
907 879 942 945 55,
996 874 1083 935 Deum
1100 895 1108 934 ε
1124 893 1178 936 non
1202 880 1274 936 euim
1298 897 1332 937 ex
1355 881 1456 955 dirius,
1471 882 1520 940 sed
1542 900 1575 941 ex
1598 886 1796 944 bumanasub·

143 971 228 1027 ctiam
251 968 370 1027 alterum
403 969 462 1026 siue
486 971 571 1028 altero
598 970 718 1045 ejusdem
750 979 800 1027 cst.
827 969 861 1025 llt
888 969 944 1024 sire
997 967 1095 1024 stantia
1121 976 1257 1027 mertuum
1276 969 1402 1028 dicimus.
1426 972 1527 1045 Atquin
1554 973 1580 1013 55
1602 973 1799 1045 blasphematis

143 1061 221 1116 lesus
255 1058 446 1116 tantummodo
485 1059 604 1130 positum
632 1067 693 1127 εει,
720 1059 882 1134 intelligitur
915 1063 943 1113 et
996 1070 1051 1113 non
1072 1063 1176 1115 mutum
1200 1058 1263 1132 quia
1281 1067 1419 1116 mortuum
1444 1060 1533 1120 dicitis
1562 1063 1679 1134 Patrem,
1698 1063 1746 1121 sed
1770 1073 1798 1122 et

144 1147 291 1206 Christus:
309 1149 373 1220 quia
393 1149 472 1204 lesus
486 1149 511 1188 ⁵⁵
533 1156 631 1206 unctus
645 1156 696 1209 est.
710 1148 771 1208 Sine
796 1148 942 1206 solummo·
996 1145 1059 1219 quie
1079 1148 1250 1205 crucifixum.
1274 1149 1461 1208 Maledictione
1484 1151 1556 1208 enirn
1582 1150 1714 1221 crucilini,
1737 1169 1797 1226 quae

144 1238 176 1295 do
200 1237 340 1304 Christus,
366 1237 439 1295 idem
459 1245 502 1294 εει
523 1238 604 1296 lesus
627 1239 662 1306 ⁵⁵,
690 1239 756 1312 quia
783 1247 878 1295 unctus
900 1245 943 1293 εει
995 1250 1028 1292 ex
1044 1234 1104 1309 lege
1117 1236 1145 1292 in
1164 1235 1261 1293 Filium
1277 1238 1407 1311 competit
1420 1240 1493 1310 (quia
1512 1239 1637 1299 Christus
1651 1257 1701 1314 pro
1718 1243 1797 1299 uobis

143 1325 233 1384 lesus.
258 1326 383 1396 Quorum
403 1325 542 1383 nominum
569 1326 684 1384 alterum
714 1334 757 1384 εει
781 1327 940 1400 proprium,
997 1323 1150 1381 maledictio
1177 1325 1202 1363 ⁵⁵
1218 1324 1306 1382 lactus
1319 1332 1371 1393 est,
1398 1341 1453 1384 uon
1474 1328 1576 1399 Pater),
1600 1329 1739 1386 Christum
1768 1332 1794 1388 in

145 1417 217 1488 quod
239 1416 274 1472 ab
288 1416 385 1488 angelo
403 1415 563 1487 impositum
585 1425 644 1488 ent3
664 1416 780 1474 alterum
803 1414 940 1483 enuidens,
995 1413 1101 1470 Patrem
1138 1422 1340 1481 convertentes,
1377 1414 1405 1471 in
1446 1417 1551 1473 Patrem
1590 1417 1794 1492 blasphematis.

144 1503 218 1577 quod
241 1504 277 1560 ab
300 1503 429 1561 unctione
453 1504 601 1575 eonvenit3
617 1505 681 1563 dum
705 1513 795 1563 tamen
819 1503 943 1564 Christus
995 1501 1155 1559 Nosautenr
1177 1501 1298 1561 diceutes
1322 1503 1457 1562 Christum
1470 1504 1709 1576 auderamnus
1733 1525 1793 1565 ma-

145 1592 226 1650 litias
249 1591 294 1658 sit,
311 1607 366 1649 uon
386 1593 474 1651 Pater.
501 1594 651 1663 Postremo,
677 1610 759 1667 quam
773 1607 862 1651 cecus
889 1598 941 1661 εει,
997 1589 1138 1647 ledicimus
1157 1589 1244 1663 illum,
1267 1592 1315 1648 sed
1336 1591 1511 1650 maledictum
1539 1593 1607 1667 legis
1634 1595 1791 1670 referimus3

146 1680 187 1752 qui
213 1696 267 1738 nec
295 1679 437 1737 inebriati
461 1681 570 1739 nomine
587 1681 717 1756 intelligit
743 1681 825 1738 alium
852 1681 941 1737 Deum
995 1677 1059 1750 quia
1079 1692 1129 1735 nec
1147 1679 1294 1748 Apostolus
1316 1679 1368 1737 hoc
1382 1679 1475 1738 dicens
1499 1681 1702 1753 blasphemavit.
1718 1682 1794 1743 Sicut

145 1770 284 1844 portendi,
310 1770 333 1827 si
361 1769 470 1828 Christo
494 1784 594 1828 nomeu
619 1771 705 1829 Patris
730 1771 754 1810 55
783 1766 940 1828 adscribat?
994 1773 1094 1834 autern,
1117 1766 1152 1825 de
1167 1780 1222 1840 quo
1236 1765 1300 1840 quid
1321 1767 1470 1841 capitolini,
1486 1769 1544 1827 siue
1558 1770 1727 1842 blasphemia
1747 1774 1792 1830 dl·

147 1861 170 1919 Si
189 1860 267 1919 euim
281 1859 406 1916 Christus
419 1861 498 1918 Pater
512 1862 585 1918 Deus
603 1869 656 1930 εει,
679 1861 725 1934 qui
750 1860 815 1917 dicit
842 1833 977 1944 (loomfl
990 1854 1074 1923 citur;
1097 1853 1134 1910 ita
1147 1855 1220 1928 quod
1248 1868 1302 1911 uon
1322 1855 1403 1927 capit,
1419 1856 1587 1927 blasphemia
1605 1867 1646 1916 εει
1670 1860 1692 1916 si
1716 1862 1791 1920 dica-

105 1991 108 2007 .
146 1967 191 2018 xx,
206 1951 256 2021 Π)
271 1967 279 2005 :
296 1948 422 2008 Ascendo
435 1950 597 2009 udPutrcm
610 1965 707 2008 mcum
721 1954 750 2007 ει
764 1950 879 2006 Patrem
893 1967 941 2007 ne·
994 1950 1047 2000 tur.
1061 1944 1133 2017 Ergo
1146 1959 1197 2003 uec
1210 1959 1369 2018 compassus
1383 1956 1424 2002 est
1437 1946 1614 2017 Paterllrli03
1629 1948 1791 2005 siceuim⁵⁵

144 2043 246 2109 cmm,
260 2043 291 2095 et
309 2041 401 2096 Deum
410 2052 507 2096 mum
521 2042 550 2096 ιε
574 2042 663 2097 Deum
686 2042 830 2105 vestrum
845 2038 939 2110 urique
993 2033 1123 2090 directam
1146 2031 1342 2106 blasphemiam
1365 2033 1392 2090 in
1424 2035 1530 2093 Patrem
1559 2037 1647 2107 veriti,
1675 2035 1791 2095 diminui

142 2127 217 2187 dum
246 2127 356 2184 Patrem
370 2142 452 2198 super
466 2143 496 2183 εε
519 2135 546 2184 ει
567 2127 655 2184 Deum
674 2126 802 2183 ostendit.
819 2124 847 2183 Si
871 2125 936 2182 item
993 2137 1053 2178 cam
1074 2121 1126 2178 hoc
1144 2124 1226 2179 modo
1239 2131 1359 2194 sperant,
1374 2123 1555 2181 concedentes
1570 2124 1627 2194 jam
1641 2127 1745 2184 Patrem
1765 2127 1791 2184 εἰ

143 2216 213 2275 later
233 2216 361 2275 curicus
374 2225 425 2283 εει,
440 2216 510 2274 alius
525 2225 566 2274 εει
582 2215 630 2288 qui
644 2216 751 2273 solidat
776 2217 938 2274 tonitruum
992 2211 1091 2268 Filium
1106 2212 1175 2269 duos
1188 2227 1269 2284 esse3
1285 2213 1308 2269 si
1323 2212 1408 2271 Filius
1421 2213 1533 2286 quidem
1547 2214 1573 2254 55
1587 2214 1696 2286 patitur,
1712 2217 1790 2274 Pater

141 2304 938 2380 emacitspiritumntannunrsortohommeacanatum
992 2316 1058 2359 nero
1086 2300 1256 2374 compatitur.
1284 2301 1365 2359 Stulti
1392 2311 1419 2359 et
1442 2303 1470 2359 in
1484 2304 1546 2362 lroc.
1569 2301 1643 2373 Quid
1657 2313 1699 2362 εει
1716 2305 1788 2362 euim

139 2410 217 2453 mum
230 2395 342 2464 (Amor,
358 2408 397 2462 ιν,
411 2396 455 2463 lb)
467 2411 476 2460 ς
490 2404 517 2450 ει
531 2393 554 2450 si
569 2396 729 2451 astiterunt
744 2409 823 2467 repes
839 2398 936 2461 terrae,
991 2389 1120 2462 compati,
1138 2406 1222 2463 quam
1240 2405 1302 2448 cum
1316 2391 1369 2448 elio
1382 2391 1461 2463 petil
1476 2392 1570 2460 Porro,
1586 2393 1608 2449 si
1628 2392 1787 2466 impassibi-

138 2485 324 2543 coronantes
332 2486 495 2557 mercante·
504 2484 708 2541 suatinensem
714 2483 846 2541 adversus
857 2481 937 2540 Obri-
991 2479 1023 2536 tis
1036 2479 1122 2548 Pater,
1146 2481 1238 2553 utique
1255 2490 1283 2538 et
1297 2480 1534 2553 incompassibilis.
1556 2481 1613 2539 Aut
1625 2481 1650 2538 εἰ
1663 2497 1789 2556 compas-

136 2579 204 2633 rtuns
221 2576 321 2648 ipsius
335 2574 424 2643 (Paul.
440 2589 469 2640 u,
483 2576 530 2644 2);
554 2571 691 2631 alluserit
706 2571 849 2642 Dominus,
865 2586 934 2628 cou-
989 2568 1086 2633 sibilia,
1102 2568 1193 2642 ulique
1220 2569 1367 2641 passibilis.
1395 2570 1467 2626 Nihil
1496 2570 1521 2626 ei
1548 2570 1590 2627 rel
1618 2572 1670 2629 hcc
1693 2572 1789 2632 timore

137 2670 167 2721 ha
180 2663 266 2734 euius
296 2660 435 2719 Christum
464 2661 620 2736 cougregati
648 2668 713 2719 suut
726 2675 805 2733 reges
833 2668 861 2715 ot
888 2676 934 2715 nr·
990 2666 1036 2715 tuo
1059 2656 1084 2697 55
1099 2668 1221 2729 praestus.
1243 2659 1331 2717 Times
1352 2659 1443 2716 dicere
1459 2660 1625 2731 passibilem,
1641 2678 1723 2733 quem
1746 2665 1788 2720 di·

135 2751 254 2808 aenaea
274 2748 357 2806 Etsi
383 2765 390 2802 :
414 2750 477 2808 Haec
497 2749 575 2818 dicitl
588 2749 723 2809 Dominus
739 2749 856 2806 Domino
874 2764 935 2807 meo
990 2746 1030 2803 cis
1052 2747 1279 2818 compassibilem.
1308 2748 1374 2804 Tam
1401 2756 1491 2805 autem
1516 2749 1741 2821 incompassibilis
1762 2754 1788 2792 55

137 2838 241 2898 dir-iata
256 2839 330 2907 (lac.
347 2852 412 2905 sun,
428 2838 475 2909 l);
491 2836 623 2895 alluserit
637 2836 827 2910 Dominusqui
847 2836 935 2908 loqui·
991 2835 1068 2892 Pater
1090 2844 1140 2906 εει,
1166 2851 1246 2908 quum
1275 2835 1451 2909 impassibilis
1475 2838 1557 2894 etiarn
1583 2837 1669 2896 Filius
1694 2855 1727 2896 eu
1755 2857 1787 2897 ea

137 2934 172 2983 tur
195 2927 231 2983 ad
258 2927 371 2983 Patrem
398 2925 507 2982 Christi.
532 2926 567 2982 Bt
588 2942 650 2983 cum
670 2924 818 2998 Apostolus
844 2925 937 2982 scribit
990 2924 1217 2998 conditioneque
1239 2926 1311 2983 Deus
1332 2933 1386 2984 εει.
1419 2926 1471 2983 Sed
1499 2928 1636 3000 quomodo
1660 2928 1685 2968 ⁵⁹
1703 2928 1787 2986 Filius

141 3013 250 3088 (Epirus.
262 3031 287 3082 ι,
302 3016 346 3084 l'l)
360 3033 367 3072 :
382 3017 427 3074 nti
440 3018 514 3072 Deus
528 3015 642 3072 llornini
654 3016 748 3071 nostri
761 3013 936 3071 desudariab'
950 3009 974 3090 c
989 3027 1085 3084 passus
1105 3020 1155 3080 εει,
1171 3013 1194 3070 si
1218 3027 1272 3070 nou
1285 3028 1442 3085 compassus
1460 3023 1501 3071 est
1524 3024 1552 3072 ει
1578 3017 1680 3072 Patcr‘l
1703 3018 1787 3090 Sepa-

144 3102 186 3158 let
197 3103 416 3175 nobiaspirr‘tum
430 3103 578 3176 supientiae
591 3107 620 3160 ct
630 3098 935 3175 equitionis5aliuserit
990 3100 1098 3156 rabatnr
1114 3100 1167 3156 ⁵⁰a
1186 3101 1263 3171 Filio,
1280 3116 1334 3159 non
1349 3102 1442 3158 abeo.
1458 3104 1524 3159 Nam
1541 3113 1568 3160 et
1582 3105 1682 3161 llurius
1697 3106 1720 3161 si
1735 3107 1786 3161 ali·

142 3188 217 3246 Deus
239 3189 331 3246 Chr'nti
350 3191 416 3248 lesu
440 3191 630 3247 charismatum
653 3190 835 3262 spiritualium
850 3188 933 3262 largi·
989 3204 1041 3261 qua
1056 3190 1218 3247 turbulentia
1240 3189 1450 3262 contaminatur,
1474 3204 1627 3265 quanquam
1650 3209 1702 3248 una
1716 3195 1785 3250 sub-

141 3279 285 3352 tortllonr.
303 3295 364 3348 rut,
382 3280 439 3349 ll).
452 3280 541 3350 Certe,
556 3294 591 3337 ne
604 3294 654 3349 per
668 3280 757 3336 omnia
770 3295 932 3353 evagemur3
988 3277 1085 3335 stantia
1101 3279 1136 3335 de
1161 3278 1235 3335 lente
1264 3278 1398 3348 decurrat,
1419 3294 1470 3336 nec
1488 3291 1677 3337 secernatura
1700 3282 1785 3353 toute,

136 3369 701 3442 mmmmmcctnarnmnuacitaturus
711 3374 754 3427 εει
763 3374 790 3428 ει
799 3370 935 3426 mortalia
988 3374 1077 3423 tamen
1105 3366 1178 3424 llurii
1201 3368 1298 3438 injuria
1322 3383 1375 3424 non
1392 3367 1541 3440 pertinebit
1567 3369 1599 3424 ad
1620 3368 1730 3427 fontem.
1752 3373 1787 3428 Et

136 3473 248 3534 corpora
275 3463 398 3526 nostru;
417 3458 528 3532 jamque
565 3456 633 3513 alius
656 3458 681 3497 55
709 3458 760 3515 erit
790 3457 934 3516 suscitator
987 3454 1049 3511 licet
1072 3471 1142 3529 aqua
1165 3455 1368 3530 sontissitquae
1389 3456 1413 3496 ⁵¹
1429 3455 1544 3526 patiatur
1558 3455 1586 3512 in
1600 3455 1702 3527 tlurio‚·
1721 3458 1784 3516 dum

137 3562 209 3619 quam
224 3549 308 3605 Pater
323 3555 459 3615 mortuus,
474 3555 500 3604 et
510 3548 589 3605 Pater
603 3546 757 3615 suscitatus,
773 3546 796 3603 ai
809 3549 934 3607 Christus
988 3560 1043 3602 non
1056 3544 1084 3600 in
1098 3544 1174 3601 lontc
1190 3544 1301 3616 patitur,
1316 3545 1365 3602 sed
1379 3546 1408 3602 iu
1422 3543 1515 3613 durio,
1531 3546 1662 3613 pontons
1676 3547 1786 3618 patitur,

138 3637 176 3709 qui
189 3647 234 3697 est
256 3646 398 3707 mortuns,
413 3638 490 3694 Pater
504 3641 557 3694 εει.
988 3634 1034 3689 sed
1050 3633 1149 3691 fluuius
1171 3625 1217 3708 qui
1241 3650 1273 3691 ex
1298 3635 1374 3692 lente
1396 3645 1446 3691 ost.
1463 3636 1511 3703 ltu,
1525 3643 1552 3692 et
1574 3635 1597 3691 si
1622 3635 1647 3675 55
1674 3636 1786 3711 spiritus

422 3725 536 3784 CAPUT
559 3725 664 3784 XXIX.
987 3721 1038 3778 Dei
1051 3721 1115 3794 quid
1135 3723 1191 3793 pati
1205 3731 1296 3794 posset
1314 3724 1339 3763 55
1353 3725 1380 3780 in
1396 3724 1474 3792 Filio,
1489 3725 1553 3797 quia
1576 3734 1665 3782 tamen
1684 3741 1738 3781 non
1757 3727 1785 3782 in

169 3814 356 3885 Obmutescat,
381 3814 549 3874 obmutescat
576 3815 627 3872 ista
651 3815 831 3887 blasphemia,
855 3813 932 3871 sulfi-
987 3812 1064 3869 Patre
1086 3821 1234 3887 pateretur,
1248 3815 1296 3870 sed
1321 3815 1348 3870 in
1371 3814 1451 3883 Filio,
1467 3814 1546 3873 Pater
1559 3831 1657 3887 passus
1676 3831 1728 3873 uon
1744 3817 1786 3873 ri-

142 3905 186 3961 ciat
208 3905 351 3962 curetum
378 3904 476 3960 Filium
503 3904 553 3962 llei
576 3912 715 3962 mortuum
727 3903 806 3975 dicig
826 3911 855 3959 et
882 3902 934 3958 hoe
986 3900 1105 3959 deretur.
1121 3901 1175 3959 Sed
1196 3902 1297 3960 suflicit
1312 3903 1377 3960 nihil
1394 3902 1525 3975 Spiritum
1544 3903 1593 3960 Dei
1608 3919 1718 3974 passum
1734 3920 1786 3963 suo

143 3993 181 4067 qui
196 3994 235 4050 ita
252 3991 339 4051 toa
360 3995 554 4065 scriptumest.
575 3995 643 4050 Nam
659 4004 686 4050 ει
704 3992 862 4064 Apostolus,
878 4005 933 4047 uon
987 3991 1114 4059 uomine;
1141 3991 1238 4064 quiesi
1266 3992 1330 4063 quid
1356 4009 1450 4064 passus
1473 4001 1522 4062 εει,
1538 3993 1566 4049 in
1588 3993 1656 4052 Filio
1675 3994 1784 4067 quidem

141 4081 294 4140 tiueouerc‘
323 4084 501 4154 pronuntians
526 4084 664 4141 Christum
688 4092 835 4151 mortuum,
852 4080 930 4150 adje-
986 4086 1147 4152 paesusest,
1164 4078 1245 4140 wli
1261 4080 1608 4155 iuquoeratetlll'atcr,
1624 4083 1785 4142 cumFilius

142 4169 173 4228 eit
188 4172 222 4240 55,
235 4173 398 4230 serendum
420 4174 647 4247 scripturos3ut
661 4171 787 4230 duritiam
805 4184 932 4244 pronun·
986 4167 1011 4207 55
1026 4175 1161 4242 pateretur
1174 4169 1202 4227 in
1217 4185 1316 4242 carue3
1333 4171 1397 4241 qnia
1415 4171 1469 4235 hoc
1489 4177 1664 4229 retractatum
1677 4172 1712 4228 55.
1728 4173 1784 4231 Νεε

143 4258 253 4317 dadonis
266 4259 468 4332 seripturarum
481 4262 642 4322 auctoritate
665 4260 795 4328 molliret,
811 4270 839 4319 et
853 4275 932 4318 scau·
949 4237 1129 4331 flquisquam
1143 4258 1262 4331 negabit,
1279 4262 1388 4330 quaudo
1402 4269 1428 4316 ει
1438 4276 1489 4318 uos
1502 4260 1556 4332 pati
1571 4275 1623 4333 pro
1632 4261 1783 4318 Deononll

142 4347 225 4405 delum
249 4348 367 4406 auditori
398 4359 543 4408 everteret.
578 4349 736 4424 Quanquam
766 4366 827 4407 curn
869 4350 930 4406 duae
983 4363 1142 4422 possumus,
1156 4347 1209 4404 nisi
1223 4346 1249 4385 55
1261 4347 1376 4419 Spiritus
1390 4350 1438 4406 Dei
1448 4349 1483 4407 sit
1498 4350 1524 4404 iu
1539 4349 1617 4408 nohis
1630 4352 1677 4425 qui
1689 4351 1725 4424 {et
1739 4352 1783 4408 lo-

125 4418 292 4517 lsuhsunun
319 4444 481 4503 censeantur
506 4439 534 4496 iu
562 4439 672 4497 Christo
699 4441 773 4510 lesu,
788 4439 880 4495 divina
903 4449 931 4496 et
984 4439 1076 4511 quitur
1099 4438 1133 4494 de
1156 4436 1234 4494 nobis
1255 4453 1315 4509 quae
1339 4445 1402 4494 sunt
1424 4438 1621 4511 confessionis3
1647 4456 1701 4498 uon
1725 4440 1783 4514 ipse

141 4525 263 4597 humana,
285 4535 392 4586 constet
417 4536 506 4585 autem
530 4528 709 4588 immortalem
724 4545 786 4588 essa
799 4528 928 4601 diuinam,
984 4536 1073 4586 temen
1087 4525 1204 4600 patiens,
1214 4527 1263 4584 sed
1277 4526 1334 4600 pati
1347 4540 1428 4599 posse
1442 4535 1584 4600 prestans.

141 4613 205 4672 deut
219 4615 359 4672 mortalem
382 4616 408 4656 ⁵⁰
423 4633 484 4688 quae
507 4617 624 4674 lamneus
639 4618 685 4688 sit,
700 4629 821 4690 apparet,
835 4625 932 4692 quate·
1269 4615 1385 4674 uAPur
1400 4616 1495 4674 XXX.

140 4718 185 4759 nus
202 4719 267 4762 curn
295 4714 432 4762 mortuum
458 4705 541 4774 dicat,
566 4706 594 4762 id
621 4717 671 4774 est,
701 4721 756 4779 qua
774 4721 883 4764 caruem
904 4715 932 4764 et
1020 4704 1148 4778 Alioquin
1167 4703 1190 4760 si
1219 4707 1288 4763 ultra
1314 4721 1412 4779 pergas
1437 4708 1471 4772 55,
1492 4713 1586 4779 potero
1613 4702 1664 4760 tibi
1687 4703 1782 4761 durius

139 4787 268 4849 homiuem
295 4799 323 4849 et
347 4791 433 4850 filiurn
460 4793 588 4862 hominis,
603 4809 657 4852 non
685 4810 739 4869 qua
765 4794 932 4865 spiritumet
986 4796 1161 4867 respondere,
1176 4802 1203 4853 et
1216 4805 1242 4852 ιε
1256 4810 1319 4854 cum
1333 4795 1418 4869 ipsius
1437 4792 1547 4854 Domini
1561 4792 1780 4865 pronuntiatione

814 4976 910 5037 Variae
932 4977 1089 5038 lectiones.

163 5160 190 5200 ⁵³
203 5161 307 5218 'lotum
317 5158 524 5218 instrumentum
539 5159 627 5218 lllrcn.
641 5161 665 5201 ⁵⁵
679 5160 765 5217 Filius
778 5159 865 5219 Rhea.
885 5161 910 5201 ⁵⁵
923 5159 1045 5219 Christus
1059 5161 1123 5219 odd.
1141 5160 1229 5220 illaec.
1240 5161 1265 5201 55
1274 5161 1453 5221 Sulummodo
1466 5163 1542 5222 deest
1556 5171 1583 5222 et
1596 5164 1674 5223 iesus
1687 5165 1778 5225 Rhea.

131 5229 153 5268 55
164 5231 265 5290 Christi
281 5246 378 5293 nomen
389 5233 455 5303 patri
472 5231 558 5291 Scml.
574 5232 599 5271 55
612 5232 751 5305 Tanquam
764 5232 833 5288 aliua
851 5233 940 5293 ltlren.
957 5230 1057 5317 Utique
1075 5233 1143 5290 alius
1158 5232 1217 5293 cod.
1239 5236 1340 5294 Wouro.
1350 5234 1375 5273 55
1385 5233 1490 5307 Adjicit
1504 5236 1567 5294 olii.
1583 5237 1609 5276 ⁵⁰
1623 5237 1686 5293 Eam
1702 5253 1778 5295 mor-

131 5302 209 5361 talem
227 5306 297 5361 lun.
312 5303 380 5360 Cum
398 5304 538 5360 mortalem
553 5302 639 5362 Rhea.
650 5305 674 5344 ⁶¹
692 5306 799 5361 Patrem
812 5315 948 5362 mortuum
962 5310 1056 5366 omttt.
1074 5307 1160 5364 Semi.
1175 5304 1201 5343 55
1215 5305 1271 5362 Νεε
1284 5308 1372 5366 uben.
1387 5307 1413 5346 55
1428 5312 1533 5364 Atrum
1549 5309 1637 5367 Semi.
1652 5308 1677 5346 55
1690 5309 1778 5364 llale-

130 5373 249 5433 dictione
263 5378 363 5441 Frun.,
378 5375 482 5442 Poris,
499 5377 560 5449 trip.
574 5375 600 5416 55
613 5375 687 5433 Sicut
702 5376 789 5434 uben.
805 5375 830 5416 55
856 5375 997 5450 Sipuidem
1027 5376 1115 5436 libera.
1142 5376 1166 5416 55
1196 5376 1287 5434 Veluti
1305 5385 1412 5437 mortun
1436 5379 1521 5436 Semt.
1537 5379 1562 5417 55
1575 5379 1777 5448 compassibilis

131 5447 214 5504 sena
227 5446 254 5487 55
266 5445 383 5516 Quando
397 5447 457 5506 cod.
478 5449 589 5515 Wocw„
611 5446 659 5503 tib.
679 5449 770 5506 Ursin.
781 5446 806 5486 55
819 5447 964 5521 Separatur
977 5447 1064 5507 uben.
1080 5450 1103 5487 55
1120 5447 1216 5522 Utique
1230 5449 1274 5508 uel
1288 5465 1366 5520 aeque
1376 5450 1469 5506 botin.
1480 5449 1504 5488 55
1517 5449 1559 5516 Ει,
1569 5450 1653 5507 Semi.
1674 5448 1699 5487 55
1715 5448 1779 5504 Ροε-

129 5518 165 5575 sit
183 5520 270 5577 Semi.
287 5518 325 5575 lta
343 5518 432 5592 etqui
446 5519 545 5592 patitur
559 5519 652 5576 Puris.
665 5518 689 5558 55
706 5516 820 5588 Quidem
840 5526 898 5579 erat
911 5527 941 5578 ut
954 5521 1033 5578 Pater
1047 5521 1165 5580 Semlcr.
1184 5518 1209 5560 55
1222 5519 1290 5578 Filio
1306 5520 1346 5578 ld.
1368 5519 1393 5559 55
1415 5518 1593 5586 Retraotatus,
1608 5519 1647 5578 ld.
1672 5515 1696 5557 55
1715 5520 1777 5579 Non

129 5589 217 5651 test.
228 5591 314 5651 Semi.
326 5588 389 5649 ⁷⁸si
405 5590 490 5651 Sentl.
510 5589 535 5630 55
549 5590 670 5664 Perpens
683 5590 768 5650 Semi.
