3840 6134
127 285 181 346 out
470 278 691 342 utuwttttttt
709 279 839 343 outubtt
861 279 944 342 utus
962 280 996 342 ll.
1015 312 1052 326 -
1074 279 1190 343 Slllith
1207 281 1229 351 1,
1252 281 1422 345 Potuutoa.
1708 280 1765 346 608

128 411 243 464 adventu
266 405 418 480 pompatico
436 405 496 476 ejus
516 419 645 463 mnenssa
667 406 824 478 Achamoth,
850 420 915 478 pro·
933 423 957 502 ρ
972 404 1052 465 511
1076 406 1122 479 (ραί
1137 407 1224 464 Deum
1239 422 1271 461 ex
1285 407 1408 478 materia,
1423 420 1478 465 non
1500 423 1534 465 aa
1557 408 1642 466 nihilo
1663 422 1763 482 opere·

128 498 199 551 tinus
212 495 390 553 velamentum
404 495 456 550 sihi
469 494 592 563 obduxit,
613 513 645 552 ex
660 495 753 554 oibcio
767 498 854 568 primo
868 511 917 552 ve·
972 503 1028 552 tuna
1042 502 1147 562 cuneta,
1162 501 1328 569 presumunt
1338 495 1389 567 (6).

129 583 275 640 ncrationis
303 592 330 639 et
359 583 530 640 verecundiae
556 601 563 638 :
592 583 690 640 dehine
722 581 920 655 contemplatur

128 688 199 739 eum,
216 671 435 742 fructiferumque
454 672 478 710 ⁵²
492 679 650 746 suggestum
667 672 715 741 (3).
731 670 836 741 Quibus
856 670 919 726 inde
1258 635 1369 693 CAPUT
1383 635 1468 693 xm·

129 769 286 829 conceperat
308 760 410 815 viribus
436 757 552 815 occurrit
576 758 623 830 illi,
649 760 734 829 Κύριε(
751 758 845 828 Χαῖρε)
870 757 919 815 llio
1006 755 1049 812 Ab
1070 755 1133 815 hinc
1158 756 1308 814 Achamoth
1337 757 1462 829 expedita
1484 756 1595 814 tandem
1625 758 1661 816 de
1685 759 1763 817 nativ

128 848 225 918 opinor
242 855 391 918 susceptam
406 847 451 903 ille
470 845 715 919 confirmat,atqne
730 845 917 906 eoniormat⁵³
971 846 1105 914 omnihus,
1135 862 1198 905 ecce
1217 851 1274 919 jam
1296 847 1413 918 proficit,
1441 854 1468 905 et
1495 850 1524 904 in
1552 864 1635 920 opera
1657 850 1763 918 majore

128 935 264 1008 agnitione
284 936 387 1005 (στανδ),
405 942 432 992 et
455 936 489 990 ah
510 936 635 991 omnihus
659 935 764 1005 iniuriis
786 933 920 990 Passionis
972 935 1108 1010 frugescit.
1136 937 1196 992 Prae
1222 936 1320 1010 gaudio
1347 936 1419 991 enim
1444 935 1510 992 taud
1539 951 1572 993 ex
1602 936 1760 994 iatettettus

128 1024 288 1094 expumicat,
309 1039 362 1079 non
384 1023 475 1081 eadem
502 1022 527 1062 ⁵⁵
551 1024 714 1097 negligentia
735 1024 766 1078 in
791 1023 916 1079 extermi·
972 1037 1114 1080 successus
1149 1023 1341 1087 concalefacta,
1374 1023 1508 1096 simulque
1536 1023 1764 1096 contemplatione

129 1113 203 1166 nium
217 1112 243 1151 ⁵⁵
253 1111 377 1168 discretis
390 1112 437 1184 (i),
452 1126 512 1183 quae
534 1111 665 1168 acciderat
683 1112 710 1167 in
732 1111 839 1168 casibus
858 1127 916 1166 ma·
972 1110 1033 1183 ipso
1053 1110 1236 1182 angelicorum
1259 1109 1400 1177 luminum,
1429 1118 1459 1166 ut
1481 1110 1517 1167 ita
1540 1111 1664 1178 dixerim,
1691 1111 1762 1167 suh·

129 1198 186 1254 tris.
203 1197 255 1253 Sed
270 1198 342 1255 enim
357 1197 500 1255 exercitata
522 1196 597 1263 vitia,
613 1207 640 1254 et
654 1213 703 1254 usu
726 1197 826 1254 viriosa
840 1198 863 1235 ⁵⁵
881 1197 919 1269 (b)
971 1199 1137 1265 fermentata,
1161 1199 1253 1270 pudet,
1278 1199 1325 1254 sed
1348 1198 1423 1253 aliter
1448 1198 1608 1270 exprimere>
1627 1213 1681 1255 non
1710 1205 1761 1267 est,

129 1285 249 1342 confudit
272 1305 279 1342 :
304 1294 385 1358 atque
406 1285 443 1341 ita
464 1285 613 1342 massaliter
638 1285 763 1357 solidate,
786 1286 879 1341 defixit
895 1285 920 1324 ⁵⁸
973 1285 1172 1356 quodammodo
1190 1283 1296 1340 subavit
1309 1284 1331 1324 ⁵¹
1357 1285 1427 1341 intra
1450 1301 1480 1341 se
1503 1285 1562 1357 ipsa
1586 1286 1614 1341 in
1637 1285 1761 1359 illeso),

130 1391 253 1430 seorsum
267 1375 294 1430 in
310 1373 429 1430 materiae
443 1373 608 1444 corporalem
627 1375 652 1414 ⁵⁹
667 1385 831 1445 paraturam,
848 1388 922 1430 corn·
972 1383 998 1432 et
1011 1381 1142 1442 conceptu
1166 1373 1256 1428 statim
1279 1374 1405 1430 intumuit
1423 1374 1535 1444 spiritali
1549 1373 1585 1441 ⁵²,
1604 1374 1637 1429 ad
1661 1374 1762 1447 imagi-

130 1473 234 1519 mutana
258 1480 290 1519 ex
314 1463 476 1533 incorporali
500 1464 624 1534 passione
645 1463 731 1520 indita
755 1462 919 1518 habilitatem
972 1477 1035 1516 nem
1049 1461 1142 1530 ipsam,
1155 1475 1235 1531 quam
1248 1459 1289 1516 vis
1311 1460 1425 1516 laetantis
1450 1470 1476 1516 et
1495 1461 1589 1517 laetitia
1614 1462 1764 1534 prurientis

128 1559 210 1622 atoue
236 1562 356 1608 naturam
382 1552 417 1623 ⁵⁰,
447 1568 500 1624 qua
526 1552 664 1623 pervenire
693 1567 755 1607 mox
775 1558 867 1624 posset
891 1549 919 1605 in
971 1547 1130 1604 intentionis
1147 1546 1298 1616 imbiberat,
1317 1554 1345 1603 ct
1367 1548 1418 1604 sibi
1434 1547 1577 1604 intimarat.
1594 1548 1703 1620 Peperit
1716 1550 1764 1606 de·

128 1642 260 1697 aemulans
283 1640 487 1712 aequiparantias
506 1640 743 1710 corpulentiamm,
769 1647 798 1692 ut
821 1637 918 1709 duplex
972 1636 1052 1708 nique
1077 1646 1103 1690 et
1125 1635 1196 1692 iacta
1209 1636 1234 1675 ⁵³
1248 1636 1343 1693 exinde
1358 1638 1463 1695 triuitas
1477 1653 1605 1710 genemm
1620 1638 1646 1677 ⁵⁵
1659 1646 1713 1709 est,
1728 1653 1762 1693 ex

128 1729 334 1785 substantiarum
348 1726 465 1783 conditio
481 1725 672 1781 ordinaretur:
690 1726 723 1782 de
741 1724 825 1798 vitiis,
848 1742 912 1795 pes·
930 1720 954 1799 Β
969 1723 1084 1781 trinitate
1098 1738 1248 1780 causarum.
1263 1724 1352 1780 Ursum
1368 1723 1514 1789 materiale,
1530 1727 1600 1796 quod
1617 1724 1764 1797 expassio·

128 1815 213 1887 sima;
229 1817 263 1871 de
276 1813 462 1878 conversione,
488 1811 657 1882 passionalis.
674 1813 736 1870 Haeo
757 1812 806 1869 erit
828 1819 916 1870 mate-
970 1827 1004 1869 ne
1019 1831 1026 1867 τ
1044 1811 1116 1867 aliud
1134 1810 1257 1882 animale,
1268 1813 1338 1885 quod
1354 1828 1386 1868 ex
1398 1810 1667 1870 bikconvcrsione
1683 1820 1762 1870 :ter-

129 1903 169 1958 ria
191 1917 251 1973 quae
269 1915 319 1957 nos
341 1899 474 1956 commisit
487 1913 550 1955 com
564 1900 744 1974 Hermogene,
758 1900 917 1972 caeterisque
971 1900 1048 1967 tium,
1068 1898 1196 1970 spiritale,
1212 1900 1286 1972 quod
1296 1914 1330 1956 ax
1342 1899 1533 1973 imaginatione
1543 1901 1594 1972 (8).

804 2021 900 2086 Variae
924 2025 1080 2087 lectiones.

162 2126 188 2167 ⁵²
200 2127 245 2184 lto
257 2126 348 2184 Fron.
364 2129 432 2184 Por.
446 2125 632 2199 Contemplata
644 2141 707 2184 eum
733 2127 952 2200 fructiferamque
966 2129 1033 2186 lert.
1049 2128 1109 2200 Rip.
1130 2126 1156 2166 ⁵³
1178 2125 1324 2185 Confirmat
1337 2131 1419 2198 atque
1440 2125 1592 2186 confirmat.
1614 2127 1706 2186 Rieu.
1733 2133 1764 2186 et

128 2197 199 2264 olii,
224 2198 372 2254 conformat
397 2199 499 2255 melius
527 2201 659 2256 exirem.
690 2206 819 2272 μορφασαι
846 2199 908 2253 πατὰ
940 2198 983 2268 τὴν
1010 2201 1147 2271 μόρφωσιν.
1174 2197 1199 2236 ⁵⁵
1226 2198 1368 2270 rigaltiana
1396 2214 1454 2255 eam
1485 2200 1552 2256 iun.
1586 2198 1611 2238 ⁵⁵
1636 2198 1697 2256 Non
1728 2213 1763 2255 ca

128 2272 235 2325 demum
251 2271 316 2326 lun.
330 2269 356 2307 ⁵⁵
368 2271 581 2326 Exterminium
599 2269 663 2327 odd
683 2272 951 2340 evacuandum.
974 2273 1112 2343 pertinet.
1127 2269 1150 2308 ⁵⁵
1167 2268 1270 2325 Vitiosa
1287 2271 1374 2325 Fron.
1389 2271 1480 2326 Poris.
1496 2271 1598 2328 vitioso
1610 2287 1679 2328 sorte
1704 2271 1762 2326 tec·

129 2342 169 2397 tio
189 2342 319 2414 rejicitur
335 2341 480 2396 oGroeeo:
501 2289 696 2413 bredenensi,
710 2343 821 2399 uirioao.
837 2340 862 2378 ⁵³
889 2339 1119 2418 Deduxithot.⁵⁹
1133 2340 1202 2396 dicte
1231 2340 1297 2410 ἱερόν
1318 2340 1436 2421 Tertutl.
1466 2341 1498 2421 ira
1516 2342 1590 2397 (νεα.
1620 2335 1652 2402 de
1670 2343 1763 2411 σώμα-

127 2431 169 2465 τον
197 2427 246 2483 pro
269 2406 304 2471 εἷς
329 2409 464 2481 ἀσώματον,
479 2411 667 2481 incorpoream
688 2412 785 2472 debeat
808 2411 940 2470 scribere.
958 2411 984 2451 ⁵⁰
1006 2409 1366 2481 sacramentorumque
1384 2418 1462 2481 atque
1477 2419 1562 2466 rta-
1588 2420 1764 2484 corporatam

128 2490 284 2555 paraturam
297 2492 464 2539 commutans
475 2498 510 2538 ex
523 2482 685 2555 incorporali
708 2485 832 2555 passione
850 2482 934 2539 indita
947 2483 1095 2538 habilitate.
1111 2481 1171 2540 Lot.
1195 2482 1371 2553 Goujooturoe
1387 2481 1499 2538 delinxit
1512 2497 1633 2539 seorsum
1657 2487 1686 2540 et
1714 2483 1764 2539 in-

127 2553 196 2609 didit
208 2553 363 2609 hilaritatem
380 2554 445 2609 lun.
459 2570 517 2610 raon
538 2555 706 2626 probantur.
732 2555 756 2594 ⁵¹
771 2553 908 2611 substruit
928 2553 1012 2612 Semi.
1036 2554 1142 2609 cubavit
1166 2555 1230 2609 Por.
1256 2552 1362 2608 subavit
1390 2556 1474 2611 Fron.
1500 2555 1606 2609 subavit
1630 2555 1699 2610 intra
1732 2570 1764 2610 se

127 2622 187 2695 ipsa
194 2624 258 2705 Lot.
274 2624 437 2751 όααρρλρεπ.
451 2624 649 2697 subsuriitliip.
664 2624 690 2665 ⁵²
699 2624 835 2699 spirituali
848 2625 935 2683 libert.
948 2625 1033 2682 Semi.
1044 2624 1069 2663 ⁵³
1078 2625 1125 2680 liat
1138 2623 1214 2681 obest
1221 2625 1289 2681 Por.
1299 2625 1416 2699 partitur
1429 2624 1498 2681 olibi
1510 2625 1586 2684 aliie·
1602 2623 1763 2683 “Trinitas

129 2711 335 2765 gouerrsmouu
389 2711 440 2751 un.

819 2818 1064 2882 Commentarius.

166 2928 204 2995 (3)
218 2927 465 2997 fructiferumque
478 2928 645 3015 suggestum.
660 2925 788 2991 tranans,
808 2927 919 2983 Uuiuer-
971 2938 1104 2981 conuerso
1117 2927 1159 2980 est
1179 2924 1242 2996 ejus
1257 2923 1384 2994 luminis,
1399 2923 1471 2996 quod
1490 2923 1671 2998 dereliquerat
1690 2940 1762 2992 eam,

130 3013 191 3053 som
212 2998 473 3121 fructificationem,
496 3015 538 3050 συν
562 2998 602 3069 ὅλῃ
622 3000 653 3068 τῇ
670 2996 820 3067 ααρπαααρῑρ
843 2998 919 3048 αὑτοῦ
970 2995 1023 3049 hnc
1037 3003 1087 3060 est,
1104 2995 1211 3057 Christi,
1223 2994 1333 3050 dicunt:
1354 2996 1406 3063 Qui
1420 3012 1558 3067 repressae
1573 2997 1605 3052 in
1619 2998 1762 3063 Pleroma,

130 3068 208 3123 'lertn
224 3067 281 3121 liant
292 3066 513 3138 verbisnequitiae
524 3069 623 3136 probro
633 3070 822 3138 conspargitur
831 3069 915 3122 heha-
969 3064 1189 3191 Jusequidemmt
1198 3064 1581 3137 doterintetiipipipritotus
1590 3072 1631 3124 est
1640 3070 1764 3126 secunde

131 3141 213 3192 ruoth.
229 3139 290 3193 lite.
930 3102 953 3181 ⁰
986 3137 1142 3193 escendere.
1152 3138 1331 3193 Paracletum
1341 3137 1522 3193 nutemmisit
1531 3138 1566 3192 od
1574 3138 1762 3206 eomltooeat,

168 3208 207 3277 (il
222 3209 339 3281 injuriis
351 3207 492 3280 pusstortis
505 3208 537 3264 ie
551 3208 759 3264 exterminium
776 3205 915 3265 diceretis.
970 3207 1156 3275 salvotorem,
1172 3215 1315 3278 praestante
1333 3207 1357 3261 ei
1378 3207 1503 3263 virtutem
1518 3223 1625 3263 omnem
1641 3209 1721 3264 Patre
1736 3216 1764 3265 et

131 3280 259 3343 lrenaeus,
281 3301 292 3331 a
311 3279 481 3335 curationem
498 3279 650 3348 passionum
668 3278 763 3334 secisse
779 3279 851 3348 ejus,
871 3294 917 3333 se·
969 3279 1119 3333 omniasuh
1131 3283 1256 3346 potestate
1267 3277 1673 3336 tradentezetAEonihusautem
1686 3279 1762 3335 simi-

130 3358 267 3421 parantem
288 3366 334 3405 eas
348 3352 381 3404 ab
403 3366 444 3405 ea.
461 3369 473 3400 ι
499 3350 577 3419 Quod
597 3350 745 3419 Septimius
767 3348 842 3415 dicit,
859 3367 872 3399 α
888 3349 918 3402 ln
970 3349 1040 3413 liter,
1057 3347 1094 3401 uti
1108 3349 1135 3401 in
1149 3362 1181 3403 eo
1197 3348 1288 3402 omnia
1301 3348 1486 3418 conderentur,
1502 3350 1615 3405 visibilia
1628 3360 1654 3405 et
1668 3349 1762 3407 invisi·

131 3428 175 3474 cm
186 3420 315 3476 turribium
337 3421 497 3483 discernere,
516 3439 527 3470 ι
543 3419 652 3474 Latinus
673 3419 789 3475 lrenaeus
803 3418 917 3484 dixerat,
971 3417 1165 3486 bilia,Throni,
1178 3417 1343 3484 illvinitates,
1355 3420 1563 3476 Domiaationes.
1583 3420 1697 3475 blittitur
1715 3437 1763 3476 au-

130 3494 343 3558 exterminare·
354 3491 466 3548 Graecus
479 3491 638 3562 ἀφανισθῆναι
649 3490 690 3544 lu.
972 3498 1025 3545 tent
1039 3489 1073 3542 ad
1082 3504 1142 3543 eam
1152 3504 1211 3543 cum
1224 3489 1363 3544 coetaneis
1377 3491 1433 3544 suis
1442 3490 1555 3562 angelis.
1572 3493 1653 3548 Hunc
1662 3498 1762 3550 ouum

164 3566 203 3634 (5)
224 3565 337 3619 l'iriose.
354 3564 455 3617 Eodem
471 3577 553 3615 sensu
564 3563 631 3616 libro
647 3560 679 3616 de
690 3560 804 3625 Animo,
820 3558 853 3615 tle
864 3559 919 3614 vite
972 3560 1126 3616 Achamoth
1135 3561 1285 3615 reveritum
1295 3561 1470 3626 comminuat
1478 3561 1685 3633 pri-rttopuidem
1695 3580 1761 3621 coo·

131 3632 204 3700 dixit,
220 3634 338 3688 Ambitio
351 3634 493 3698 viriosius,
507 3632 559 3686 hoc
579 3639 629 3696 est,
651 3629 756 3694 fortius,
773 3638 800 3684 et
820 3630 844 3685 vi
858 3644 920 3686 nta-
970 3631 1129 3703 partionem
1143 3630 1308 3701 imposuisse
1320 3637 1436 3702 proptor·
1449 3633 1761 3692 reuerentiam:deiude

128 3705 199 3770 jore.
215 3703 255 3756 ln.
973 3706 1071 3757 oute-m
1086 3715 1152 3756 oum
1166 3700 1282 3757 uidisset
1296 3715 1434 3757 eumcum
1448 3704 1580 3759 uniuersa
1594 3703 1760 3776 fructifico·

166 3773 204 3839 (6)
226 3774 419 3827 Presumunt.
441 3772 510 3826 lren.
527 3770 659 3827 adversus
681 3772 782 3827 lloeree.
809 3783 869 3839 cap.
890 3772 917 3837 d,
974 3773 1049 3832 tione
1057 3787 1110 3825 sue
1120 3771 1275 3827 occurrisse
1285 3773 1320 3839 ei,
1331 3774 1437 3827 uirtute
1447 3779 1562 3845 eccepto
1572 3774 1603 3829 de
1613 3776 1676 3830 uisu
1687 3777 1758 3846 ejus.

130 3841 185 3912 (ὃ.
197 3872 230 3881 -
247 3881 253 3892 .
271 3881 278 3894 .
301 3883 307 3895 .
327 3840 384 3895 'Est
401 3840 491 3892 tracter
501 3845 620 3910 τραπῆναι
634 3845 678 3894 roo
696 3842 863 3901 καταλιπόντος
879 3843 924 3893 eo·
973 3843 1008 3897 ut
1025 3842 1110 3896 illum
1125 3844 1261 3911 formasse
1275 3857 1346 3910 eum,
1364 3845 1572 3913 sorruotioncm.
1588 3861 1651 3916 pure
1665 3849 1760 3903 estse·

130 3912 173 3967 τὴν
184 3912 269 3978 φωτὸς,
278 3915 345 3963 τοῦτ’
355 3911 458 3964 iccirco
467 3911 579 3981 Χριστοῦ,
590 3910 701 3982 λόγοισιν
713 3931 719 3946 ·
733 3911 756 3970 ὃς
766 3910 867 3963 ἀνελθὼν
897 3911 921 3964 lv
973 3911 1097 3968 cundum
1103 3912 1276 3982 agnitionem
1283 3918 1309 3968 et
1315 3917 1490 3970 curoiiooem
1494 3917 1761 3987 passionumserisse

130 3981 162 4043 εἰς
176 3985 201 4034 τὸ
216 3981 351 4051 Πλήρωμα,
372 3980 441 4040 αὐτὸς
455 3980 509 4052 μὲν,
526 3980 587 4041 εἰκὸς
600 3983 636 4034 ὅτι
657 3982 760 4035 ὤκνησεν
775 3983 801 4033 or
814 3932 921 4053 διατόρου
972 3984 1044 4054 ejus,
1059 3987 1239 4054 separantem
1254 3999 1300 4039 eoa
1315 3986 1394 4039 obeo
1409 3989 1437 4040 ei
1449 4001 1579 4041 meeum
1589 3987 1759 4057 neglexisse.

129 4053 312 4115 rescierimus
330 4052 488 4122 Παράνιλπτον
507 4047 533 4102 δὲ
549 4051 671 4123 ἐξέπεμψεν
684 4053 742 4123 πρὸς
756 4051 839 4119 αὐτὴν,
854 4054 920 4107 τοῦτ’
972 4053 1029 4107 Νασ
1038 4054 1108 4107 enim
1120 4064 1176 4107 erat
1185 4054 1313 4126 possibile
1324 4071 1369 4110 cos
1380 4057 1761 4127 eatermteertpuemaomo·

130 4122 181 4175 ἔστι
200 4123 242 4177 τὀν
263 4123 365 4192 Σωτῆρα
384 4121 489 4182 ἐνδόντος
510 4125 578 4195 αὐτῷ
596 4127 676 4176 πᾶσαν
698 4122 741 4190 τὴν
760 4123 860 4194 δύναμιν
878 4128 920 4177 τοῦ
973 4124 1267 4196 dttmpt·t'ot·is,ooqttod
1271 4127 1335 4194 jam
1345 4126 1450 4181 habilia
1461 4130 1488 4182 ei
1496 4127 1639 4199 possibilia
1649 4133 1758 4196 otton&

130 4193 233 4264 Πατρός,
246 4194 286 4246 καὶ
299 4197 346 4244 πᾶν
360 4195 400 4245 ὑπ’
412 4192 520 4254 ἐξουσίαν
531 4189 701 4264 παρανδόντυς,
712 4193 807 4248 καὶτῶν
819 4192 920 4249 Αἰῶνυν
972 4195 1020 4250 sod
1033 4198 1224 4318 seoredqttnlem
1233 4199 1386 4267 separatim
1396 4199 1602 4254 commeruisse
1615 4202 1643 4252 et
1651 4214 1759 4322 ασαρα-

129 4267 253 4334 δεόμενυς,
273 4265 335 4323 ὅπως
349 4263 373 4316 ἐν
392 4263 461 4336 αὐτῷ
478 4262 509 4317 τὰ
528 4265 608 4317 πάντα
625 4268 715 4338 ascolfi,
732 4263 763 4316 τὰ
781 4263 858 4335 δρατὰ
880 4266 921 4318 καὶ
974 4265 1044 4321 losse
1058 4270 1086 4321 ei
1119 4267 1329 4338 et'ttoorporolt'
1372 4270 1483 4326 ossium
1501 4270 1532 4322 t'ot
1552 4271 1700 4339 incorporo
1714 4285 1760 4324 em

129 4335 160 4387 τὰ
171 4336 270 4404 ἀόρατα,
286 4342 384 4405 θρόνοι,
398 4335 522 4400 Oseriates,
536 4337 692 4406 Κυριότατες·
718 4334 880 4405 'Excepere
894 4331 921 4389 di
972 4339 1125 4392 materiam
1141 4339 1329 4393 transtulisse.
1343 4285 1377 4392 lael
1391 4341 1431 4395 sio
1444 4339 1651 4410 oplubililotem
1665 4343 1695 4394 el
1708 4357 1759 4396 tto·

129 4404 422 4530 ρρλρΑαὺρὴρρμιτὰατῶν
432 4406 649 4530 ἡλριριρτῶρέαυττυ
663 4425 713 4493 των
736 4408 856 4529 styptica.
871 4405 919 4474 Τὴν
975 4411 1070 4463 ierom
1085 4409 1184 4533 [σρόσαρ
1198 4411 1230 4510 iu
1244 4410 1292 4534 ρόσ,
1310 4412 1343 4463 ui
1355 4409 1388 4535 ότρ
1401 4412 1668 4535 αραρναρρρόρααραό
1691 4427 1758 4467 cor.

130 4497 294 4600 ierarchiis
307 4496 818 4618 iiii-,Tobiosattiiittibtti
826 4496 919 4620 aiii}
936 4480 1522 4628 ⁰iiiii'iibaipbiiibs,itii
1537 4496 1760 4609 όιόῖόῖλννόιῗ

128 4618 275 4688 καρποφορόᾳ
288 4617 372 4688 αὐτοῦ,
386 4621 544 4705 προσδραμεῖν
558 4621 635 4690 αὐτῷ,
646 4614 749 4689 δύναμιν
761 4615 919 4672 accersente
971 4621 1067 4683 tionis,
1081 4619 1221 4690 possibilis
1229 4637 1239 4684 ‚¹
1248 4623 1276 4673 ol
1288 4625 1403 4693 proptor
1412 4623 1461 4678 ltoo
1471 4623 1760 4682 uirtuteseloetorem

129 4688 320 4757 messappiae
339 4691 420 4743 αὐταῦ.
436 4691 552 4742 Κααεῖνον
568 4696 692 4760 μορρῶσαι
708 4687 781 4756 αὐτὴν
798 4692 918 4760 μόρφωσιν
970 4691 1122 4761 fabricasse
1129 4689 1237 4743 aticum.
1254 4690 1323 4744 Ebu.

128 4757 172 4826 τὴν
185 4758 249 4811 κατὰ
263 4765 361 4830 pabore,
380 4761 421 4812 καὶ
438 4758 503 4812 ἴασιν
516 4764 566 4812 τῶν
581 4766 662 4813 κακῶν
675 4760 821 4826 ποιήσασθαι
833 4762 916 4828 αὐτῆς,
1006 4760 1044 4830 (7)
1064 4758 1264 4828 Quodammodo
1282 4761 1393 4818 subavit
1413 4763 1537 4818 enimet
1554 4761 1566 4815 ν’
1584 4779 1616 4817 stt
1629 4764 1662 4817 itt
1680 4763 1758 4821 ilios.

128 4831 269 4898 χωρῐααντα
290 4825 318 4881 tt
333 4829 394 4882 αὐτὰ
412 4833 493 4897 αὑτῆς,
509 4830 542 4901 μα)
564 4830 719 4902 ἀμελήσαντα
738 4830 765 4883 δὲ
779 4831 867 4895 αὐτῶν,
888 4829 917 4883 od
972 4830 1017 4885 Sic
1034 4829 1118 4884 edidit
1136 4829 1289 4885 Rhenanus.
1314 4832 1349 4885 At
1369 4833 1397 4886 in
1419 4779 1616 4901 exemplaridus
1640 4833 1759 4905 antiquis

147 4899 176 4969 dp
190 4897 219 4967 ἦν
237 4896 328 4952 δυνατὰ
346 4899 514 4971 ἀρανισθῆναι,
529 4903 560 4960 εἰς
577 4901 609 4954 τὰ
624 4907 666 4970 τῆς
686 4903 811 4972 προτέρας,
831 4898 872 4953 διὰ
888 4901 918 4955 τὸ
971 4901 1077 4973 legitur,
1094 4899 1247 4957 substruit.
1273 4901 1348 4958 Unde
1371 4901 1460 4959 verior
1487 4904 1637 4959 entoudttlio
1661 4904 1760 4960 uideu-

128 4920 211 5021 insted
223 4966 270 5026 idn
279 4971 319 5021 uel
329 4965 419 5024 δυνατὰ
433 4964 502 5025 εἶναι.
521 4969 588 5026 Ἀλλ’
602 4971 841 5044 ἀποαρόνανταχενρὶς
855 4991 883 5025 συ
901 5001 916 5015 -
971 4977 1032 5035 tur3
1051 4991 1062 5021 α
1079 4971 1112 5027 Et
1122 4971 1323 5057 Quodammodo
1345 4973 1588 5045 subsuriitetipsa
1603 4973 1631 5029 in
1648 4974 1722 5032 illos.
1746 4997 1758 5027 a

129 5041 185 5106 χέαι
199 5040 237 5093 eui
251 5039 333 5108 πῆξαν,
347 5041 388 5094 καὶ
408 5040 433 5102 ἔξ
447 5040 575 5113 ἀσωμάτου
588 5045 673 5104 πάθους
688 5043 720 5105 εἰς
733 5043 861 5113 ἀσώματον
973 5042 1038 5097 th.

129 5111 189 5164 tter
201 5109 344 5181 μεταόαλεῖν
358 5111 418 5165 eisd
434 5134 439 5147 ·
457 5105 499 5167 εἴθ’
512 5115 585 5174 αὔτως
594 5111 782 5183 ἐπιτηδειότητα,
796 5115 837 5166 uel
850 5117 918 5186 ρόσνν
1007 5112 1046 5181 (8)
1058 5113 1274 5184 imaginatione.
1289 5112 1359 5168 Iren.
1385 5114 1518 5172 adversita
1532 5117 1635 5173 Haeres.
1650 5131 1714 5187 cap.
1731 5119 1760 5183 6,

131 5179 316 5253 {pernatassent
330 5182 420 5252 eineis,
436 5184 499 5237 ὥστε
517 5184 549 5244 εἰς
572 5187 733 5258 συγκρίματα,
751 5185 792 5237 καὶ
814 5185 918 5256 στόματα
968 5181 1023 5254 §li
1038 5183 1128 5250 -Τήν
1141 5202 1167 5237 τε
1190 5182 1306 5254 Ἀχαμὼν
1316 5183 1380 5245 ἐκτός
1393 5186 1483 5245 πάθους
1496 5188 1632 5258 γινομένην,
1646 5188 1687 5240 καὶ
1702 5195 1762 5242 συλ-

131 5249 213 5319 tatros,
225 5256 281 5324 πρὸς
294 5255 436 5328 reperiebat
445 5252 490 5308 ote
504 5254 595 5320 οὐσίας,
605 5257 648 5323 τὴν
662 5257 808 5328 gundicarius
821 5260 916 5321 παθῶν,
968 5253 1088 5306 tabescas
1103 5258 1210 5326 τῇρριρᾷ
1222 5263 1269 5308 τῶν
1283 5254 1306 5307 ἔν
1319 5256 1386 5328 αὐτῷ
1401 5258 1487 5326 φώτων
1504 5257 1548 5324 τὴν
1570 5258 1681 5329 osoplon,
1700 5279 1762 5312 ταυ-

130 5323 173 5389 τόν
182 5343 207 5376 τι
220 5331 262 5383 τῆς
276 5324 419 5398 ἐπιστροφῆς
434 5326 528 5399 ἐμπαθῆ
540 5348 547 5361 ·
562 5328 603 5378 καὶ
617 5327 657 5378 ert
675 5326 747 5379 rodco
762 5321 917 5396 diespitris
966 5325 1029 5378 τίατι
1040 5331 1088 5378 τῶν
1099 5324 1206 5397 ἀρρελων
1216 5333 1264 5380 τῶν
1271 5329 1323 5397 μετ’
1332 5326 1461 5385 circumi
1472 5327 1651 5400 ἐραισσήσασαν
1661 5329 1760 5396 αὐτοὺς,

131 5396 232 5467 {euripo
245 5392 472 5469 δεδαμοοοργηαέναι
486 5399 615 5466 φάσκουσι,
629 5416 654 5450 α.
669 5414 693 5452 τ.
707 5395 732 5449 λ.
969 5397 1104 5450 menuitur
1129 5398 1235 5467 καρποὺς
1261 5398 1322 5450 κατὰ
1344 5397 1386 5465 τὴν
1412 5398 1491 5452 εἰκόνα
1515 5395 1657 5454 διδάσκουσα
1677 5405 1762 5478 κόπρια

166 5468 367 5540 interpretatio
381 5474 472 5526 uetus.
487 5493 522 5508 -
534 5466 548 5537 5
561 5469 587 5523 o.
608 5468 674 5524 curn
688 5466 920 5541 igiturperagras·
970 5467 1128 5537 πνιιματαλν
1140 5470 1192 5519 ναν*
1207 5468 1334 5538 ὁμοίωσιν,
1349 5488 1373 5522 ιι,
1383 5490 1407 5525 τ.
1423 5477 1445 5523 λ.

133 5544 173 5594 set
191 5554 298 5593 omrvem
321 5540 475 5610 passionem
497 5544 614 5594 mater...
643 5537 679 5595 od
701 5537 920 5595 obsecrationem
1007 5538 1070 5610 Cap.
1085 5542 1112 5609 o,
1126 5537 1143 5612 fi
1157 5543 1183 5595 t.
1204 5545 1284 5611 Τριῶν
1298 5538 1341 5611 μὲν
1354 5537 1394 5595 τόν
1414 5542 1461 5607 ἥδε.
1478 5541 1570 5598 τούτων
1583 5544 1750 5619 imapum
