<?xml version="1.0" encoding="UTF-8"?>
<!DOCTYPE html PUBLIC "-//W3C//DTD XHTML 1.0 Transitional//EN"
    "http://www.w3.org/TR/xhtml1/DTD/xhtml1-transitional.dtd">
<html xmlns="http://www.w3.org/1999/xhtml" xml:lang="en" lang="en">
 <head>
  <title>
</title>
<meta http-equiv="Content-Type" content="text/html;charset=utf-8" />
  <meta name='ocr-system' content='tesseract 3.04.00' />
  <meta name='ocr-capabilities' content='ocr_page ocr_carea ocr_par ocr_line ocrx_word'/>
</head>
<body>
  <div class='ocr_page' id='page_1' title='image "./patrologiaecurs51unkngoog/patrologiaecurs51unkngoog_0612.png"; bbox 0 0 3840 6134; ppageno 0'>
   <div class='ocr_carea' id='block_1_1' title="bbox 149 278 217 339">
    <p class='ocr_par' dir='ltr' id='par_1_1' title="bbox 149 278 217 339">
     <span class='ocr_line' id='line_1_1' title="bbox 149 278 217 339; baseline 0 -1"><span class='ocrx_word' id='word_1_1' title='bbox 149 278 217 339; x_wconf 73' lang='lat' dir='ltr'>tall</span> 
     </span>
    </p>
   </div>
   <div class='ocr_carea' id='block_1_2' title="bbox 555 276 1381 340">
    <p class='ocr_par' dir='ltr' id='par_1_2' title="bbox 555 276 1381 340">
     <span class='ocr_line' id='line_1_2' title="bbox 555 276 1381 340; baseline 0.001 -2"><span class='ocrx_word' id='word_1_2' title='bbox 555 277 721 340; x_wconf 78' lang='lat' dir='ltr'>Arnoootx</span> <span class='ocrx_word' id='word_1_3' title='bbox 739 277 771 335; x_wconf 76' lang='lat' dir='ltr'>V.</span> <span class='ocrx_word' id='word_1_4' title='bbox 792 307 828 320; x_wconf 90' lang='lat'>-</span> <span class='ocrx_word' id='word_1_5' title='bbox 846 277 878 335; x_wconf 90' lang='lat' dir='ltr'>o.</span> <span class='ocrx_word' id='word_1_6' title='bbox 910 276 1101 338; x_wconf 76' lang='lat' dir='ltr'>totototlot</span> <span class='ocrx_word' id='word_1_7' title='bbox 1120 278 1242 339; x_wconf 81' lang='lat' dir='ltr'>THOMAE</span> <span class='ocrx_word' id='word_1_8' title='bbox 1262 278 1381 339; x_wconf 77' lang='lat' dir='ltr'>tolon.</span> 
     </span>
    </p>
   </div>
   <div class='ocr_carea' id='block_1_3' title="bbox 1725 283 1793 345">
    <p class='ocr_par' dir='ltr' id='par_1_3' title="bbox 1725 283 1793 345">
     <span class='ocr_line' id='line_1_3' title="bbox 1725 283 1793 345; baseline -0.044 0"><span class='ocrx_word' id='word_1_9' title='bbox 1725 283 1793 345; x_wconf 82' lang='lat' dir='ltr'>lttt</span> 
     </span>
    </p>
   </div>
   <div class='ocr_carea' id='block_1_4' title="bbox 145 399 1793 482">
    <p class='ocr_par' dir='ltr' id='par_1_4' title="bbox 145 399 1793 482">
     <span class='ocr_line' id='line_1_4' title="bbox 145 399 1793 482; baseline 0.005 -24"><span class='ocrx_word' id='word_1_10' title='bbox 145 419 217 469; x_wconf 91' lang='lat' dir='ltr'>mus,</span> <span class='ocrx_word' id='word_1_11' title='bbox 233 402 299 472; x_wconf 93' lang='lat' dir='ltr'>quid</span> <span class='ocrx_word' id='word_1_12' title='bbox 318 402 399 457; x_wconf 88' lang='lat' dir='ltr'>etiam</span> <span class='ocrx_word' id='word_1_13' title='bbox 422 402 533 458; x_wconf 83' lang='lat' dir='ltr'>Romani</span> <span class='ocrx_word' id='word_1_14' title='bbox 549 403 582 458; x_wconf 92' lang='lat' dir='ltr'>de</span> <span class='ocrx_word' id='word_1_15' title='bbox 602 403 725 472; x_wconf 88' lang='lat' dir='ltr'>proximo</span> <span class='ocrx_word' id='word_1_16' title='bbox 748 408 856 467; x_wconf 89' lang='lat' dir='ltr'>sonent,</span> <span class='ocrx_word' id='word_1_17' title='bbox 874 401 941 472; x_wconf 91' lang='lat' dir='ltr'>qui·</span> <span class='ocrx_word' id='word_1_18' title='bbox 958 399 982 482; x_wconf 61' lang='grc' dir='ltr'>Ι</span> <span class='ocrx_word' id='word_1_19' title='bbox 997 403 1054 458; x_wconf 82' lang='lat' dir='ltr'>ritl</span> <span class='ocrx_word' id='word_1_20' title='bbox 1068 405 1120 459; x_wconf 91' lang='lat' dir='ltr'>Aut</span> <span class='ocrx_word' id='word_1_21' title='bbox 1135 405 1250 476; x_wconf 89' lang='lat' dir='ltr'>denique</span> <span class='ocrx_word' id='word_1_22' title='bbox 1265 406 1386 462; x_wconf 79' lang='lat' dir='ltr'>Ecclesia</span> <span class='ocrx_word' id='word_1_23' title='bbox 1404 406 1524 462; x_wconf 87' lang='lat' dir='ltr'>Romana</span> <span class='ocrx_word' id='word_1_24' title='bbox 1542 407 1599 462; x_wconf 92' lang='lat' dir='ltr'>sola</span> <span class='ocrx_word' id='word_1_25' title='bbox 1620 415 1673 462; x_wconf 91' lang='lat' dir='ltr'>tam</span> <span class='ocrx_word' id='word_1_26' title='bbox 1692 406 1793 481; x_wconf 84' lang='lat' dir='ltr'>ignotae</span> 
     </span>
    </p>
   </div>
   <div class='ocr_carea' id='block_1_5' title="bbox 142 491 944 1359">
    <p class='ocr_par' dir='ltr' id='par_1_5' title="bbox 142 491 944 1359">
     <span class='ocr_line' id='line_1_5' title="bbox 144 491 941 566; baseline -0.001 -18"><span class='ocrx_word' id='word_1_27' title='bbox 144 492 196 548; x_wconf 86' lang='lat' dir='ltr'>bus</span> <span class='ocrx_word' id='word_1_28' title='bbox 218 491 392 562; x_wconf 88' lang='lat' dir='ltr'>Evangelium</span> <span class='ocrx_word' id='word_1_29' title='bbox 409 501 437 548; x_wconf 88' lang='lat' dir='ltr'>et</span> <span class='ocrx_word' id='word_1_30' title='bbox 451 493 548 549; x_wconf 87' lang='lat' dir='ltr'>Petrus</span> <span class='ocrx_word' id='word_1_31' title='bbox 571 503 599 548; x_wconf 93' lang='lat' dir='ltr'>et</span> <span class='ocrx_word' id='word_1_32' title='bbox 615 492 723 561; x_wconf 89' lang='lat' dir='ltr'>Paulus,</span> <span class='ocrx_word' id='word_1_33' title='bbox 738 492 870 566; x_wconf 88' lang='lat' dir='ltr'>sanguine</span> <span class='ocrx_word' id='word_1_34' title='bbox 892 506 941 548; x_wconf 92' lang='lat' dir='ltr'>suo</span> 
     </span>
     <span class='ocr_line' id='line_1_6' title="bbox 144 580 939 654; baseline -0.001 -17"><span class='ocrx_word' id='word_1_35' title='bbox 144 581 279 653; x_wconf 89' lang='lat' dir='ltr'>signatum</span> <span class='ocrx_word' id='word_1_36' title='bbox 296 580 471 650; x_wconf 88' lang='lat' dir='ltr'>reliquerunt.</span> <span class='ocrx_word' id='word_1_37' title='bbox 494 604 504 631; x_wconf 82' lang='grc' dir='ltr'>ι</span> <span class='ocrx_word' id='word_1_38' title='bbox 523 583 590 637; x_wconf 83' lang='lat' dir='ltr'>Huic</span> <span class='ocrx_word' id='word_1_39' title='bbox 609 582 722 654; x_wconf 90' lang='lat' dir='ltr'>gemina</span> <span class='ocrx_word' id='word_1_40' title='bbox 740 590 813 648; x_wconf 93' lang='lat' dir='ltr'>sunt,</span> <span class='ocrx_word' id='word_1_41' title='bbox 833 596 895 653; x_wconf 78' lang='lat' dir='ltr'>quac</span> <span class='ocrx_word' id='word_1_42' title='bbox 910 580 939 636; x_wconf 92' lang='lat' dir='ltr'>in</span> 
     </span>
     <span class='ocr_line' id='line_1_7' title="bbox 145 669 941 740; baseline 0.003 -16"><span class='ocrx_word' id='word_1_43' title='bbox 145 669 164 727; x_wconf 93' lang='lat' dir='ltr'>l.</span> <span class='ocrx_word' id='word_1_44' title='bbox 188 669 221 725; x_wconf 86' lang='lat' dir='ltr'>de</span> <span class='ocrx_word' id='word_1_45' title='bbox 243 671 415 740; x_wconf 70' lang='lat' dir='ltr'>Proscript,</span> <span class='ocrx_word' id='word_1_46' title='bbox 431 685 490 740; x_wconf 90' lang='lat' dir='ltr'>cap.</span> <span class='ocrx_word' id='word_1_47' title='bbox 513 672 557 740; x_wconf 82' lang='lat'>36,</span> <span class='ocrx_word' id='word_1_48' title='bbox 574 670 655 725; x_wconf 87' lang='lat' dir='ltr'>babet</span> <span class='ocrx_word' id='word_1_49' title='bbox 670 686 678 724; x_wconf 81' lang='lat' dir='ltr'>t</span> <span class='ocrx_word' id='word_1_50' title='bbox 696 691 708 722; x_wconf 80' lang='lat' dir='ltr'>a</span> <span class='ocrx_word' id='word_1_51' title='bbox 729 670 824 726; x_wconf 86' lang='lat' dir='ltr'>Sedet</span> <span class='ocrx_word' id='word_1_52' title='bbox 840 670 941 726; x_wconf 89' lang='lat' dir='ltr'>lloma·</span> 
     </span>
     <span class='ocr_line' id='line_1_8' title="bbox 144 756 942 828; baseline 0.008 -19"><span class='ocrx_word' id='word_1_53' title='bbox 144 771 241 812; x_wconf 92' lang='lat' dir='ltr'>norum</span> <span class='ocrx_word' id='word_1_54' title='bbox 266 756 385 812; x_wconf 82' lang='lat' dir='ltr'>Ecclesia</span> <span class='ocrx_word' id='word_1_55' title='bbox 407 757 572 813; x_wconf 87' lang='lat' dir='ltr'>Clementem</span> <span class='ocrx_word' id='word_1_56' title='bbox 595 759 709 814; x_wconf 79' lang='lat' dir='ltr'>al‘etro</span> <span class='ocrx_word' id='word_1_57' title='bbox 733 757 857 828; x_wconf 88' lang='lat' dir='ltr'>(ubinam</span> <span class='ocrx_word' id='word_1_58' title='bbox 877 771 942 816; x_wconf 86' lang='lat' dir='ltr'>vero</span> 
     </span>
     <span class='ocr_line' id='line_1_9' title="bbox 143 843 942 914; baseline 0.001 -15"><span class='ocrx_word' id='word_1_59' title='bbox 143 844 195 900; x_wconf 91' lang='lat' dir='ltr'>nisi</span> <span class='ocrx_word' id='word_1_60' title='bbox 218 843 335 899; x_wconf 79' lang='lat' dir='ltr'>llonrae?</span> <span class='ocrx_word' id='word_1_61' title='bbox 358 861 420 898; x_wconf 89' lang='lat' dir='ltr'>nam</span> <span class='ocrx_word' id='word_1_62' title='bbox 446 845 569 901; x_wconf 84' lang='lat' dir='ltr'><strong>Clemens</strong></span> <span class='ocrx_word' id='word_1_63' title='bbox 595 849 738 904; x_wconf 82' lang='lat' dir='ltr'>Romanoa</span> <span class='ocrx_word' id='word_1_64' title='bbox 760 857 820 901; x_wconf 92' lang='lat' dir='ltr'>ortu</span> <span class='ocrx_word' id='word_1_65' title='bbox 847 845 942 914; x_wconf 86' lang='lat' dir='ltr'>fuerat,</span> 
     </span>
     <span class='ocr_line' id='line_1_10' title="bbox 143 933 943 1006; baseline 0.004 -19"><span class='ocrx_word' id='word_1_66' title='bbox 143 947 192 989; x_wconf 92' lang='lat' dir='ltr'>nec</span> <span class='ocrx_word' id='word_1_67' title='bbox 210 935 310 1003; x_wconf 83' lang='lat' dir='ltr'>Romo,</span> <span class='ocrx_word' id='word_1_68' title='bbox 331 933 383 988; x_wconf 93' lang='lat' dir='ltr'>nisi</span> <span class='ocrx_word' id='word_1_69' title='bbox 399 934 456 1003; x_wconf 89' lang='lat' dir='ltr'>jam</span> <span class='ocrx_word' id='word_1_70' title='bbox 481 937 672 991; x_wconf 81' lang='lat' dir='ltr'>Romanorum</span> <span class='ocrx_word' id='word_1_71' title='bbox 702 934 861 1006; x_wconf 90' lang='lat' dir='ltr'>episcopus,</span> <span class='ocrx_word' id='word_1_72' title='bbox 881 940 943 991; x_wconf 90' lang='lat' dir='ltr'>eta</span> 
     </span>
     <span class='ocr_line' id='line_1_11' title="bbox 144 1021 942 1094; baseline 0 -16"><span class='ocrx_word' id='word_1_73' title='bbox 144 1023 260 1092; x_wconf 87' lang='lat' dir='ltr'>Trajano</span> <span class='ocrx_word' id='word_1_74' title='bbox 282 1021 309 1076; x_wconf 92' lang='lat' dir='ltr'>in</span> <span class='ocrx_word' id='word_1_75' title='bbox 333 1023 459 1078; x_wconf 82' lang='lat' dir='ltr'>exsilium</span> <span class='ocrx_word' id='word_1_76' title='bbox 483 1030 571 1090; x_wconf 90' lang='lat' dir='ltr'>actus,</span> <span class='ocrx_word' id='word_1_77' title='bbox 595 1023 765 1094; x_wconf 81' lang='lat' dir='ltr'>discesserat)</span> <span class='ocrx_word' id='word_1_78' title='bbox 789 1022 942 1079; x_wconf 90' lang='lat' dir='ltr'>ordinatum</span> 
     </span>
     <span class='ocr_line' id='line_1_12' title="bbox 144 1108 942 1184; baseline 0.004 -19"><span class='ocrx_word' id='word_1_79' title='bbox 144 1108 209 1165; x_wconf 88' lang='lat' dir='ltr'>edit.</span> <span class='ocrx_word' id='word_1_80' title='bbox 232 1110 364 1165; x_wconf 83' lang='lat' dir='ltr'>»Rursus</span> <span class='ocrx_word' id='word_1_81' title='bbox 383 1118 471 1166; x_wconf 91' lang='lat' dir='ltr'>autem</span> <span class='ocrx_word' id='word_1_82' title='bbox 487 1110 513 1164; x_wconf 91' lang='lat' dir='ltr'>iu</span> <span class='ocrx_word' id='word_1_83' title='bbox 534 1111 629 1184; x_wconf 86' lang='lat' dir='ltr'>Scorp.</span> <span class='ocrx_word' id='word_1_84' title='bbox 645 1126 669 1167; x_wconf 87' lang='lat' dir='ltr'>c.</span> <span class='ocrx_word' id='word_1_85' title='bbox 686 1116 730 1169; x_wconf 74' lang='lat' dir='ltr'>lb.</span> <span class='ocrx_word' id='word_1_86' title='bbox 746 1112 783 1168; x_wconf 88' lang='lat' dir='ltr'>ita</span> <span class='ocrx_word' id='word_1_87' title='bbox 801 1111 942 1182; x_wconf 87' lang='lat' dir='ltr'>loquitur:</span> 
     </span>
     <span class='ocr_line' id='line_1_13' title="bbox 144 1196 943 1272; baseline 0.01 -22"><span class='ocrx_word' id='word_1_88' title='bbox 144 1198 317 1254; x_wconf 86' lang='lat' dir='ltr'>«Orientem</span> <span class='ocrx_word' id='word_1_89' title='bbox 341 1196 422 1254; x_wconf 89' lang='lat' dir='ltr'>fidem</span> <span class='ocrx_word' id='word_1_90' title='bbox 448 1200 541 1254; x_wconf 81' lang='lat' dir='ltr'>Romae</span> <span class='ocrx_word' id='word_1_91' title='bbox 564 1199 666 1272; x_wconf 90' lang='lat' dir='ltr'>primus</span> <span class='ocrx_word' id='word_1_92' title='bbox 689 1200 762 1255; x_wconf 90' lang='lat' dir='ltr'>Nero</span> <span class='ocrx_word' id='word_1_93' title='bbox 782 1199 943 1258; x_wconf 73' lang='lat' dir='ltr'>cruentavit.</span> 
     </span>
     <span class='ocr_line' id='line_1_14' title="bbox 142 1285 944 1359; baseline 0.001 -19"><span class='ocrx_word' id='word_1_94' title='bbox 142 1285 218 1342; x_wconf 90' lang='lat' dir='ltr'>Tuae</span> <span class='ocrx_word' id='word_1_95' title='bbox 237 1286 331 1342; x_wconf 90' lang='lat' dir='ltr'>Petrus</span> <span class='ocrx_word' id='word_1_96' title='bbox 346 1287 380 1343; x_wconf 88' lang='lat' dir='ltr'>ab</span> <span class='ocrx_word' id='word_1_97' title='bbox 395 1288 479 1344; x_wconf 89' lang='lat' dir='ltr'>altero</span> <span class='ocrx_word' id='word_1_98' title='bbox 500 1288 632 1359; x_wconf 79' lang='lat' dir='ltr'>cingitur,</span> <span class='ocrx_word' id='word_1_99' title='bbox 648 1304 711 1346; x_wconf 92' lang='lat' dir='ltr'>eum</span> <span class='ocrx_word' id='word_1_100' title='bbox 733 1288 807 1344; x_wconf 91' lang='lat' dir='ltr'>cruci</span> <span class='ocrx_word' id='word_1_101' title='bbox 826 1287 944 1344; x_wconf 89' lang='lat' dir='ltr'>adstrin-</span> 
     </span>
    </p>
   </div>
   <div class='ocr_carea' id='block_1_6' title="bbox 994 493 1794 1362">
    <p class='ocr_par' dir='ltr' id='par_1_6' title="bbox 994 493 1794 914">
     <span class='ocr_line' id='line_1_15' title="bbox 995 493 1794 567; baseline 0.006 -19"><span class='ocrx_word' id='word_1_102' title='bbox 995 493 1111 564; x_wconf 90' lang='lat' dir='ltr'>originis</span> <span class='ocrx_word' id='word_1_103' title='bbox 1129 503 1179 558; x_wconf 90' lang='lat' dir='ltr'>est,</span> <span class='ocrx_word' id='word_1_104' title='bbox 1200 502 1229 548; x_wconf 94' lang='lat' dir='ltr'>ut</span> <span class='ocrx_word' id='word_1_105' title='bbox 1247 511 1309 549; x_wconf 88' lang='lat' dir='ltr'>curn</span> <span class='ocrx_word' id='word_1_106' title='bbox 1332 505 1491 550; x_wconf 83' lang='lat' dir='ltr'>eaeterarum</span> <span class='ocrx_word' id='word_1_107' title='bbox 1517 511 1602 567; x_wconf 87' lang='lat' dir='ltr'>prope</span> <span class='ocrx_word' id='word_1_108' title='bbox 1625 496 1748 552; x_wconf 93' lang='lat' dir='ltr'>omnium</span> <span class='ocrx_word' id='word_1_109' title='bbox 1767 504 1794 553; x_wconf 91' lang='lat' dir='ltr'>ct</span> 
     </span>
     <span class='ocr_line' id='line_1_16' title="bbox 995 578 1793 655; baseline 0.01 -22"><span class='ocrx_word' id='word_1_110' title='bbox 995 578 1076 652; x_wconf 84' lang='lat' dir='ltr'>longe</span> <span class='ocrx_word' id='word_1_111' title='bbox 1105 581 1304 655; x_wconf 84' lang='lat' dir='ltr'>ignobiliorum,</span> <span class='ocrx_word' id='word_1_112' title='bbox 1331 584 1410 653; x_wconf 89' lang='lat' dir='ltr'>primi</span> <span class='ocrx_word' id='word_1_113' title='bbox 1439 583 1594 640; x_wconf 77' lang='lat' dir='ltr'>fundatores</span> <span class='ocrx_word' id='word_1_114' title='bbox 1617 600 1649 640; x_wconf 90' lang='lat' dir='ltr'>cx</span> <span class='ocrx_word' id='word_1_115' title='bbox 1677 582 1793 641; x_wconf 74' lang='grc'>1149</span> 
     </span>
     <span class='ocr_line' id='line_1_17' title="bbox 994 668 1793 742; baseline 0.01 -21"><span class='ocrx_word' id='word_1_116' title='bbox 994 668 1130 739; x_wconf 81' lang='lat' dir='ltr'>probabili</span> <span class='ocrx_word' id='word_1_117' title='bbox 1154 671 1249 727; x_wconf 90' lang='lat' dir='ltr'>saltem</span> <span class='ocrx_word' id='word_1_118' title='bbox 1273 670 1366 728; x_wconf 91' lang='lat' dir='ltr'>notitia</span> <span class='ocrx_word' id='word_1_119' title='bbox 1394 670 1587 742; x_wconf 79' lang='lat' dir='ltr'>designentur,</span> <span class='ocrx_word' id='word_1_120' title='bbox 1611 673 1637 727; x_wconf 93' lang='lat' dir='ltr'>in</span> <span class='ocrx_word' id='word_1_121' title='bbox 1663 673 1793 729; x_wconf 84' lang='lat' dir='ltr'>Romanae</span> 
     </span>
     <span class='ocr_line' id='line_1_18' title="bbox 994 756 1792 832; baseline 0.01 -24"><span class='ocrx_word' id='word_1_122' title='bbox 994 764 1086 810; x_wconf 89' lang='lat' dir='ltr'>autem</span> <span class='ocrx_word' id='word_1_123' title='bbox 1114 756 1185 812; x_wconf 88' lang='lat' dir='ltr'>illius</span> <span class='ocrx_word' id='word_1_124' title='bbox 1212 768 1273 815; x_wconf 91' lang='lat' dir='ltr'>ortu</span> <span class='ocrx_word' id='word_1_125' title='bbox 1302 758 1466 831; x_wconf 87' lang='lat' dir='ltr'>assignando</span> <span class='ocrx_word' id='word_1_126' title='bbox 1491 767 1546 815; x_wconf 91' lang='lat' dir='ltr'>tota</span> <span class='ocrx_word' id='word_1_127' title='bbox 1573 761 1719 832; x_wconf 83' lang='lat' dir='ltr'>antiquitas</span> <span class='ocrx_word' id='word_1_128' title='bbox 1742 761 1792 816; x_wconf 91' lang='lat' dir='ltr'>de·</span> 
     </span>
     <span class='ocr_line' id='line_1_19' title="bbox 994 842 1193 914; baseline 0 -16"><span class='ocrx_word' id='word_1_129' title='bbox 994 854 1072 914; x_wconf 88' lang='lat' dir='ltr'>cepta</span> <span class='ocrx_word' id='word_1_130' title='bbox 1089 842 1193 900; x_wconf 75' lang='lat' dir='ltr'>fuerit?</span> 
     </span>
    </p>

    <p class='ocr_par' dir='ltr' id='par_1_7' title="bbox 995 931 1794 1362">
     <span class='ocr_line' id='line_1_20' title="bbox 1028 931 1793 1008; baseline 0.008 -23"><span class='ocrx_word' id='word_1_131' title='bbox 1028 931 1121 1001; x_wconf 90' lang='lat' dir='ltr'>ltaque</span> <span class='ocrx_word' id='word_1_132' title='bbox 1145 934 1203 990; x_wconf 84' lang='lat' dir='ltr'>lraec</span> <span class='ocrx_word' id='word_1_133' title='bbox 1221 933 1443 1008; x_wconf 84' lang='lat' dir='ltr'>Carthaginensis</span> <span class='ocrx_word' id='word_1_134' title='bbox 1466 934 1594 991; x_wconf 88' lang='lat' dir='ltr'>Ecclesiae</span> <span class='ocrx_word' id='word_1_135' title='bbox 1614 937 1720 992; x_wconf 91' lang='lat' dir='ltr'>traditio</span> <span class='ocrx_word' id='word_1_136' title='bbox 1739 952 1793 994; x_wconf 95' lang='lat' dir='ltr'>non</span> 
     </span>
     <span class='ocr_line' id='line_1_21' title="bbox 996 1021 1794 1091; baseline 0.01 -18"><span class='ocrx_word' id='word_1_137' title='bbox 996 1027 1095 1076; x_wconf 91' lang='lat' dir='ltr'>temere</span> <span class='ocrx_word' id='word_1_138' title='bbox 1110 1021 1166 1078; x_wconf 89' lang='lat' dir='ltr'>illic</span> <span class='ocrx_word' id='word_1_139' title='bbox 1188 1029 1292 1091; x_wconf 68' lang='lat' dir='ltr'>exorta</span> <span class='ocrx_word' id='word_1_140' title='bbox 1307 1031 1353 1078; x_wconf 90' lang='lat' dir='ltr'>aut</span> <span class='ocrx_word' id='word_1_141' title='bbox 1374 1023 1489 1078; x_wconf 89' lang='lat' dir='ltr'>subdole</span> <span class='ocrx_word' id='word_1_142' title='bbox 1512 1024 1635 1089; x_wconf 84' lang='lat' dir='ltr'>conficta,</span> <span class='ocrx_word' id='word_1_143' title='bbox 1652 1026 1700 1080; x_wconf 90' lang='lat' dir='ltr'>scd</span> <span class='ocrx_word' id='word_1_144' title='bbox 1712 1024 1746 1079; x_wconf 90' lang='lat' dir='ltr'>ab</span> <span class='ocrx_word' id='word_1_145' title='bbox 1760 1025 1794 1081; x_wconf 92' lang='lat' dir='ltr'>iis</span> 
     </span>
     <span class='ocr_line' id='line_1_22' title="bbox 995 1109 1794 1183; baseline 0.005 -18"><span class='ocrx_word' id='word_1_146' title='bbox 995 1109 1121 1165; x_wconf 88' lang='lat' dir='ltr'>omnibus</span> <span class='ocrx_word' id='word_1_147' title='bbox 1137 1110 1182 1183; x_wconf 90' lang='lat' dir='ltr'>qui</span> <span class='ocrx_word' id='word_1_148' title='bbox 1202 1112 1311 1166; x_wconf 89' lang='lat' dir='ltr'>Petrum</span> <span class='ocrx_word' id='word_1_149' title='bbox 1335 1111 1428 1167; x_wconf 85' lang='lat' dir='ltr'>Romae</span> <span class='ocrx_word' id='word_1_150' title='bbox 1452 1111 1584 1181; x_wconf 87' lang='lat' dir='ltr'>viderant,</span> <span class='ocrx_word' id='word_1_151' title='bbox 1601 1113 1794 1183; x_wconf 80' lang='lat' dir='ltr'>praedicantem</span> 
     </span>
     <span class='ocr_line' id='line_1_23' title="bbox 995 1197 1793 1270; baseline 0.008 -19"><span class='ocrx_word' id='word_1_152' title='bbox 995 1197 1145 1269; x_wconf 90' lang='lat' dir='ltr'>audierant,</span> <span class='ocrx_word' id='word_1_153' title='bbox 1169 1199 1296 1270; x_wconf 72' lang='lat' dir='ltr'>martyrio</span> <span class='ocrx_word' id='word_1_154' title='bbox 1320 1200 1445 1269; x_wconf 74' lang='lat' dir='ltr'>eiusdem</span> <span class='ocrx_word' id='word_1_155' title='bbox 1474 1200 1572 1255; x_wconf 91' lang='lat' dir='ltr'>oculati</span> <span class='ocrx_word' id='word_1_156' title='bbox 1600 1211 1682 1257; x_wconf 91' lang='lat' dir='ltr'>testes</span> <span class='ocrx_word' id='word_1_157' title='bbox 1707 1202 1793 1258; x_wconf 87' lang='lat' dir='ltr'>inter·</span> 
     </span>
     <span class='ocr_line' id='line_1_24' title="bbox 995 1284 1794 1362; baseline 0.009 -22"><span class='ocrx_word' id='word_1_158' title='bbox 995 1284 1111 1353; x_wconf 90' lang='lat' dir='ltr'>fuerant,</span> <span class='ocrx_word' id='word_1_159' title='bbox 1129 1287 1162 1342; x_wconf 92' lang='lat' dir='ltr'>ad</span> <span class='ocrx_word' id='word_1_160' title='bbox 1183 1291 1305 1359; x_wconf 88' lang='lat' dir='ltr'>posteros</span> <span class='ocrx_word' id='word_1_161' title='bbox 1324 1296 1483 1360; x_wconf 89' lang='lat' dir='ltr'>propagata,</span> <span class='ocrx_word' id='word_1_162' title='bbox 1504 1289 1659 1362; x_wconf 83' lang='lat' dir='ltr'>Carthagini</span> <span class='ocrx_word' id='word_1_163' title='bbox 1678 1290 1794 1361; x_wconf 88' lang='lat' dir='ltr'>indeque</span> 
     </span>
    </p>
   </div>
   <div class='ocr_carea' id='block_1_7' title="bbox 129 1373 1794 5602">
    <p class='ocr_par' dir='ltr' id='par_1_8' title="bbox 129 1373 1794 5602">
     <span class='ocr_line' id='line_1_25' title="bbox 142 1373 1791 1449; baseline 0.003 -21"><span class='ocrx_word' id='word_1_164' title='bbox 142 1373 215 1446; x_wconf 86' lang='lat' dir='ltr'>gitur</span> <span class='ocrx_word' id='word_1_165' title='bbox 240 1392 247 1431; x_wconf 75' lang='grc' dir='ltr'>ε</span> <span class='ocrx_word' id='word_1_166' title='bbox 269 1386 333 1432; x_wconf 87' lang='lat' dir='ltr'>tune</span> <span class='ocrx_word' id='word_1_167' title='bbox 356 1377 454 1431; x_wconf 90' lang='lat' dir='ltr'>Paulus</span> <span class='ocrx_word' id='word_1_168' title='bbox 478 1376 593 1432; x_wconf 82' lang='lat' dir='ltr'>ciuitatis</span> <span class='ocrx_word' id='word_1_169' title='bbox 617 1378 745 1434; x_wconf 72' lang='lat' dir='ltr'>Romanae</span> <span class='ocrx_word' id='word_1_170' title='bbox 768 1377 944 1447; x_wconf 92' lang='lat' dir='ltr'>consequitur</span> <span class='ocrx_word' id='word_1_171' title='bbox 995 1374 1107 1446; x_wconf 91' lang='lat' dir='ltr'>reliquis</span> <span class='ocrx_word' id='word_1_172' title='bbox 1124 1375 1257 1433; x_wconf 78' lang='lat' dir='ltr'>Africanis</span> <span class='ocrx_word' id='word_1_173' title='bbox 1289 1375 1427 1442; x_wconf 89' lang='lat' dir='ltr'>Ecclesiis,</span> <span class='ocrx_word' id='word_1_174' title='bbox 1452 1393 1505 1431; x_wconf 89' lang='lat' dir='ltr'>una</span> <span class='ocrx_word' id='word_1_175' title='bbox 1537 1393 1599 1433; x_wconf 89' lang='lat' dir='ltr'>cum</span> <span class='ocrx_word' id='word_1_176' title='bbox 1632 1377 1791 1449; x_wconf 83' lang='lat' dir='ltr'>Evangelio,</span> 
     </span>
     <span class='ocr_line' id='line_1_26' title="bbox 141 1462 1790 1539; baseline 0.004 -23"><span class='ocrx_word' id='word_1_177' title='bbox 141 1462 317 1530; x_wconf 84' lang='lat' dir='ltr'>nativitatem,</span> <span class='ocrx_word' id='word_1_178' title='bbox 331 1480 393 1520; x_wconf 92' lang='lat' dir='ltr'>cam</span> <span class='ocrx_word' id='word_1_179' title='bbox 416 1464 471 1521; x_wconf 94' lang='lat' dir='ltr'>illic</span> <span class='ocrx_word' id='word_1_180' title='bbox 489 1465 608 1537; x_wconf 79' lang='lat' dir='ltr'>martyrii</span> <span class='ocrx_word' id='word_1_181' title='bbox 627 1465 779 1523; x_wconf 86' lang='lat' dir='ltr'>renascitur</span> <span class='ocrx_word' id='word_1_182' title='bbox 796 1466 941 1539; x_wconf 90' lang='lat' dir='ltr'>generosi·</span> <span class='ocrx_word' id='word_1_183' title='bbox 995 1463 1067 1531; x_wconf 88' lang='lat' dir='ltr'>quod</span> <span class='ocrx_word' id='word_1_184' title='bbox 1091 1464 1133 1517; x_wconf 82' lang='lat' dir='ltr'>lrae</span> <span class='ocrx_word' id='word_1_185' title='bbox 1146 1479 1162 1518; x_wconf 88' lang='lat' dir='ltr'>a</span> <span class='ocrx_word' id='word_1_186' title='bbox 1175 1464 1297 1520; x_wconf 87' lang='lat' dir='ltr'>Romana</span> <span class='ocrx_word' id='word_1_187' title='bbox 1319 1465 1452 1530; x_wconf 86' lang='lat' dir='ltr'>Ecclesia,</span> <span class='ocrx_word' id='word_1_188' title='bbox 1468 1473 1498 1520; x_wconf 94' lang='lat' dir='ltr'>ut</span> <span class='ocrx_word' id='word_1_189' title='bbox 1516 1465 1546 1521; x_wconf 89' lang='lat' dir='ltr'>S.</span> <span class='ocrx_word' id='word_1_190' title='bbox 1564 1467 1680 1538; x_wconf 75' lang='lat' dir='ltr'>Angla</span> <span class='ocrx_word' id='word_1_191' title='bbox 1702 1468 1790 1539; x_wconf 82' lang='lat' dir='ltr'>Epist.</span> 
     </span>
     <span class='ocr_line' id='line_1_27' title="bbox 142 1553 1794 1626; baseline 0.003 -19"><span class='ocrx_word' id='word_1_192' title='bbox 142 1561 205 1608; x_wconf 87' lang='lat' dir='ltr'>tata.</span> <span class='ocrx_word' id='word_1_193' title='bbox 228 1573 241 1605; x_wconf 84' lang='grc' dir='ltr'>ι</span> <span class='ocrx_word' id='word_1_194' title='bbox 267 1554 351 1625; x_wconf 91' lang='lat' dir='ltr'>igitur</span> <span class='ocrx_word' id='word_1_195' title='bbox 371 1555 426 1623; x_wconf 88' lang='lat' dir='ltr'>jam</span> <span class='ocrx_word' id='word_1_196' title='bbox 446 1554 497 1608; x_wconf 89' lang='lat' dir='ltr'>sub</span> <span class='ocrx_word' id='word_1_197' title='bbox 515 1554 619 1610; x_wconf 91' lang='lat' dir='ltr'>initium</span> <span class='ocrx_word' id='word_1_198' title='bbox 648 1555 741 1612; x_wconf 81' lang='lat' dir='ltr'>seculi</span> <span class='ocrx_word' id='word_1_199' title='bbox 767 1571 809 1622; x_wconf 89' lang='lat' dir='ltr'>tu,</span> <span class='ocrx_word' id='word_1_200' title='bbox 831 1556 890 1611; x_wconf 80' lang='lat' dir='ltr'>haec</span> <span class='ocrx_word' id='word_1_201' title='bbox 914 1553 941 1608; x_wconf 92' lang='lat' dir='ltr'>in</span> <span class='ocrx_word' id='word_1_202' title='bbox 995 1553 1046 1605; x_wconf 78' lang='lat' dir='ltr'>l62</span> <span class='ocrx_word' id='word_1_203' title='bbox 1072 1561 1193 1618; x_wconf 87' lang='lat' dir='ltr'>testatur,</span> <span class='ocrx_word' id='word_1_204' title='bbox 1221 1562 1393 1626; x_wconf 89' lang='lat' dir='ltr'>acceperant,</span> <span class='ocrx_word' id='word_1_205' title='bbox 1421 1554 1495 1609; x_wconf 86' lang='lat' dir='ltr'>illata</span> <span class='ocrx_word' id='word_1_206' title='bbox 1523 1553 1617 1620; x_wconf 88' lang='lat' dir='ltr'>fuisse,</span> <span class='ocrx_word' id='word_1_207' title='bbox 1645 1555 1794 1612; x_wconf 90' lang='lat' dir='ltr'>indubitato</span> 
     </span>
     <span class='ocr_line' id='line_1_28' title="bbox 141 1638 1794 1715; baseline 0 -16"><span class='ocrx_word' id='word_1_208' title='bbox 141 1641 357 1711; x_wconf 85' lang='lat' dir='ltr'>Carthaginiensi</span> <span class='ocrx_word' id='word_1_209' title='bbox 389 1642 517 1708; x_wconf 85' lang='lat' dir='ltr'>Ecclesia,</span> <span class='ocrx_word' id='word_1_210' title='bbox 546 1643 611 1715; x_wconf 93' lang='lat' dir='ltr'>quin</span> <span class='ocrx_word' id='word_1_211' title='bbox 644 1653 671 1698; x_wconf 88' lang='lat' dir='ltr'>et</span> <span class='ocrx_word' id='word_1_212' title='bbox 702 1660 748 1714; x_wconf 87' lang='lat' dir='ltr'>per</span> <span class='ocrx_word' id='word_1_213' title='bbox 777 1652 859 1699; x_wconf 88' lang='lat' dir='ltr'>totam</span> <span class='ocrx_word' id='word_1_214' title='bbox 887 1642 940 1698; x_wconf 90' lang='lat' dir='ltr'>late</span> <span class='ocrx_word' id='word_1_215' title='bbox 994 1638 1067 1693; x_wconf 87' lang='lat' dir='ltr'>credi</span> <span class='ocrx_word' id='word_1_216' title='bbox 1090 1638 1179 1705; x_wconf 88' lang='lat' dir='ltr'>debet,</span> <span class='ocrx_word' id='word_1_217' title='bbox 1207 1648 1260 1695; x_wconf 86' lang='lat' dir='ltr'>tam</span> <span class='ocrx_word' id='word_1_218' title='bbox 1283 1640 1389 1696; x_wconf 89' lang='lat' dir='ltr'>fortiter</span> <span class='ocrx_word' id='word_1_219' title='bbox 1412 1659 1460 1712; x_wconf 93' lang='lat' dir='ltr'>pcr</span> <span class='ocrx_word' id='word_1_220' title='bbox 1483 1657 1579 1699; x_wconf 89' lang='lat' dir='ltr'>omnes</span> <span class='ocrx_word' id='word_1_221' title='bbox 1600 1643 1690 1698; x_wconf 85' lang='lat' dir='ltr'>ubivis</span> <span class='ocrx_word' id='word_1_222' title='bbox 1709 1652 1794 1699; x_wconf 89' lang='lat' dir='ltr'>terra-</span> 
     </span>
     <span class='ocr_line' id='line_1_29' title="bbox 143 1719 1794 1801; baseline 0.001 -18"><span class='ocrx_word' id='word_1_223' title='bbox 143 1729 272 1797; x_wconf 91' lang='lat' dir='ltr'>Africam,</span> <span class='ocrx_word' id='word_1_224' title='bbox 296 1731 447 1787; x_wconf 83' lang='lat' dir='ltr'>invaluerat</span> <span class='ocrx_word' id='word_1_225' title='bbox 466 1730 584 1799; x_wconf 88' lang='lat' dir='ltr'>traditio,</span> <span class='ocrx_word' id='word_1_226' title='bbox 602 1731 719 1797; x_wconf 89' lang='lat' dir='ltr'>nemine,</span> <span class='ocrx_word' id='word_1_227' title='bbox 744 1747 778 1786; x_wconf 88' lang='lat' dir='ltr'>ne</span> <span class='ocrx_word' id='word_1_228' title='bbox 797 1730 941 1787; x_wconf 83' lang='lat' dir='ltr'>baeretico·</span> <span class='ocrx_word' id='word_1_229' title='bbox 959 1719 981 1798; x_wconf 75' lang='grc' dir='ltr'><strong><em>Β</em></strong></span> <span class='ocrx_word' id='word_1_230' title='bbox 995 1743 1055 1782; x_wconf 93' lang='lat' dir='ltr'>rum</span> <span class='ocrx_word' id='word_1_231' title='bbox 1071 1728 1205 1784; x_wconf 77' lang='lat' dir='ltr'>Ecclesiae</span> <span class='ocrx_word' id='word_1_232' title='bbox 1219 1727 1347 1798; x_wconf 87' lang='lat' dir='ltr'>stabilita,</span> <span class='ocrx_word' id='word_1_233' title='bbox 1361 1736 1496 1785; x_wconf 88' lang='lat' dir='ltr'>utcontra</span> <span class='ocrx_word' id='word_1_234' title='bbox 1516 1739 1554 1785; x_wconf 94' lang='lat' dir='ltr'>tot</span> <span class='ocrx_word' id='word_1_235' title='bbox 1568 1730 1685 1800; x_wconf 90' lang='lat' dir='ltr'>testium,</span> <span class='ocrx_word' id='word_1_236' title='bbox 1702 1738 1729 1787; x_wconf 90' lang='lat' dir='ltr'>et</span> <span class='ocrx_word' id='word_1_237' title='bbox 1743 1747 1794 1801; x_wconf 92' lang='lat' dir='ltr'>pu·</span> 
     </span>
     <span class='ocr_line' id='line_1_30' title="bbox 142 1815 1791 1890; baseline 0.001 -18"><span class='ocrx_word' id='word_1_238' title='bbox 142 1833 203 1872; x_wconf 92' lang='lat' dir='ltr'>rum</span> <span class='ocrx_word' id='word_1_239' title='bbox 218 1817 335 1886; x_wconf 89' lang='lat' dir='ltr'>quidem,</span> <span class='ocrx_word' id='word_1_240' title='bbox 352 1834 421 1890; x_wconf 93' lang='lat' dir='ltr'>quos</span> <span class='ocrx_word' id='word_1_241' title='bbox 441 1827 494 1873; x_wconf 93' lang='lat' dir='ltr'>tam</span> <span class='ocrx_word' id='word_1_242' title='bbox 513 1819 620 1889; x_wconf 90' lang='lat' dir='ltr'>acriter,</span> <span class='ocrx_word' id='word_1_243' title='bbox 636 1826 664 1873; x_wconf 89' lang='lat' dir='ltr'>ct</span> <span class='ocrx_word' id='word_1_244' title='bbox 682 1818 804 1884; x_wconf 86' lang='lat' dir='ltr'>ubilibet,</span> <span class='ocrx_word' id='word_1_245' title='bbox 821 1819 938 1875; x_wconf 90' lang='lat' dir='ltr'>insecta·</span> <span class='ocrx_word' id='word_1_246' title='bbox 995 1815 1126 1871; x_wconf 88' lang='lat' dir='ltr'>blicomm</span> <span class='ocrx_word' id='word_1_247' title='bbox 1136 1824 1386 1885; x_wconf 87' lang='lat' dir='ltr'>monumentorum,</span> <span class='ocrx_word' id='word_1_248' title='bbox 1400 1817 1530 1887; x_wconf 90' lang='lat' dir='ltr'>lapidum,</span> <span class='ocrx_word' id='word_1_249' title='bbox 1541 1818 1716 1888; x_wconf 91' lang='lat' dir='ltr'>templorum,</span> <span class='ocrx_word' id='word_1_250' title='bbox 1728 1829 1791 1884; x_wconf 81' lang='lat' dir='ltr'>eto,</span> 
     </span>
     <span class='ocr_line' id='line_1_31' title="bbox 143 1903 1650 1978; baseline 0.001 -20"><span class='ocrx_word' id='word_1_251' title='bbox 143 1910 186 1958; x_wconf 91' lang='lat' dir='ltr'>tus</span> <span class='ocrx_word' id='word_1_252' title='bbox 214 1903 300 1959; x_wconf 91' lang='lat' dir='ltr'>fuerat</span> <span class='ocrx_word' id='word_1_253' title='bbox 329 1905 520 1973; x_wconf 84' lang='lat' dir='ltr'>Tertullianus,</span> <span class='ocrx_word' id='word_1_254' title='bbox 544 1906 667 1962; x_wconf 88' lang='lat' dir='ltr'>eamdem</span> <span class='ocrx_word' id='word_1_255' title='bbox 695 1907 842 1978; x_wconf 89' lang='lat' dir='ltr'>quidquam</span> <span class='ocrx_word' id='word_1_256' title='bbox 869 1922 938 1963; x_wconf 86' lang='lat' dir='ltr'>eon·</span> <span class='ocrx_word' id='word_1_257' title='bbox 995 1903 1508 1974; x_wconf 85' lang='lat' dir='ltr'>fidemnunquamdeincepsvacillare</span> <span class='ocrx_word' id='word_1_258' title='bbox 1524 1906 1650 1975; x_wconf 90' lang='lat' dir='ltr'>potuerit.</span> 
     </span>
     <span class='ocr_line' id='line_1_32' title="bbox 139 1991 1792 2064; baseline 0.002 -19"><span class='ocrx_word' id='word_1_259' title='bbox 139 1991 242 2046; x_wconf 85' lang='lat' dir='ltr'>vellere</span> <span class='ocrx_word' id='word_1_260' title='bbox 257 2008 334 2048; x_wconf 87' lang='lat' dir='ltr'>auso.</span> <span class='ocrx_word' id='word_1_261' title='bbox 1031 1994 1113 2049; x_wconf 87' lang='lat' dir='ltr'>Vides</span> <span class='ocrx_word' id='word_1_262' title='bbox 1137 2007 1214 2064; x_wconf 86' lang='lat' dir='ltr'>ergo,</span> <span class='ocrx_word' id='word_1_263' title='bbox 1235 1994 1277 2051; x_wconf 88' lang='lat' dir='ltr'>vel</span> <span class='ocrx_word' id='word_1_264' title='bbox 1299 1994 1388 2050; x_wconf 89' lang='lat' dir='ltr'>solum</span> <span class='ocrx_word' id='word_1_265' title='bbox 1412 1996 1463 2049; x_wconf 91' lang='lat' dir='ltr'>boc</span> <span class='ocrx_word' id='word_1_266' title='bbox 1487 1994 1641 2051; x_wconf 85' lang='lat' dir='ltr'>Tertulliani</span> <span class='ocrx_word' id='word_1_267' title='bbox 1666 1992 1792 2050; x_wconf 90' lang='lat' dir='ltr'>testimo-</span> 
     </span>
     <span class='ocr_line' id='line_1_33' title="bbox 176 2078 1792 2158; baseline 0.002 -24"><span class='ocrx_word' id='word_1_268' title='bbox 176 2078 228 2134; x_wconf 90' lang='lat' dir='ltr'>Sed</span> <span class='ocrx_word' id='word_1_269' title='bbox 247 2095 334 2151; x_wconf 89' lang='lat' dir='ltr'>neque</span> <span class='ocrx_word' id='word_1_270' title='bbox 353 2081 390 2136; x_wconf 92' lang='lat' dir='ltr'>ita</span> <span class='ocrx_word' id='word_1_271' title='bbox 409 2082 514 2138; x_wconf 89' lang='lat' dir='ltr'>seclusa</span> <span class='ocrx_word' id='word_1_272' title='bbox 534 2083 693 2139; x_wconf 83' lang='lat' dir='ltr'>allemania</span> <span class='ocrx_word' id='word_1_273' title='bbox 714 2089 770 2138; x_wconf 90' lang='lat' dir='ltr'>erat</span> <span class='ocrx_word' id='word_1_274' title='bbox 793 2083 938 2158; x_wconf 87' lang='lat' dir='ltr'>Carthago,</span> <span class='ocrx_word' id='word_1_275' title='bbox 995 2079 1070 2135; x_wconf 92' lang='lat' dir='ltr'>nium</span> <span class='ocrx_word' id='word_1_276' title='bbox 1091 2081 1136 2152; x_wconf 83' lang='lat' dir='ltr'>(nil</span> <span class='ocrx_word' id='word_1_277' title='bbox 1161 2080 1234 2138; x_wconf 91' lang='lat' dir='ltr'>enim</span> <span class='ocrx_word' id='word_1_278' title='bbox 1255 2082 1310 2152; x_wconf 88' lang='lat' dir='ltr'>jam</span> <span class='ocrx_word' id='word_1_279' title='bbox 1330 2082 1416 2138; x_wconf 87' lang='lat' dir='ltr'>dicam</span> <span class='ocrx_word' id='word_1_280' title='bbox 1439 2082 1473 2137; x_wconf 92' lang='lat' dir='ltr'>de</span> <span class='ocrx_word' id='word_1_281' title='bbox 1493 2083 1607 2139; x_wconf 92' lang='lat' dir='ltr'>aliorum</span> <span class='ocrx_word' id='word_1_282' title='bbox 1633 2081 1792 2154; x_wconf 88' lang='lat' dir='ltr'>antiquissi-</span> 
     </span>
     <span class='ocr_line' id='line_1_34' title="bbox 140 2169 1792 2243; baseline 0.002 -21"><span class='ocrx_word' id='word_1_283' title='bbox 140 2173 170 2222; x_wconf 89' lang='lat' dir='ltr'>at</span> <span class='ocrx_word' id='word_1_284' title='bbox 194 2169 302 2222; x_wconf 92' lang='lat' dir='ltr'>nonnisi</span> <span class='ocrx_word' id='word_1_285' title='bbox 332 2170 444 2236; x_wconf 90' lang='lat' dir='ltr'>tardius,</span> <span class='ocrx_word' id='word_1_286' title='bbox 469 2187 500 2225; x_wconf 88' lang='lat' dir='ltr'>ac</span> <span class='ocrx_word' id='word_1_287' title='bbox 523 2171 626 2228; x_wconf 91' lang='lat' dir='ltr'>incerto</span> <span class='ocrx_word' id='word_1_288' title='bbox 653 2188 773 2237; x_wconf 87' lang='lat' dir='ltr'>rumore,</span> <span class='ocrx_word' id='word_1_289' title='bbox 794 2189 837 2228; x_wconf 91' lang='lat' dir='ltr'>res</span> <span class='ocrx_word' id='word_1_290' title='bbox 860 2173 940 2243; x_wconf 89' lang='lat' dir='ltr'>paulo</span> <span class='ocrx_word' id='word_1_291' title='bbox 993 2185 1099 2224; x_wconf 90' lang='lat' dir='ltr'>morum</span> <span class='ocrx_word' id='word_1_292' title='bbox 1120 2171 1238 2235; x_wconf 77' lang='lat' dir='ltr'>Petrum,</span> <span class='ocrx_word' id='word_1_293' title='bbox 1253 2179 1280 2226; x_wconf 92' lang='lat' dir='ltr'>ct</span> <span class='ocrx_word' id='word_1_294' title='bbox 1301 2170 1398 2242; x_wconf 91' lang='lat' dir='ltr'>partim</span> <span class='ocrx_word' id='word_1_295' title='bbox 1418 2185 1525 2243; x_wconf 91' lang='lat' dir='ltr'>quoque</span> <span class='ocrx_word' id='word_1_296' title='bbox 1545 2170 1597 2240; x_wconf 87' lang='lat' dir='ltr'>ipsi</span> <span class='ocrx_word' id='word_1_297' title='bbox 1620 2172 1699 2226; x_wconf 89' lang='lat' dir='ltr'>Petro</span> <span class='ocrx_word' id='word_1_298' title='bbox 1720 2184 1792 2228; x_wconf 83' lang='lat' dir='ltr'>coae-</span> 
     </span>
     <span class='ocr_line' id='line_1_35' title="bbox 140 2255 1792 2331; baseline 0.001 -19"><span class='ocrx_word' id='word_1_299' title='bbox 140 2255 228 2327; x_wconf 86' lang='lat' dir='ltr'>magis</span> <span class='ocrx_word' id='word_1_300' title='bbox 257 2256 389 2329; x_wconf 87' lang='lat' dir='ltr'>insignes,</span> <span class='ocrx_word' id='word_1_301' title='bbox 415 2258 573 2328; x_wconf 84' lang='lat' dir='ltr'>noviterque</span> <span class='ocrx_word' id='word_1_302' title='bbox 599 2268 701 2331; x_wconf 88' lang='lat' dir='ltr'>gestas,</span> <span class='ocrx_word' id='word_1_303' title='bbox 720 2259 790 2314; x_wconf 92' lang='lat' dir='ltr'>ultro</span> <span class='ocrx_word' id='word_1_304' title='bbox 819 2260 940 2331; x_wconf 88' lang='lat' dir='ltr'>citroque</span> <span class='ocrx_word' id='word_1_305' title='bbox 993 2273 1099 2328; x_wconf 84' lang='lat' dir='ltr'>vorum,</span> <span class='ocrx_word' id='word_1_306' title='bbox 1124 2259 1269 2315; x_wconf 87' lang='lat' dir='ltr'>accedente</span> <span class='ocrx_word' id='word_1_307' title='bbox 1297 2275 1410 2329; x_wconf 90' lang='lat' dir='ltr'>prorsus</span> <span class='ocrx_word' id='word_1_308' title='bbox 1435 2259 1554 2313; x_wconf 91' lang='lat' dir='ltr'>unanimi</span> <span class='ocrx_word' id='word_1_309' title='bbox 1583 2262 1730 2330; x_wconf 84' lang='lat' dir='ltr'>consensu)</span> <span class='ocrx_word' id='word_1_310' title='bbox 1758 2259 1792 2315; x_wconf 89' lang='lat' dir='ltr'>ad</span> 
     </span>
     <span class='ocr_line' id='line_1_36' title="bbox 144 2342 1791 2420; baseline 0.002 -22"><span class='ocrx_word' id='word_1_311' title='bbox 144 2342 257 2417; x_wconf 80' lang='lat' dir='ltr'>perferri</span> <span class='ocrx_word' id='word_1_312' title='bbox 283 2360 352 2416; x_wconf 90' lang='lat' dir='ltr'>opus</span> <span class='ocrx_word' id='word_1_313' title='bbox 375 2345 476 2420; x_wconf 71' lang='lat' dir='ltr'>fuerit,</span> <span class='ocrx_word' id='word_1_314' title='bbox 492 2362 553 2401; x_wconf 90' lang='lat' dir='ltr'>nam</span> <span class='ocrx_word' id='word_1_315' title='bbox 575 2354 602 2401; x_wconf 94' lang='lat' dir='ltr'>et</span> <span class='ocrx_word' id='word_1_316' title='bbox 624 2362 640 2400; x_wconf 92' lang='lat' dir='ltr'>a</span> <span class='ocrx_word' id='word_1_317' title='bbox 659 2347 731 2402; x_wconf 86' lang='lat' dir='ltr'>Julio</span> <span class='ocrx_word' id='word_1_318' title='bbox 757 2346 862 2402; x_wconf 80' lang='lat' dir='ltr'>Caesare</span> <span class='ocrx_word' id='word_1_319' title='bbox 882 2358 940 2403; x_wconf 90' lang='lat' dir='ltr'>tra·</span> <span class='ocrx_word' id='word_1_320' title='bbox 993 2345 1165 2402; x_wconf 89' lang='lat' dir='ltr'>traditionem</span> <span class='ocrx_word' id='word_1_321' title='bbox 1193 2349 1262 2402; x_wconf 91' lang='lat' dir='ltr'>hanc</span> <span class='ocrx_word' id='word_1_322' title='bbox 1284 2347 1351 2416; x_wconf 85' lang='lat' dir='ltr'>ipsis</span> <span class='ocrx_word' id='word_1_323' title='bbox 1375 2364 1390 2400; x_wconf 93' lang='lat' dir='ltr'>a</span> <span class='ocrx_word' id='word_1_324' title='bbox 1413 2348 1471 2402; x_wconf 91' lang='lat' dir='ltr'>suis</span> <span class='ocrx_word' id='word_1_325' title='bbox 1499 2347 1620 2404; x_wconf 91' lang='lat' dir='ltr'>fontibus</span> <span class='ocrx_word' id='word_1_326' title='bbox 1649 2362 1791 2404; x_wconf 89' lang='lat' dir='ltr'>accersen-</span> 
     </span>
     <span class='ocr_line' id='line_1_37' title="bbox 138 2433 1792 2506; baseline -0.001 -17"><span class='ocrx_word' id='word_1_327' title='bbox 138 2433 218 2491; x_wconf 91' lang='lat' dir='ltr'>ducta</span> <span class='ocrx_word' id='word_1_328' title='bbox 234 2435 296 2489; x_wconf 91' lang='lat' dir='ltr'>illuc</span> <span class='ocrx_word' id='word_1_329' title='bbox 312 2434 416 2506; x_wconf 88' lang='lat' dir='ltr'>integra</span> <span class='ocrx_word' id='word_1_330' title='bbox 436 2438 625 2493; x_wconf 82' lang='lat' dir='ltr'>Romanorum</span> <span class='ocrx_word' id='word_1_331' title='bbox 648 2437 755 2491; x_wconf 84' lang='lat' dir='ltr'>eiciam</span> <span class='ocrx_word' id='word_1_332' title='bbox 779 2436 895 2501; x_wconf 89' lang='lat' dir='ltr'>colonie,</span> <span class='ocrx_word' id='word_1_333' title='bbox 911 2445 940 2494; x_wconf 90' lang='lat' dir='ltr'>et</span> <span class='ocrx_word' id='word_1_334' title='bbox 992 2435 1064 2499; x_wconf 90' lang='lat' dir='ltr'>dam,</span> <span class='ocrx_word' id='word_1_335' title='bbox 1081 2443 1106 2490; x_wconf 90' lang='lat' dir='ltr'>et</span> <span class='ocrx_word' id='word_1_336' title='bbox 1126 2435 1300 2489; x_wconf 84' lang='lat' dir='ltr'>sectariorum</span> <span class='ocrx_word' id='word_1_337' title='bbox 1322 2434 1471 2500; x_wconf 88' lang='lat' dir='ltr'>audaciam,</span> <span class='ocrx_word' id='word_1_338' title='bbox 1486 2450 1539 2505; x_wconf 88' lang='lat' dir='ltr'>qua</span> <span class='ocrx_word' id='word_1_339' title='bbox 1558 2451 1616 2489; x_wconf 91' lang='lat' dir='ltr'>rem</span> <span class='ocrx_word' id='word_1_340' title='bbox 1636 2442 1692 2489; x_wconf 91' lang='lat' dir='ltr'>tam</span> <span class='ocrx_word' id='word_1_341' title='bbox 1710 2450 1792 2505; x_wconf 88' lang='lat' dir='ltr'>aper-</span> 
     </span>
     <span class='ocr_line' id='line_1_38' title="bbox 140 2522 1792 2596; baseline -0.001 -18"><span class='ocrx_word' id='word_1_342' title='bbox 140 2523 174 2578; x_wconf 89' lang='lat' dir='ltr'>ab</span> <span class='ocrx_word' id='word_1_343' title='bbox 190 2524 316 2596; x_wconf 92' lang='lat' dir='ltr'>Augusto</span> <span class='ocrx_word' id='word_1_344' title='bbox 331 2538 488 2580; x_wconf 88' lang='lat' dir='ltr'>successore</span> <span class='ocrx_word' id='word_1_345' title='bbox 503 2524 563 2595; x_wconf 92' lang='lat' dir='ltr'>ipsa</span> <span class='ocrx_word' id='word_1_346' title='bbox 576 2524 674 2594; x_wconf 79' lang='lat' dir='ltr'>Africo</span> <span class='ocrx_word' id='word_1_347' title='bbox 688 2531 798 2581; x_wconf 89' lang='lat' dir='ltr'>senatus</span> <span class='ocrx_word' id='word_1_348' title='bbox 812 2524 938 2596; x_wconf 90' lang='lat' dir='ltr'>potestati</span> <span class='ocrx_word' id='word_1_349' title='bbox 993 2530 1057 2592; x_wconf 89' lang='lat' dir='ltr'>tam,</span> <span class='ocrx_word' id='word_1_350' title='bbox 1075 2530 1101 2576; x_wconf 89' lang='lat' dir='ltr'>et</span> <span class='ocrx_word' id='word_1_351' title='bbox 1117 2522 1160 2576; x_wconf 93' lang='lat' dir='ltr'>cui</span> <span class='ocrx_word' id='word_1_352' title='bbox 1176 2537 1209 2576; x_wconf 91' lang='lat' dir='ltr'>ne</span> <span class='ocrx_word' id='word_1_353' title='bbox 1224 2523 1288 2576; x_wconf 87' lang='lat' dir='ltr'>alias</span> <span class='ocrx_word' id='word_1_354' title='bbox 1303 2523 1411 2591; x_wconf 85' lang='lat' dir='ltr'>quidem</span> <span class='ocrx_word' id='word_1_355' title='bbox 1433 2523 1620 2579; x_wconf 81' lang='lat' dir='ltr'>haereticorum</span> <span class='ocrx_word' id='word_1_356' title='bbox 1638 2530 1684 2578; x_wconf 89' lang='lat' dir='ltr'>aut</span> <span class='ocrx_word' id='word_1_357' title='bbox 1703 2523 1792 2579; x_wconf 89' lang='lat' dir='ltr'>schis-</span> 
     </span>
     <span class='ocr_line' id='line_1_39' title="bbox 140 2610 1793 2685; baseline -0.001 -18"><span class='ocrx_word' id='word_1_358' title='bbox 140 2612 249 2680; x_wconf 89' lang='lat' dir='ltr'>tradita,</span> <span class='ocrx_word' id='word_1_359' title='bbox 266 2622 294 2667; x_wconf 89' lang='lat' dir='ltr'>ct</span> <span class='ocrx_word' id='word_1_360' title='bbox 308 2628 355 2667; x_wconf 91' lang='lat' dir='ltr'>ceu</span> <span class='ocrx_word' id='word_1_361' title='bbox 370 2614 519 2669; x_wconf 80' lang='lat' dir='ltr'>Provincia</span> <span class='ocrx_word' id='word_1_362' title='bbox 546 2615 673 2669; x_wconf 83' lang='lat' dir='ltr'>lfomana</span> <span class='ocrx_word' id='word_1_363' title='bbox 686 2628 736 2683; x_wconf 91' lang='lat' dir='ltr'>per</span> <span class='ocrx_word' id='word_1_364' title='bbox 751 2627 855 2668; x_wconf 90' lang='lat' dir='ltr'>annuos</span> <span class='ocrx_word' id='word_1_365' title='bbox 867 2630 936 2685; x_wconf 84' lang='lat' dir='ltr'>pro-</span> <span class='ocrx_word' id='word_1_366' title='bbox 994 2610 1153 2666; x_wconf 90' lang='lat' dir='ltr'>maticorum</span> <span class='ocrx_word' id='word_1_367' title='bbox 1165 2610 1236 2666; x_wconf 90' lang='lat' dir='ltr'>ullus</span> <span class='ocrx_word' id='word_1_368' title='bbox 1246 2619 1306 2666; x_wconf 91' lang='lat' dir='ltr'>ante</span> <span class='ocrx_word' id='word_1_369' title='bbox 1318 2626 1369 2666; x_wconf 85' lang='lat' dir='ltr'>xvt</span> <span class='ocrx_word' id='word_1_370' title='bbox 1379 2610 1510 2679; x_wconf 79' lang='lat' dir='ltr'>Ecclesiae</span> <span class='ocrx_word' id='word_1_371' title='bbox 1521 2627 1584 2669; x_wconf 89' lang='lat' dir='ltr'>saec.</span> <span class='ocrx_word' id='word_1_372' title='bbox 1594 2612 1636 2667; x_wconf 86' lang='lat' dir='ltr'>vel</span> <span class='ocrx_word' id='word_1_373' title='bbox 1647 2611 1793 2666; x_wconf 89' lang='lat' dir='ltr'>minimum</span> 
     </span>
     <span class='ocr_line' id='line_1_40' title="bbox 139 2697 1791 2771; baseline -0.002 -16"><span class='ocrx_word' id='word_1_374' title='bbox 139 2702 269 2757; x_wconf 74' lang='lat' dir='ltr'>emacules</span> <span class='ocrx_word' id='word_1_375' title='bbox 292 2701 423 2771; x_wconf 89' lang='lat' dir='ltr'>deinceps</span> <span class='ocrx_word' id='word_1_376' title='bbox 444 2700 637 2767; x_wconf 91' lang='lat' dir='ltr'>administrata,</span> <span class='ocrx_word' id='word_1_377' title='bbox 660 2708 687 2756; x_wconf 88' lang='lat' dir='ltr'>et</span> <span class='ocrx_word' id='word_1_378' title='bbox 707 2702 741 2756; x_wconf 92' lang='lat' dir='ltr'>ab</span> <span class='ocrx_word' id='word_1_379' title='bbox 765 2700 838 2756; x_wconf 84' lang='lat' dir='ltr'>ltalia</span> <span class='ocrx_word' id='word_1_380' title='bbox 860 2701 937 2758; x_wconf 87' lang='lat' dir='ltr'>navi·</span> <span class='ocrx_word' id='word_1_381' title='bbox 991 2697 1178 2753; x_wconf 89' lang='lat' dir='ltr'>contradicere</span> <span class='ocrx_word' id='word_1_382' title='bbox 1215 2712 1297 2753; x_wconf 90' lang='lat' dir='ltr'>ausus</span> <span class='ocrx_word' id='word_1_383' title='bbox 1333 2707 1383 2765; x_wconf 91' lang='lat' dir='ltr'>cst,</span> <span class='ocrx_word' id='word_1_384' title='bbox 1426 2699 1453 2753; x_wconf 94' lang='lat' dir='ltr'>in</span> <span class='ocrx_word' id='word_1_385' title='bbox 1491 2698 1702 2754; x_wconf 87' lang='lat' dir='ltr'>controversiam</span> <span class='ocrx_word' id='word_1_386' title='bbox 1735 2700 1791 2766; x_wconf 89' lang='lat' dir='ltr'>jam</span> 
     </span>
     <span class='ocr_line' id='line_1_41' title="bbox 138 2784 1791 2860; baseline -0.002 -17"><span class='ocrx_word' id='word_1_387' title='bbox 138 2788 190 2843; x_wconf 91' lang='lat' dir='ltr'>bus</span> <span class='ocrx_word' id='word_1_388' title='bbox 208 2790 244 2842; x_wconf 94' lang='lat' dir='ltr'>ob</span> <span class='ocrx_word' id='word_1_389' title='bbox 267 2787 392 2843; x_wconf 91' lang='lat' dir='ltr'>frumenti</span> <span class='ocrx_word' id='word_1_390' title='bbox 411 2803 498 2860; x_wconf 89' lang='lat' dir='ltr'>prope</span> <span class='ocrx_word' id='word_1_391' title='bbox 517 2789 700 2857; x_wconf 78' lang='lat' dir='ltr'>quotidianam</span> <span class='ocrx_word' id='word_1_392' title='bbox 721 2787 936 2859; x_wconf 84' lang='lat' dir='ltr'>exportationem</span> <span class='ocrx_word' id='word_1_393' title='bbox 992 2787 1151 2856; x_wconf 86' lang='lat' dir='ltr'>pertrabunt</span> <span class='ocrx_word' id='word_1_394' title='bbox 1175 2785 1359 2857; x_wconf 87' lang='lat' dir='ltr'>frangendam.</span> <span class='ocrx_word' id='word_1_395' title='bbox 1379 2786 1512 2840; x_wconf 89' lang='lat' dir='ltr'>Nimirum</span> <span class='ocrx_word' id='word_1_396' title='bbox 1537 2784 1660 2840; x_wconf 91' lang='lat' dir='ltr'>moderni</span> <span class='ocrx_word' id='word_1_397' title='bbox 1683 2785 1791 2839; x_wconf 89' lang='lat' dir='ltr'>demum</span> 
     </span>
     <span class='ocr_line' id='line_1_42' title="bbox 137 2872 1789 2946; baseline 0 -19"><span class='ocrx_word' id='word_1_398' title='bbox 137 2872 270 2942; x_wconf 84' lang='lat' dir='ltr'>(Africam</span> <span class='ocrx_word' id='word_1_399' title='bbox 293 2876 362 2930; x_wconf 87' lang='lat' dir='ltr'>enim</span> <span class='ocrx_word' id='word_1_400' title='bbox 379 2878 471 2933; x_wconf 83' lang='lat' dir='ltr'>ltalioe</span> <span class='ocrx_word' id='word_1_401' title='bbox 492 2877 624 2934; x_wconf 82' lang='lat' dir='ltr'>horream</span> <span class='ocrx_word' id='word_1_402' title='bbox 639 2876 692 2931; x_wconf 90' lang='lat' dir='ltr'>illis</span> <span class='ocrx_word' id='word_1_403' title='bbox 707 2876 872 2946; x_wconf 92' lang='lat' dir='ltr'>temporibus</span> <span class='ocrx_word' id='word_1_404' title='bbox 886 2892 934 2931; x_wconf 91' lang='lat' dir='ltr'>au·</span> <span class='ocrx_word' id='word_1_405' title='bbox 992 2874 1075 2930; x_wconf 89' lang='lat' dir='ltr'>nostri</span> <span class='ocrx_word' id='word_1_406' title='bbox 1091 2881 1144 2929; x_wconf 92' lang='lat' dir='ltr'>tam</span> <span class='ocrx_word' id='word_1_407' title='bbox 1162 2872 1261 2944; x_wconf 90' lang='lat' dir='ltr'>nasuti,</span> <span class='ocrx_word' id='word_1_408' title='bbox 1277 2882 1323 2929; x_wconf 90' lang='lat' dir='ltr'>aut</span> <span class='ocrx_word' id='word_1_409' title='bbox 1342 2872 1459 2929; x_wconf 86' lang='lat' dir='ltr'>nasutuli</span> <span class='ocrx_word' id='word_1_410' title='bbox 1482 2873 1568 2943; x_wconf 86' lang='lat' dir='ltr'>potius</span> <span class='ocrx_word' id='word_1_411' title='bbox 1587 2881 1658 2941; x_wconf 90' lang='lat' dir='ltr'>sunt,</span> <span class='ocrx_word' id='word_1_412' title='bbox 1672 2881 1711 2940; x_wconf 92' lang='lat' dir='ltr'>ut,</span> <span class='ocrx_word' id='word_1_413' title='bbox 1728 2889 1789 2944; x_wconf 83' lang='lat' dir='ltr'>qnae</span> 
     </span>
     <span class='ocr_line' id='line_1_43' title="bbox 139 2959 1788 3036; baseline -0.001 -20"><span class='ocrx_word' id='word_1_414' title='bbox 139 2960 233 3031; x_wconf 89' lang='lat' dir='ltr'>diisse,</span> <span class='ocrx_word' id='word_1_415' title='bbox 248 2978 282 3018; x_wconf 89' lang='lat' dir='ltr'>ex</span> <span class='ocrx_word' id='word_1_416' title='bbox 305 2964 396 3020; x_wconf 89' lang='lat' dir='ltr'>Tacito</span> <span class='ocrx_word' id='word_1_417' title='bbox 418 2964 436 3018; x_wconf 95' lang='lat' dir='ltr'>l.</span> <span class='ocrx_word' id='word_1_418' title='bbox 457 2980 487 3019; x_wconf 93' lang='grc' dir='ltr'>ιιι</span> <span class='ocrx_word' id='word_1_419' title='bbox 509 2966 584 3021; x_wconf 84' lang='lat' dir='ltr'>Eist.</span> <span class='ocrx_word' id='word_1_420' title='bbox 606 2980 665 3035; x_wconf 86' lang='lat' dir='ltr'>cap.</span> <span class='ocrx_word' id='word_1_421' title='bbox 691 2965 735 3030; x_wconf 84' lang='lat' dir='ltr'>ta,</span> <span class='ocrx_word' id='word_1_422' title='bbox 751 2979 782 3019; x_wconf 91' lang='lat' dir='ltr'>ac</span> <span class='ocrx_word' id='word_1_423' title='bbox 801 2964 937 3036; x_wconf 87' lang='lat' dir='ltr'>plerisque</span> <span class='ocrx_word' id='word_1_424' title='bbox 991 2969 1097 3017; x_wconf 86' lang='lat' dir='ltr'>veteres</span> <span class='ocrx_word' id='word_1_425' title='bbox 1119 2977 1213 3016; x_wconf 88' lang='lat' dir='ltr'>omncs</span> <span class='ocrx_word' id='word_1_426' title='bbox 1235 2960 1404 3017; x_wconf 88' lang='lat' dir='ltr'>subolfacere</span> <span class='ocrx_word' id='word_1_427' title='bbox 1426 2976 1481 3015; x_wconf 90' lang='lat' dir='ltr'>non</span> <span class='ocrx_word' id='word_1_428' title='bbox 1505 2967 1654 3030; x_wconf 86' lang='lat' dir='ltr'>potuerant.</span> <span class='ocrx_word' id='word_1_429' title='bbox 1668 2959 1721 3029; x_wconf 88' lang='lat' dir='ltr'>ipsi</span> <span class='ocrx_word' id='word_1_430' title='bbox 1733 2961 1788 3029; x_wconf 85' lang='lat' dir='ltr'>jam</span> 
     </span>
     <span class='ocr_line' id='line_1_44' title="bbox 139 3020 1789 3125; baseline -0.002 -20"><span class='ocrx_word' id='word_1_431' title='bbox 139 3057 196 3106; x_wconf 93' lang='lat' dir='ltr'>tum</span> <span class='ocrx_word' id='word_1_432' title='bbox 210 3051 321 3122; x_wconf 85' lang='lat' dir='ltr'>Graecis,</span> <span class='ocrx_word' id='word_1_433' title='bbox 335 3063 389 3108; x_wconf 89' lang='lat' dir='ltr'>tum</span> <span class='ocrx_word' id='word_1_434' title='bbox 407 3053 509 3108; x_wconf 88' lang='lat' dir='ltr'>Latinis</span> <span class='ocrx_word' id='word_1_435' title='bbox 524 3070 614 3109; x_wconf 89' lang='lat' dir='ltr'>rerum</span> <span class='ocrx_word' id='word_1_436' title='bbox 628 3054 811 3110; x_wconf 84' lang='lat' dir='ltr'>Romanorum</span> <span class='ocrx_word' id='word_1_437' title='bbox 826 3054 937 3125; x_wconf 90' lang='lat' dir='ltr'>scripto-</span> <span class='ocrx_word' id='word_1_438' title='bbox 956 3020 1099 3108; x_wconf 56' lang='lat' dir='ltr'>codorari</span> <span class='ocrx_word' id='word_1_439' title='bbox 1122 3047 1260 3118; x_wconf 91' lang='lat' dir='ltr'>incipiant.</span> <span class='ocrx_word' id='word_1_440' title='bbox 1284 3048 1371 3120; x_wconf 86' lang='lat' dir='ltr'>Atque</span> <span class='ocrx_word' id='word_1_441' title='bbox 1386 3047 1409 3102; x_wconf 92' lang='lat' dir='ltr'>si</span> <span class='ocrx_word' id='word_1_442' title='bbox 1424 3048 1488 3101; x_wconf 93' lang='lat' dir='ltr'>mihi</span> <span class='ocrx_word' id='word_1_443' title='bbox 1511 3047 1618 3118; x_wconf 92' lang='lat' dir='ltr'>quidem</span> <span class='ocrx_word' id='word_1_444' title='bbox 1633 3055 1725 3103; x_wconf 89' lang='lat' dir='ltr'>contra</span> <span class='ocrx_word' id='word_1_445' title='bbox 1739 3048 1789 3104; x_wconf 91' lang='lat' dir='ltr'>hos</span> 
     </span>
     <span class='ocr_line' id='line_1_45' title="bbox 140 3135 1789 3212; baseline -0.005 -14"><span class='ocrx_word' id='word_1_446' title='bbox 140 3138 216 3194; x_wconf 81' lang='lat' dir='ltr'>ribus</span> <span class='ocrx_word' id='word_1_447' title='bbox 236 3140 316 3197; x_wconf 87' lang='lat' dir='ltr'>nimis</span> <span class='ocrx_word' id='word_1_448' title='bbox 337 3158 419 3212; x_wconf 91' lang='lat' dir='ltr'>quam</span> <span class='ocrx_word' id='word_1_449' title='bbox 439 3149 531 3197; x_wconf 89' lang='lat' dir='ltr'>notum</span> <span class='ocrx_word' id='word_1_450' title='bbox 551 3143 614 3210; x_wconf 79' lang='lat' dir='ltr'>estl,</span> <span class='ocrx_word' id='word_1_451' title='bbox 631 3150 686 3197; x_wconf 90' lang='lat' dir='ltr'>tum</span> <span class='ocrx_word' id='word_1_452' title='bbox 705 3141 819 3197; x_wconf 90' lang='lat' dir='ltr'>aliorum</span> <span class='ocrx_word' id='word_1_453' title='bbox 834 3143 935 3198; x_wconf 89' lang='lat' dir='ltr'>merci·</span> <span class='ocrx_word' id='word_1_454' title='bbox 992 3138 1058 3192; x_wconf 90' lang='lat' dir='ltr'>tales</span> <span class='ocrx_word' id='word_1_455' title='bbox 1078 3137 1199 3209; x_wconf 88' lang='lat' dir='ltr'>pluribus</span> <span class='ocrx_word' id='word_1_456' title='bbox 1218 3152 1300 3210; x_wconf 84' lang='lat' dir='ltr'>agere</span> <span class='ocrx_word' id='word_1_457' title='bbox 1321 3136 1479 3202; x_wconf 89' lang='lat' dir='ltr'>collibitum,</span> <span class='ocrx_word' id='word_1_458' title='bbox 1503 3145 1548 3190; x_wconf 91' lang='lat' dir='ltr'>aut</span> <span class='ocrx_word' id='word_1_459' title='bbox 1564 3151 1653 3206; x_wconf 85' lang='lat' dir='ltr'>operae</span> <span class='ocrx_word' id='word_1_460' title='bbox 1672 3135 1789 3206; x_wconf 89' lang='lat' dir='ltr'>pretium</span> 
     </span>
     <span class='ocr_line' id='line_1_46' title="bbox 139 3222 1789 3302; baseline 0.001 -22"><span class='ocrx_word' id='word_1_461' title='bbox 139 3227 291 3284; x_wconf 87' lang='lat' dir='ltr'>mouiornm</span> <span class='ocrx_word' id='word_1_462' title='bbox 315 3246 396 3284; x_wconf 86' lang='lat' dir='ltr'>causa</span> <span class='ocrx_word' id='word_1_463' title='bbox 418 3237 550 3302; x_wconf 88' lang='lat' dir='ltr'>perpetuo</span> <span class='ocrx_word' id='word_1_464' title='bbox 573 3229 741 3301; x_wconf 88' lang='lat' dir='ltr'>frequentata</span> <span class='ocrx_word' id='word_1_465' title='bbox 766 3228 863 3286; x_wconf 84' lang='lat' dir='ltr'>luerat.</span> <span class='ocrx_word' id='word_1_466' title='bbox 881 3231 935 3287; x_wconf 92' lang='lat' dir='ltr'>Oro</span> <span class='ocrx_word' id='word_1_467' title='bbox 992 3234 1072 3292; x_wconf 87' lang='lat' dir='ltr'>osset,</span> <span class='ocrx_word' id='word_1_468' title='bbox 1093 3239 1142 3280; x_wconf 87' lang='lat' dir='ltr'>cos</span> <span class='ocrx_word' id='word_1_469' title='bbox 1164 3225 1256 3295; x_wconf 87' lang='lat' dir='ltr'>etiam,</span> <span class='ocrx_word' id='word_1_470' title='bbox 1278 3224 1335 3295; x_wconf 92' lang='lat' dir='ltr'>qui,</span> <span class='ocrx_word' id='word_1_471' title='bbox 1357 3233 1385 3278; x_wconf 92' lang='lat' dir='ltr'>ut</span> <span class='ocrx_word' id='word_1_472' title='bbox 1408 3240 1423 3276; x_wconf 91' lang='lat' dir='ltr'>a</span> <span class='ocrx_word' id='word_1_473' title='bbox 1447 3223 1545 3280; x_wconf 90' lang='lat' dir='ltr'>nostris</span> <span class='ocrx_word' id='word_1_474' title='bbox 1568 3225 1652 3279; x_wconf 88' lang='lat' dir='ltr'>sacris</span> <span class='ocrx_word' id='word_1_475' title='bbox 1675 3222 1789 3281; x_wconf 83' lang='lat' dir='ltr'>maxime</span> 
     </span>
     <span class='ocr_line' id='line_1_47' title="bbox 139 3311 1788 3390; baseline -0.003 -17"><span class='ocrx_word' id='word_1_476' title='bbox 139 3313 235 3387; x_wconf 77' lang='lat' dir='ltr'>igitur,</span> <span class='ocrx_word' id='word_1_477' title='bbox 261 3320 445 3389; x_wconf 90' lang='lat' dir='ltr'>obtestorque,</span> <span class='ocrx_word' id='word_1_478' title='bbox 481 3334 534 3388; x_wconf 92' lang='lat' dir='ltr'>quo</span> <span class='ocrx_word' id='word_1_479' title='bbox 567 3326 674 3376; x_wconf 90' lang='lat' dir='ltr'>auctore</span> <span class='ocrx_word' id='word_1_480' title='bbox 707 3333 762 3374; x_wconf 91' lang='lat' dir='ltr'>non</span> <span class='ocrx_word' id='word_1_481' title='bbox 797 3321 934 3390; x_wconf 69' lang='lat' dir='ltr'>Carthago</span> <span class='ocrx_word' id='word_1_482' title='bbox 991 3312 1081 3384; x_wconf 91' lang='lat' dir='ltr'>alieni,</span> <span class='ocrx_word' id='word_1_483' title='bbox 1116 3312 1153 3367; x_wconf 87' lang='lat' dir='ltr'>ita</span> <span class='ocrx_word' id='word_1_484' title='bbox 1182 3313 1252 3383; x_wconf 88' lang='lat' dir='ltr'>apud</span> <span class='ocrx_word' id='word_1_485' title='bbox 1284 3313 1346 3369; x_wconf 87' lang='lat' dir='ltr'>illos</span> <span class='ocrx_word' id='word_1_486' title='bbox 1379 3311 1443 3367; x_wconf 88' lang='lat' dir='ltr'>alias</span> <span class='ocrx_word' id='word_1_487' title='bbox 1481 3311 1596 3366; x_wconf 89' lang='lat' dir='ltr'>maxima</span> <span class='ocrx_word' id='word_1_488' title='bbox 1629 3311 1788 3368; x_wconf 82' lang='lat' dir='ltr'>auctoritato</span> 
     </span>
     <span class='ocr_line' id='line_1_48' title="bbox 140 3398 1788 3480; baseline -0.002 -24"><span class='ocrx_word' id='word_1_489' title='bbox 140 3407 316 3473; x_wconf 84' lang='lat' dir='ltr'>tantum,sed</span> <span class='ocrx_word' id='word_1_490' title='bbox 336 3417 391 3462; x_wconf 83' lang='lat' dir='ltr'>torn</span> <span class='ocrx_word' id='word_1_491' title='bbox 412 3409 517 3478; x_wconf 76' lang='lat' dir='ltr'>Africa,</span> <span class='ocrx_word' id='word_1_492' title='bbox 535 3407 588 3463; x_wconf 80' lang='lat' dir='ltr'>sibi</span> <span class='ocrx_word' id='word_1_493' title='bbox 607 3415 719 3478; x_wconf 80' lang='lat' dir='ltr'>tantum,</span> <span class='ocrx_word' id='word_1_494' title='bbox 741 3415 849 3480; x_wconf 74' lang='lat' dir='ltr'>tamque</span> <span class='ocrx_word' id='word_1_495' title='bbox 868 3424 936 3464; x_wconf 85' lang='lat' dir='ltr'>noa·</span> <span class='ocrx_word' id='word_1_496' title='bbox 991 3408 1063 3466; x_wconf 90' lang='lat' dir='ltr'>sunt,</span> <span class='ocrx_word' id='word_1_497' title='bbox 1091 3400 1282 3466; x_wconf 89' lang='lat' dir='ltr'>Pearscuium,</span> <span class='ocrx_word' id='word_1_498' title='bbox 1307 3400 1446 3466; x_wconf 89' lang='lat' dir='ltr'>Gratiam,</span> <span class='ocrx_word' id='word_1_499' title='bbox 1476 3399 1628 3464; x_wconf 90' lang='lat' dir='ltr'>Usserium,</span> <span class='ocrx_word' id='word_1_500' title='bbox 1659 3398 1788 3454; x_wconf 86' lang='lat' dir='ltr'>Cltamic·</span> 
     </span>
     <span class='ocr_line' id='line_1_49' title="bbox 142 3486 1786 3567; baseline -0.002 -21"><span class='ocrx_word' id='word_1_501' title='bbox 142 3501 217 3547; x_wconf 80' lang='lat' dir='ltr'>stans</span> <span class='ocrx_word' id='word_1_502' title='bbox 243 3494 408 3552; x_wconf 81' lang='lat' dir='ltr'>mendacium</span> <span class='ocrx_word' id='word_1_503' title='bbox 436 3495 532 3550; x_wconf 89' lang='lat' dir='ltr'>alliniri</span> <span class='ocrx_word' id='word_1_504' title='bbox 561 3511 639 3567; x_wconf 85' lang='lat' dir='ltr'>passa</span> <span class='ocrx_word' id='word_1_505' title='bbox 667 3495 773 3562; x_wconf 79' lang='lat' dir='ltr'>fuisset,</span> <span class='ocrx_word' id='word_1_506' title='bbox 795 3504 841 3551; x_wconf 87' lang='lat' dir='ltr'>aut</span> <span class='ocrx_word' id='word_1_507' title='bbox 868 3511 937 3566; x_wconf 86' lang='lat' dir='ltr'>quo·</span> <span class='ocrx_word' id='word_1_508' title='bbox 991 3490 1078 3555; x_wconf 85' lang='lat' dir='ltr'>tium,</span> <span class='ocrx_word' id='word_1_509' title='bbox 1109 3489 1292 3557; x_wconf 77' lang='lat' dir='ltr'>blondellum,</span> <span class='ocrx_word' id='word_1_510' title='bbox 1322 3489 1429 3545; x_wconf 79' lang='lat' dir='ltr'>Petrum</span> <span class='ocrx_word' id='word_1_511' title='bbox 1456 3488 1636 3557; x_wconf 65' lang='lat' dir='ltr'>blolittaeuttt„</span> <span class='ocrx_word' id='word_1_512' title='bbox 1654 3486 1786 3559; x_wconf 80' lang='lat' dir='ltr'>aliosque,</span> 
     </span>
     <span class='ocr_line' id='line_1_50' title="bbox 140 3575 1788 3654; baseline -0.005 -15"><span class='ocrx_word' id='word_1_513' title='bbox 140 3581 223 3636; x_wconf 88' lang='lat' dir='ltr'>modo</span> <span class='ocrx_word' id='word_1_514' title='bbox 251 3583 369 3639; x_wconf 85' lang='lat' dir='ltr'>veritatis</span> <span class='ocrx_word' id='word_1_515' title='bbox 397 3583 491 3654; x_wconf 89' lang='lat' dir='ltr'>ipsius,</span> <span class='ocrx_word' id='word_1_516' title='bbox 522 3600 570 3652; x_wconf 90' lang='lat' dir='ltr'>por</span> <span class='ocrx_word' id='word_1_517' title='bbox 598 3584 754 3640; x_wconf 87' lang='lat' dir='ltr'>innumeras</span> <span class='ocrx_word' id='word_1_518' title='bbox 780 3586 936 3640; x_wconf 76' lang='lat' dir='ltr'>occasiones</span> <span class='ocrx_word' id='word_1_519' title='bbox 990 3593 1106 3650; x_wconf 91' lang='lat' dir='ltr'>quorum</span> <span class='ocrx_word' id='word_1_520' title='bbox 1127 3575 1170 3633; x_wconf 89' lang='lat' dir='ltr'>vel</span> <span class='ocrx_word' id='word_1_521' title='bbox 1195 3577 1262 3633; x_wconf 90' lang='lat' dir='ltr'>solis</span> <span class='ocrx_word' id='word_1_522' title='bbox 1284 3578 1439 3634; x_wconf 90' lang='lat' dir='ltr'>nominibus</span> <span class='ocrx_word' id='word_1_523' title='bbox 1463 3576 1569 3646; x_wconf 91' lang='lat' dir='ltr'>pauculi</span> <span class='ocrx_word' id='word_1_524' title='bbox 1591 3575 1645 3643; x_wconf 91' lang='lat' dir='ltr'>alli,</span> <span class='ocrx_word' id='word_1_525' title='bbox 1661 3584 1788 3647; x_wconf 89' lang='lat' dir='ltr'>etnuper</span> 
     </span>
     <span class='ocr_line' id='line_1_51' title="bbox 138 3663 1787 3743; baseline -0.002 -21"><span class='ocrx_word' id='word_1_526' title='bbox 138 3670 238 3724; x_wconf 90' lang='lat' dir='ltr'>melius</span> <span class='ocrx_word' id='word_1_527' title='bbox 256 3670 438 3741; x_wconf 83' lang='lat' dir='ltr'>explorandae,</span> <span class='ocrx_word' id='word_1_528' title='bbox 460 3680 513 3729; x_wconf 93' lang='lat' dir='ltr'>tam</span> <span class='ocrx_word' id='word_1_529' title='bbox 538 3672 641 3729; x_wconf 91' lang='lat' dir='ltr'>incuria</span> <span class='ocrx_word' id='word_1_530' title='bbox 663 3688 722 3729; x_wconf 90' lang='lat' dir='ltr'>esse</span> <span class='ocrx_word' id='word_1_531' title='bbox 748 3673 887 3743; x_wconf 88' lang='lat' dir='ltr'>potuisset,</span> <span class='ocrx_word' id='word_1_532' title='bbox 907 3680 937 3727; x_wconf 94' lang='lat' dir='ltr'>ut</span> <span class='ocrx_word' id='word_1_533' title='bbox 990 3667 1056 3731; x_wconf 91' lang='lat' dir='ltr'>nati,</span> <span class='ocrx_word' id='word_1_534' title='bbox 1083 3666 1159 3723; x_wconf 86' lang='lat' dir='ltr'>facile</span> <span class='ocrx_word' id='word_1_535' title='bbox 1184 3667 1299 3738; x_wconf 87' lang='lat' dir='ltr'>opprimi</span> <span class='ocrx_word' id='word_1_536' title='bbox 1323 3675 1442 3737; x_wconf 89' lang='lat' dir='ltr'>possent,</span> <span class='ocrx_word' id='word_1_537' title='bbox 1467 3665 1548 3735; x_wconf 87' lang='lat' dir='ltr'>longo</span> <span class='ocrx_word' id='word_1_538' title='bbox 1570 3665 1676 3737; x_wconf 85' lang='lat' dir='ltr'>agmine</span> <span class='ocrx_word' id='word_1_539' title='bbox 1699 3663 1787 3719; x_wconf 88' lang='lat' dir='ltr'>addu-</span> 
     </span>
     <span class='ocr_line' id='line_1_52' title="bbox 137 3753 1786 3830; baseline 0.004 -16"><span class='ocrx_word' id='word_1_540' title='bbox 137 3774 193 3814; x_wconf 93' lang='lat' dir='ltr'>non</span> <span class='ocrx_word' id='word_1_541' title='bbox 213 3762 307 3816; x_wconf 90' lang='lat' dir='ltr'>saltem</span> <span class='ocrx_word' id='word_1_542' title='bbox 328 3759 519 3830; x_wconf 85' lang='lat' dir='ltr'>Tertullianus,</span> <span class='ocrx_word' id='word_1_543' title='bbox 536 3762 601 3817; x_wconf 90' lang='lat' dir='ltr'>alias</span> <span class='ocrx_word' id='word_1_544' title='bbox 621 3762 649 3816; x_wconf 91' lang='lat' dir='ltr'>ia</span> <span class='ocrx_word' id='word_1_545' title='bbox 669 3763 817 3818; x_wconf 86' lang='lat' dir='ltr'>Romanam</span> <span class='ocrx_word' id='word_1_546' title='bbox 839 3764 935 3820; x_wconf 90' lang='lat' dir='ltr'>Eccle·</span> <span class='ocrx_word' id='word_1_547' title='bbox 989 3770 1090 3811; x_wconf 73' lang='lat' dir='ltr'>cerem·</span> <span class='ocrx_word' id='word_1_548' title='bbox 1115 3756 1192 3811; x_wconf 75' lang='lat' dir='ltr'>Nunc</span> <span class='ocrx_word' id='word_1_549' title='bbox 1214 3771 1247 3810; x_wconf 74' lang='lat' dir='ltr'>ex</span> <span class='ocrx_word' id='word_1_550' title='bbox 1270 3756 1322 3810; x_wconf 75' lang='lat' dir='ltr'>illis</span> <span class='ocrx_word' id='word_1_551' title='bbox 1345 3755 1388 3812; x_wconf 73' lang='lat' dir='ltr'>vel</span> <span class='ocrx_word' id='word_1_552' title='bbox 1414 3754 1493 3820; x_wconf 91' lang='lat' dir='ltr'>duos,</span> <span class='ocrx_word' id='word_1_553' title='bbox 1516 3755 1667 3810; x_wconf 64' lang='lat' dir='ltr'>Samuelem</span> <span class='ocrx_word' id='word_1_554' title='bbox 1686 3753 1786 3807; x_wconf 85' lang='lat' dir='ltr'>Basca·</span> 
     </span>
     <span class='ocr_line' id='line_1_53' title="bbox 137 3841 1786 3922; baseline -0.004 -22"><span class='ocrx_word' id='word_1_555' title='bbox 137 3847 225 3914; x_wconf 88' lang='lat' dir='ltr'>siam,</span> <span class='ocrx_word' id='word_1_556' title='bbox 254 3851 403 3920; x_wconf 83' lang='lat' dir='ltr'>praesertim</span> <span class='ocrx_word' id='word_1_557' title='bbox 432 3861 572 3922; x_wconf 87' lang='lat' dir='ltr'>postquam</span> <span class='ocrx_word' id='word_1_558' title='bbox 599 3851 632 3904; x_wconf 91' lang='lat' dir='ltr'>ad</span> <span class='ocrx_word' id='word_1_559' title='bbox 660 3852 814 3907; x_wconf 82' lang='lat' dir='ltr'>Montanum</span> <span class='ocrx_word' id='word_1_560' title='bbox 843 3868 937 3921; x_wconf 81' lang='lat' dir='ltr'>annm,</span> <span class='ocrx_word' id='word_1_561' title='bbox 990 3846 1076 3918; x_wconf 87' lang='lat' dir='ltr'>gium,</span> <span class='ocrx_word' id='word_1_562' title='bbox 1093 3845 1207 3901; x_wconf 91' lang='lat' dir='ltr'>etGuil.</span> <span class='ocrx_word' id='word_1_563' title='bbox 1230 3845 1357 3910; x_wconf 88' lang='lat' dir='ltr'>Caveurn,</span> <span class='ocrx_word' id='word_1_564' title='bbox 1374 3844 1495 3899; x_wconf 88' lang='lat' dir='ltr'>attulisse</span> <span class='ocrx_word' id='word_1_565' title='bbox 1518 3841 1786 3913; x_wconf 77' lang='lat' dir='ltr'>sul&#39;ftciatrquorum</span> 
     </span>
     <span class='ocr_line' id='line_1_54' title="bbox 138 3930 1785 4009; baseline -0.003 -19"><span class='ocrx_word' id='word_1_566' title='bbox 138 3931 239 4004; x_wconf 80' lang='lat' dir='ltr'>impius</span> <span class='ocrx_word' id='word_1_567' title='bbox 256 3938 391 4002; x_wconf 88' lang='lat' dir='ltr'>desertor,</span> <span class='ocrx_word' id='word_1_568' title='bbox 407 3936 597 4009; x_wconf 88' lang='lat' dir='ltr'>transfugerat,</span> <span class='ocrx_word' id='word_1_569' title='bbox 620 3937 805 3993; x_wconf 79' lang='lat' dir='ltr'>conviciorum</span> <span class='ocrx_word' id='word_1_570' title='bbox 825 3939 936 3992; x_wconf 88' lang='lat' dir='ltr'>minime</span> <span class='ocrx_word' id='word_1_571' title='bbox 989 3935 1073 4005; x_wconf 90' lang='lat' dir='ltr'>prior,</span> <span class='ocrx_word' id='word_1_572' title='bbox 1090 3932 1153 3989; x_wconf 92' lang='lat' dir='ltr'>licet</span> <span class='ocrx_word' id='word_1_573' title='bbox 1175 3933 1203 3988; x_wconf 93' lang='lat' dir='ltr'>in</span> <span class='ocrx_word' id='word_1_574' title='bbox 1223 3934 1324 3990; x_wconf 83' lang='lat' dir='ltr'>Araraal.</span> <span class='ocrx_word' id='word_1_575' title='bbox 1351 3934 1407 3989; x_wconf 88' lang='lat' dir='ltr'>suis</span> <span class='ocrx_word' id='word_1_576' title='bbox 1431 3931 1679 3999; x_wconf 82' lang='lat' dir='ltr'>Politice-Eccles,</span> <span class='ocrx_word' id='word_1_577' title='bbox 1695 3930 1727 3985; x_wconf 90' lang='lat' dir='ltr'>ad</span> <span class='ocrx_word' id='word_1_578' title='bbox 1742 3945 1785 3986; x_wconf 91' lang='lat' dir='ltr'>an.</span> 
     </span>
     <span class='ocr_line' id='line_1_55' title="bbox 136 4019 1787 4096; baseline -0.001 -20"><span class='ocrx_word' id='word_1_579' title='bbox 136 4037 244 4096; x_wconf 90' lang='lat' dir='ltr'>pareus,</span> <span class='ocrx_word' id='word_1_580' title='bbox 265 4027 401 4083; x_wconf 90' lang='lat' dir='ltr'>traditioni</span> <span class='ocrx_word' id='word_1_581' title='bbox 425 4025 464 4080; x_wconf 91' lang='lat' dir='ltr'>illi</span> <span class='ocrx_word' id='word_1_582' title='bbox 488 4024 647 4081; x_wconf 88' lang='lat' dir='ltr'>mendacem</span> <span class='ocrx_word' id='word_1_583' title='bbox 671 4041 746 4079; x_wconf 90' lang='lat' dir='ltr'>suam</span> <span class='ocrx_word' id='word_1_584' title='bbox 769 4026 868 4080; x_wconf 91' lang='lat' dir='ltr'>larvam</span> <span class='ocrx_word' id='word_1_585' title='bbox 888 4026 936 4082; x_wconf 88' lang='lat' dir='ltr'>de-</span> <span class='ocrx_word' id='word_1_586' title='bbox 989 4022 1036 4090; x_wconf 72' lang='lat' dir='ltr'>ll,</span> <span class='ocrx_word' id='word_1_587' title='bbox 1050 4038 1080 4074; x_wconf 88' lang='lat' dir='ltr'>n.</span> <span class='ocrx_word' id='word_1_588' title='bbox 1096 4027 1122 4089; x_wconf 85' lang='lat'>8,</span> <span class='ocrx_word' id='word_1_589' title='bbox 1140 4022 1311 4092; x_wconf 88' lang='lat' dir='ltr'>pertinaciter</span> <span class='ocrx_word' id='word_1_590' title='bbox 1330 4029 1423 4091; x_wconf 89' lang='lat' dir='ltr'>neget,</span> <span class='ocrx_word' id='word_1_591' title='bbox 1438 4022 1547 4076; x_wconf 89' lang='lat' dir='ltr'>Petrum</span> <span class='ocrx_word' id='word_1_592' title='bbox 1566 4022 1661 4077; x_wconf 84' lang='lat' dir='ltr'>Eomae</span> <span class='ocrx_word' id='word_1_593' title='bbox 1676 4019 1787 4091; x_wconf 90' lang='lat' dir='ltr'>episco-</span> 
     </span>
     <span class='ocr_line' id='line_1_56' title="bbox 137 4107 1785 4186; baseline -0.002 -22"><span class='ocrx_word' id='word_1_594' title='bbox 137 4112 276 4178; x_wconf 84' lang='lat' dir='ltr'>traxisset,</span> <span class='ocrx_word' id='word_1_595' title='bbox 306 4130 359 4169; x_wconf 93' lang='lat' dir='ltr'>non</span> <span class='ocrx_word' id='word_1_596' title='bbox 393 4115 483 4186; x_wconf 91' lang='lat' dir='ltr'>utique</span> <span class='ocrx_word' id='word_1_597' title='bbox 515 4122 681 4177; x_wconf 82' lang='lat' dir='ltr'>cessaturus,</span> <span class='ocrx_word' id='word_1_598' title='bbox 711 4114 831 4169; x_wconf 86' lang='lat' dir='ltr'>llomano</span> <span class='ocrx_word' id='word_1_599' title='bbox 861 4114 935 4167; x_wconf 90' lang='lat' dir='ltr'>clero</span> <span class='ocrx_word' id='word_1_600' title='bbox 989 4124 1055 4179; x_wconf 85' lang='lat' dir='ltr'>pam</span> <span class='ocrx_word' id='word_1_601' title='bbox 1080 4107 1174 4172; x_wconf 84' lang='lat' dir='ltr'>luisse,</span> <span class='ocrx_word' id='word_1_602' title='bbox 1200 4119 1316 4162; x_wconf 84' lang='lat' dir='ltr'>attamen</span> <span class='ocrx_word' id='word_1_603' title='bbox 1341 4108 1434 4161; x_wconf 80' lang='lat' dir='ltr'>llonue</span> <span class='ocrx_word' id='word_1_604' title='bbox 1460 4109 1554 4174; x_wconf 71' lang='lat' dir='ltr'>larissa,</span> <span class='ocrx_word' id='word_1_605' title='bbox 1578 4109 1611 4159; x_wconf 92' lang='lat' dir='ltr'>ad</span> <span class='ocrx_word' id='word_1_606' title='bbox 1636 4111 1665 4162; x_wconf 90' lang='lat' dir='ltr'>A.</span> <span class='ocrx_word' id='word_1_607' title='bbox 1693 4109 1721 4162; x_wconf 83' lang='lat' dir='ltr'>C.</span> <span class='ocrx_word' id='word_1_608' title='bbox 1740 4108 1785 4178; x_wconf 80' lang='lat' dir='ltr'>dl,</span> 
     </span>
     <span class='ocr_line' id='line_1_57' title="bbox 135 4194 1787 4274; baseline -0.003 -22"><span class='ocrx_word' id='word_1_609' title='bbox 135 4199 208 4255; x_wconf 90' lang='lat' dir='ltr'>hane</span> <span class='ocrx_word' id='word_1_610' title='bbox 226 4201 401 4272; x_wconf 88' lang='lat' dir='ltr'>imposturam</span> <span class='ocrx_word' id='word_1_611' title='bbox 421 4204 550 4274; x_wconf 88' lang='lat' dir='ltr'>objicere,</span> <span class='ocrx_word' id='word_1_612' title='bbox 567 4203 590 4257; x_wconf 91' lang='lat' dir='ltr'>si</span> <span class='ocrx_word' id='word_1_613' title='bbox 610 4202 636 4255; x_wconf 94' lang='lat' dir='ltr'>in</span> <span class='ocrx_word' id='word_1_614' title='bbox 657 4202 716 4269; x_wconf 85' lang='lat' dir='ltr'>ejus</span> <span class='ocrx_word' id='word_1_615' title='bbox 736 4201 830 4255; x_wconf 90' lang='lat' dir='ltr'>saltem</span> <span class='ocrx_word' id='word_1_616' title='bbox 846 4200 935 4273; x_wconf 91' lang='lat' dir='ltr'>suspi-</span> <span class='ocrx_word' id='word_1_617' title='bbox 989 4211 1064 4250; x_wconf 91' lang='lat' dir='ltr'>uum.</span> <span class='ocrx_word' id='word_1_618' title='bbox 1081 4197 1108 4263; x_wconf 84' lang='lat'>9,</span> <span class='ocrx_word' id='word_1_619' title='bbox 1123 4195 1151 4249; x_wconf 93' lang='lat' dir='ltr'>in</span> <span class='ocrx_word' id='word_1_620' title='bbox 1167 4196 1226 4250; x_wconf 85' lang='lat' dir='ltr'>lraec</span> <span class='ocrx_word' id='word_1_621' title='bbox 1240 4196 1321 4250; x_wconf 82' lang='lat' dir='ltr'>rerba</span> <span class='ocrx_word' id='word_1_622' title='bbox 1335 4195 1496 4249; x_wconf 89' lang='lat' dir='ltr'>inconcusse</span> <span class='ocrx_word' id='word_1_623' title='bbox 1510 4194 1650 4247; x_wconf 82' lang='lat' dir='ltr'>affirmat:</span> <span class='ocrx_word' id='word_1_624' title='bbox 1670 4214 1681 4244; x_wconf 82' lang='grc' dir='ltr'>ι</span> <span class='ocrx_word' id='word_1_625' title='bbox 1707 4194 1787 4248; x_wconf 90' lang='lat' dir='ltr'>Nulla</span> 
     </span>
     <span class='ocr_line' id='line_1_58' title="bbox 133 4280 1786 4362; baseline -0.001 -21"><span class='ocrx_word' id='word_1_626' title='bbox 133 4288 241 4343; x_wconf 86' lang='lat' dir='ltr'>cionem</span> <span class='ocrx_word' id='word_1_627' title='bbox 255 4306 374 4362; x_wconf 90' lang='lat' dir='ltr'>unquam</span> <span class='ocrx_word' id='word_1_628' title='bbox 399 4293 546 4361; x_wconf 90' lang='lat' dir='ltr'>perductus</span> <span class='ocrx_word' id='word_1_629' title='bbox 570 4289 684 4345; x_wconf 77' lang='lat' dir='ltr'>fuisset?</span> <span class='ocrx_word' id='word_1_630' title='bbox 700 4289 754 4343; x_wconf 88' lang='lat' dir='ltr'>Aut</span> <span class='ocrx_word' id='word_1_631' title='bbox 768 4303 857 4343; x_wconf 93' lang='lat' dir='ltr'>annon</span> <span class='ocrx_word' id='word_1_632' title='bbox 881 4288 933 4358; x_wconf 93' lang='lat' dir='ltr'>ipsi</span> <span class='ocrx_word' id='word_1_633' title='bbox 989 4299 1106 4355; x_wconf 91' lang='lat' dir='ltr'>unquam</span> <span class='ocrx_word' id='word_1_634' title='bbox 1129 4281 1237 4338; x_wconf 91' lang='lat' dir='ltr'>traditio</span> <span class='ocrx_word' id='word_1_635' title='bbox 1257 4282 1314 4344; x_wconf 91' lang='lat' dir='ltr'>fuit,</span> <span class='ocrx_word' id='word_1_636' title='bbox 1330 4298 1389 4352; x_wconf 83' lang='lat' dir='ltr'>quae</span> <span class='ocrx_word' id='word_1_637' title='bbox 1411 4285 1514 4349; x_wconf 86' lang='lat' dir='ltr'>majore</span> <span class='ocrx_word' id='word_1_638' title='bbox 1540 4280 1646 4335; x_wconf 80' lang='lat' dir='ltr'>testium</span> <span class='ocrx_word' id='word_1_639' title='bbox 1671 4296 1786 4339; x_wconf 90' lang='lat' dir='ltr'>numero</span> 
     </span>
     <span class='ocr_line' id='line_1_59' title="bbox 135 4342 1786 4450; baseline -0.004 -18"><span class='ocrx_word' id='word_1_640' title='bbox 135 4380 324 4449; x_wconf 87' lang='lat' dir='ltr'>proconsules,</span> <span class='ocrx_word' id='word_1_641' title='bbox 345 4395 376 4435; x_wconf 92' lang='lat' dir='ltr'>ac</span> <span class='ocrx_word' id='word_1_642' title='bbox 398 4379 539 4450; x_wconf 86' lang='lat' dir='ltr'>imprimis,</span> <span class='ocrx_word' id='word_1_643' title='bbox 559 4379 617 4448; x_wconf 92' lang='lat' dir='ltr'>qui,</span> <span class='ocrx_word' id='word_1_644' title='bbox 639 4383 704 4432; x_wconf 86' lang='lat' dir='ltr'>teste</span> <span class='ocrx_word' id='word_1_645' title='bbox 733 4375 835 4442; x_wconf 89' lang='lat' dir='ltr'>Tacito,</span> <span class='ocrx_word' id='word_1_646' title='bbox 858 4379 931 4433; x_wconf 88' lang='lat' dir='ltr'>llist.</span> <span class='ocrx_word' id='word_1_647' title='bbox 955 4342 1125 4445; x_wconf 54' lang='lat' dir='ltr'>”erogatum</span> <span class='ocrx_word' id='word_1_648' title='bbox 1151 4378 1181 4423; x_wconf 91' lang='lat' dir='ltr'>ut</span> <span class='ocrx_word' id='word_1_649' title='bbox 1204 4369 1237 4422; x_wconf 85' lang='lat' dir='ltr'>do</span> <span class='ocrx_word' id='word_1_650' title='bbox 1261 4367 1331 4422; x_wconf 87' lang='lat' dir='ltr'>Petri</span> <span class='ocrx_word' id='word_1_651' title='bbox 1353 4367 1380 4420; x_wconf 86' lang='lat' dir='ltr'>in</span> <span class='ocrx_word' id='word_1_652' title='bbox 1405 4365 1505 4421; x_wconf 80' lang='lat' dir='ltr'>Urbem</span> <span class='ocrx_word' id='word_1_653' title='bbox 1529 4369 1644 4421; x_wconf 84' lang='lat' dir='ltr'>adventu</span> <span class='ocrx_word' id='word_1_654' title='bbox 1668 4367 1786 4424; x_wconf 88' lang='lat' dir='ltr'>dubitari</span> 
     </span>
     <span class='ocr_line' id='line_1_60' title="bbox 133 4454 1785 4537; baseline -0.005 -18"><span class='ocrx_word' id='word_1_655' title='bbox 133 4463 153 4519; x_wconf 93' lang='lat' dir='ltr'>l.</span> <span class='ocrx_word' id='word_1_656' title='bbox 179 4482 199 4533; x_wconf 92' lang='lat' dir='ltr'>t,</span> <span class='ocrx_word' id='word_1_657' title='bbox 223 4482 282 4537; x_wconf 86' lang='lat' dir='ltr'>cap.</span> <span class='ocrx_word' id='word_1_658' title='bbox 307 4469 334 4532; x_wconf 82' lang='lat' dir='ltr'>t,</span> <span class='ocrx_word' id='word_1_659' title='bbox 360 4467 461 4522; x_wconf 90' lang='lat' dir='ltr'>ultimis</span> <span class='ocrx_word' id='word_1_660' title='bbox 488 4468 604 4522; x_wconf 87' lang='lat' dir='ltr'>Neronis</span> <span class='ocrx_word' id='word_1_661' title='bbox 633 4466 801 4535; x_wconf 86' lang='lat' dir='ltr'>temporibus</span> <span class='ocrx_word' id='word_1_662' title='bbox 830 4465 932 4521; x_wconf 75' lang='lat' dir='ltr'>Africae</span> <span class='ocrx_word' id='word_1_663' title='bbox 987 4476 1040 4516; x_wconf 91' lang='lat' dir='ltr'>non</span> <span class='ocrx_word' id='word_1_664' title='bbox 1065 4458 1160 4531; x_wconf 92' lang='lat' dir='ltr'>possit,</span> <span class='ocrx_word' id='word_1_665' title='bbox 1181 4456 1245 4530; x_wconf 90' lang='lat' dir='ltr'>quin</span> <span class='ocrx_word' id='word_1_666' title='bbox 1269 4455 1358 4510; x_wconf 88' lang='lat' dir='ltr'>omnia</span> <span class='ocrx_word' id='word_1_667' title='bbox 1385 4454 1503 4508; x_wconf 74' lang='lat' dir='ltr'>ltistoriae</span> <span class='ocrx_word' id='word_1_668' title='bbox 1526 4461 1700 4511; x_wconf 87' lang='lat' dir='ltr'>monumenta</span> <span class='ocrx_word' id='word_1_669' title='bbox 1720 4471 1785 4513; x_wconf 89' lang='lat' dir='ltr'>con-</span> 
     </span>
     <span class='ocr_line' id='line_1_61' title="bbox 133 4542 1783 4626; baseline -0.001 -20"><span class='ocrx_word' id='word_1_670' title='bbox 133 4562 261 4624; x_wconf 85' lang='lat' dir='ltr'>praeerat,</span> <span class='ocrx_word' id='word_1_671' title='bbox 278 4555 387 4610; x_wconf 87' lang='lat' dir='ltr'>Clodius</span> <span class='ocrx_word' id='word_1_672' title='bbox 401 4557 495 4623; x_wconf 89' lang='lat' dir='ltr'>llater,</span> <span class='ocrx_word' id='word_1_673' title='bbox 510 4563 554 4609; x_wconf 90' lang='lat' dir='ltr'>aut</span> <span class='ocrx_word' id='word_1_674' title='bbox 567 4555 613 4626; x_wconf 93' lang='lat' dir='ltr'>qui</span> <span class='ocrx_word' id='word_1_675' title='bbox 628 4569 690 4609; x_wconf 88' lang='lat' dir='ltr'>eum</span> <span class='ocrx_word' id='word_1_676' title='bbox 705 4557 841 4610; x_wconf 84' lang='lat' dir='ltr'>consecuti</span> <span class='ocrx_word' id='word_1_677' title='bbox 857 4562 929 4624; x_wconf 92' lang='lat' dir='ltr'>suut,</span> <span class='ocrx_word' id='word_1_678' title='bbox 986 4550 1127 4605; x_wconf 80' lang='lat' dir='ltr'>vellantur.</span> <span class='ocrx_word' id='word_1_679' title='bbox 1170 4567 1180 4596; x_wconf 79' lang='grc' dir='ltr'>ι</span> <span class='ocrx_word' id='word_1_680' title='bbox 1211 4547 1284 4600; x_wconf 84' lang='lat' dir='ltr'>Alter</span> <span class='ocrx_word' id='word_1_681' title='bbox 1311 4558 1375 4597; x_wconf 86' lang='lat' dir='ltr'>rere</span> <span class='ocrx_word' id='word_1_682' title='bbox 1403 4542 1430 4596; x_wconf 92' lang='lat' dir='ltr'>in</span> <span class='ocrx_word' id='word_1_683' title='bbox 1461 4543 1562 4614; x_wconf 82' lang='lat' dir='ltr'>Script.</span> <span class='ocrx_word' id='word_1_684' title='bbox 1598 4546 1783 4605; x_wconf 83' lang='lat' dir='ltr'>ecclesiastic.</span> 
     </span>
     <span class='ocr_line' id='line_1_62' title="bbox 132 4633 1785 4716; baseline -0.003 -21"><span class='ocrx_word' id='word_1_685' title='bbox 132 4638 279 4711; x_wconf 80' lang='lat' dir='ltr'>vipsanius</span> <span class='ocrx_word' id='word_1_686' title='bbox 309 4644 491 4713; x_wconf 86' lang='lat' dir='ltr'>Apronianus,</span> <span class='ocrx_word' id='word_1_687' title='bbox 511 4644 644 4716; x_wconf 82' lang='lat' dir='ltr'>Vigellius</span> <span class='ocrx_word' id='word_1_688' title='bbox 667 4642 836 4711; x_wconf 85' lang='lat' dir='ltr'>Saturninus,</span> <span class='ocrx_word' id='word_1_689' title='bbox 865 4653 930 4712; x_wconf 77' lang='lat' dir='ltr'>eto,</span> <span class='ocrx_word' id='word_1_690' title='bbox 986 4641 1108 4696; x_wconf 81' lang='lat' dir='ltr'>Historia</span> <span class='ocrx_word' id='word_1_691' title='bbox 1130 4637 1299 4705; x_wconf 85' lang='lat' dir='ltr'>Litteraria,</span> <span class='ocrx_word' id='word_1_692' title='bbox 1315 4650 1343 4704; x_wconf 87' lang='lat' dir='ltr'>p.</span> <span class='ocrx_word' id='word_1_693' title='bbox 1359 4635 1386 4698; x_wconf 84' lang='lat'>5,</span> <span class='ocrx_word' id='word_1_694' title='bbox 1402 4633 1438 4688; x_wconf 89' lang='lat' dir='ltr'>ita</span> <span class='ocrx_word' id='word_1_695' title='bbox 1454 4634 1491 4688; x_wconf 90' lang='lat' dir='ltr'>ait</span> <span class='ocrx_word' id='word_1_696' title='bbox 1508 4651 1542 4686; x_wconf 79' lang='lat' dir='ltr'>:s</span> <span class='ocrx_word' id='word_1_697' title='bbox 1565 4635 1672 4690; x_wconf 87' lang='lat' dir='ltr'>Petrum</span> <span class='ocrx_word' id='word_1_698' title='bbox 1691 4637 1785 4692; x_wconf 81' lang='lat' dir='ltr'>Romae</span> 
     </span>
     <span class='ocr_line' id='line_1_63' title="bbox 133 4723 1784 4802; baseline -0.002 -20"><span class='ocrx_word' id='word_1_699' title='bbox 133 4736 162 4782; x_wconf 87' lang='lat' dir='ltr'>et</span> <span class='ocrx_word' id='word_1_700' title='bbox 199 4730 313 4786; x_wconf 87' lang='lat' dir='ltr'>maxime</span> <span class='ocrx_word' id='word_1_701' title='bbox 346 4732 474 4802; x_wconf 89' lang='lat' dir='ltr'>Scapula,</span> <span class='ocrx_word' id='word_1_702' title='bbox 509 4731 542 4786; x_wconf 89' lang='lat' dir='ltr'>ad</span> <span class='ocrx_word' id='word_1_703' title='bbox 575 4747 655 4802; x_wconf 92' lang='lat' dir='ltr'>quem</span> <span class='ocrx_word' id='word_1_704' title='bbox 679 4729 813 4786; x_wconf 87' lang='lat' dir='ltr'>Africanae</span> <span class='ocrx_word' id='word_1_705' title='bbox 836 4729 932 4787; x_wconf 86' lang='lat' dir='ltr'>Eccle·</span> <span class='ocrx_word' id='word_1_706' title='bbox 986 4727 1085 4792; x_wconf 88' lang='lat' dir='ltr'>fuisse,</span> <span class='ocrx_word' id='word_1_707' title='bbox 1109 4727 1241 4794; x_wconf 91' lang='lat' dir='ltr'>sedesque</span> <span class='ocrx_word' id='word_1_708' title='bbox 1266 4724 1292 4778; x_wconf 90' lang='lat' dir='ltr'>in</span> <span class='ocrx_word' id='word_1_709' title='bbox 1318 4738 1352 4778; x_wconf 92' lang='lat' dir='ltr'>ea</span> <span class='ocrx_word' id='word_1_710' title='bbox 1377 4723 1541 4793; x_wconf 85' lang='lat' dir='ltr'>aliquamdiu</span> <span class='ocrx_word' id='word_1_711' title='bbox 1562 4724 1699 4792; x_wconf 82' lang='lat' dir='ltr'>tenuisse,</span> <span class='ocrx_word' id='word_1_712' title='bbox 1723 4739 1784 4779; x_wconf 91' lang='lat' dir='ltr'>cnm</span> 
     </span>
     <span class='ocr_line' id='line_1_64' title="bbox 132 4810 1783 4890; baseline -0.003 -20"><span class='ocrx_word' id='word_1_713' title='bbox 132 4816 183 4870; x_wconf 84' lang='lat' dir='ltr'>siae</span> <span class='ocrx_word' id='word_1_714' title='bbox 205 4829 414 4889; x_wconf 89' lang='lat' dir='ltr'>persecutorem,</span> <span class='ocrx_word' id='word_1_715' title='bbox 440 4820 622 4876; x_wconf 90' lang='lat' dir='ltr'>Tertullianus</span> <span class='ocrx_word' id='word_1_716' title='bbox 650 4831 704 4874; x_wconf 89' lang='lat' dir='ltr'>tam</span> <span class='ocrx_word' id='word_1_717' title='bbox 731 4821 853 4875; x_wconf 74' lang='lat' dir='ltr'>animose</span> <span class='ocrx_word' id='word_1_718' title='bbox 883 4836 932 4890; x_wconf 88' lang='lat' dir='ltr'>pro</span> <span class='ocrx_word' id='word_1_719' title='bbox 986 4825 1042 4873; x_wconf 91' lang='lat' dir='ltr'>toto</span> <span class='ocrx_word' id='word_1_720' title='bbox 1057 4815 1225 4886; x_wconf 87' lang='lat' dir='ltr'>antiquitatis</span> <span class='ocrx_word' id='word_1_721' title='bbox 1240 4816 1311 4869; x_wconf 87' lang='lat' dir='ltr'>coetu</span> <span class='ocrx_word' id='word_1_722' title='bbox 1327 4811 1460 4880; x_wconf 89' lang='lat' dir='ltr'>intrepide</span> <span class='ocrx_word' id='word_1_723' title='bbox 1475 4810 1649 4864; x_wconf 84' lang='lat' dir='ltr'>affirmamus.</span> <span class='ocrx_word' id='word_1_724' title='bbox 1675 4811 1783 4866; x_wconf 75' lang='lat' dir='ltr'>›Post-</span> 
     </span>
     <span class='ocr_line' id='line_1_65' title="bbox 130 4898 1785 4981; baseline -0.005 -20"><span class='ocrx_word' id='word_1_725' title='bbox 130 4905 290 4963; x_wconf 87' lang='lat' dir='ltr'>Cbristianis</span> <span class='ocrx_word' id='word_1_726' title='bbox 313 4910 466 4979; x_wconf 88' lang='lat' dir='ltr'>scripserat,</span> <span class='ocrx_word' id='word_1_727' title='bbox 491 4910 665 4964; x_wconf 89' lang='lat' dir='ltr'>traditionem</span> <span class='ocrx_word' id='word_1_728' title='bbox 684 4909 725 4963; x_wconf 88' lang='lat' dir='ltr'>his</span> <span class='ocrx_word' id='word_1_729' title='bbox 751 4917 804 4965; x_wconf 90' lang='lat' dir='ltr'>tam</span> <span class='ocrx_word' id='word_1_730' title='bbox 828 4911 931 4981; x_wconf 90' lang='lat' dir='ltr'>glorio·</span> <span class='ocrx_word' id='word_1_731' title='bbox 986 4922 1065 4978; x_wconf 92' lang='lat' dir='ltr'>quam</span> <span class='ocrx_word' id='word_1_732' title='bbox 1094 4904 1192 4959; x_wconf 89' lang='lat' dir='ltr'>deinde</span> <span class='ocrx_word' id='word_1_733' title='bbox 1221 4909 1301 4956; x_wconf 87' lang='lat' dir='ltr'>testes</span> <span class='ocrx_word' id='word_1_734' title='bbox 1331 4901 1501 4970; x_wconf 73' lang='lat' dir='ltr'>paradoxissct</span> <span class='ocrx_word' id='word_1_735' title='bbox 1527 4899 1600 4955; x_wconf 93' lang='lat' dir='ltr'>omni</span> <span class='ocrx_word' id='word_1_736' title='bbox 1627 4898 1785 4968; x_wconf 87' lang='lat' dir='ltr'>exceptione</span> 
     </span>
     <span class='ocr_line' id='line_1_66' title="bbox 130 4987 1783 5064; baseline -0.005 -15"><span class='ocrx_word' id='word_1_737' title='bbox 130 5009 200 5059; x_wconf 84' lang='lat' dir='ltr'>sant,</span> <span class='ocrx_word' id='word_1_738' title='bbox 215 5004 242 5049; x_wconf 89' lang='lat' dir='ltr'>et</span> <span class='ocrx_word' id='word_1_739' title='bbox 265 4998 298 5051; x_wconf 91' lang='lat' dir='ltr'>ad</span> <span class='ocrx_word' id='word_1_740' title='bbox 323 4998 435 5054; x_wconf 85' lang='lat' dir='ltr'>eosdem</span> <span class='ocrx_word' id='word_1_741' title='bbox 460 4999 486 5052; x_wconf 92' lang='lat' dir='ltr'>in</span> <span class='ocrx_word' id='word_1_742' title='bbox 507 5014 555 5053; x_wconf 88' lang='lat' dir='ltr'>sua</span> <span class='ocrx_word' id='word_1_743' title='bbox 578 4997 630 5053; x_wconf 84' lang='lat' dir='ltr'>fide</span> <span class='ocrx_word' id='word_1_744' title='bbox 654 4996 852 5055; x_wconf 89' lang='lat' dir='ltr'>confirmandos</span> <span class='ocrx_word' id='word_1_745' title='bbox 877 5006 930 5053; x_wconf 92' lang='lat' dir='ltr'>tam</span> <span class='ocrx_word' id='word_1_746' title='bbox 985 4996 1112 5064; x_wconf 85' lang='lat' dir='ltr'>majores,</span> <span class='ocrx_word' id='word_1_747' title='bbox 1130 5002 1157 5048; x_wconf 91' lang='lat' dir='ltr'>et</span> <span class='ocrx_word' id='word_1_748' title='bbox 1175 5009 1208 5049; x_wconf 90' lang='lat' dir='ltr'>ex</span> <span class='ocrx_word' id='word_1_749' title='bbox 1228 4989 1320 5046; x_wconf 88' lang='lat' dir='ltr'>ultima</span> <span class='ocrx_word' id='word_1_750' title='bbox 1343 4989 1502 5058; x_wconf 85' lang='lat' dir='ltr'>antiquitate</span> <span class='ocrx_word' id='word_1_751' title='bbox 1528 4987 1637 5058; x_wconf 87' lang='lat' dir='ltr'>petitos,</span> <span class='ocrx_word' id='word_1_752' title='bbox 1653 4988 1682 5042; x_wconf 89' lang='lat' dir='ltr'>S.</span> <span class='ocrx_word' id='word_1_753' title='bbox 1702 4987 1783 5060; x_wconf 87' lang='lat' dir='ltr'>lgna-</span> 
     </span>
     <span class='ocr_line' id='line_1_67' title="bbox 129 5077 1781 5156; baseline -0.005 -17"><span class='ocrx_word' id='word_1_754' title='bbox 129 5084 261 5150; x_wconf 84' lang='lat' dir='ltr'>talidam,</span> <span class='ocrx_word' id='word_1_755' title='bbox 281 5087 447 5156; x_wconf 85' lang='lat' dir='ltr'>deprehensa</span> <span class='ocrx_word' id='word_1_756' title='bbox 467 5086 581 5143; x_wconf 88' lang='lat' dir='ltr'>falsitate</span> <span class='ocrx_word' id='word_1_757' title='bbox 602 5088 719 5143; x_wconf 86' lang='lat' dir='ltr'>evellere</span> <span class='ocrx_word' id='word_1_758' title='bbox 737 5088 931 5144; x_wconf 75' lang='lat' dir='ltr'>dubitassent?</span> <span class='ocrx_word' id='word_1_759' title='bbox 986 5085 1053 5141; x_wconf 90' lang='lat' dir='ltr'>tium</span> <span class='ocrx_word' id='word_1_760' title='bbox 1082 5082 1290 5145; x_wconf 86' lang='lat' dir='ltr'>Antioclrenum,</span> <span class='ocrx_word' id='word_1_761' title='bbox 1322 5078 1407 5149; x_wconf 90' lang='lat' dir='ltr'>ipsius</span> <span class='ocrx_word' id='word_1_762' title='bbox 1442 5078 1472 5132; x_wconf 90' lang='lat' dir='ltr'>S.</span> <span class='ocrx_word' id='word_1_763' title='bbox 1508 5077 1577 5132; x_wconf 89' lang='lat' dir='ltr'>Petri</span> <span class='ocrx_word' id='word_1_764' title='bbox 1610 5077 1781 5147; x_wconf 85' lang='lat' dir='ltr'>discipulum,</span> 
     </span>
     <span class='ocr_line' id='line_1_68' title="bbox 130 5166 1783 5245; baseline -0.003 -20"><span class='ocrx_word' id='word_1_765' title='bbox 130 5170 172 5228; x_wconf 86' lang='lat' dir='ltr'>Ao</span> <span class='ocrx_word' id='word_1_766' title='bbox 195 5172 296 5228; x_wconf 90' lang='lat' dir='ltr'>deinde</span> <span class='ocrx_word' id='word_1_767' title='bbox 319 5174 342 5228; x_wconf 89' lang='lat' dir='ltr'>si</span> <span class='ocrx_word' id='word_1_768' title='bbox 365 5176 461 5230; x_wconf 89' lang='lat' dir='ltr'>Petrus</span> <span class='ocrx_word' id='word_1_769' title='bbox 484 5175 558 5243; x_wconf 89' lang='lat' dir='ltr'>alibi,</span> <span class='ocrx_word' id='word_1_770' title='bbox 583 5191 616 5230; x_wconf 89' lang='lat' dir='ltr'>an</span> <span class='ocrx_word' id='word_1_771' title='bbox 642 5176 717 5230; x_wconf 90' lang='lat' dir='ltr'>solus</span> <span class='ocrx_word' id='word_1_772' title='bbox 744 5176 929 5245; x_wconf 89' lang='lat' dir='ltr'>apostolorum</span> <span class='ocrx_word' id='word_1_773' title='bbox 986 5173 1096 5244; x_wconf 85' lang='lat' dir='ltr'>Papiam</span> <span class='ocrx_word' id='word_1_774' title='bbox 1124 5169 1294 5242; x_wconf 72' lang='lat' dir='ltr'>llierapolit„</span> <span class='ocrx_word' id='word_1_775' title='bbox 1325 5171 1465 5233; x_wconf 82' lang='lat' dir='ltr'>irenaeum,</span> <span class='ocrx_word' id='word_1_776' title='bbox 1496 5167 1525 5224; x_wconf 89' lang='lat' dir='ltr'>S.</span> <span class='ocrx_word' id='word_1_777' title='bbox 1555 5166 1703 5239; x_wconf 87' lang='lat' dir='ltr'>Polycarpi,</span> <span class='ocrx_word' id='word_1_778' title='bbox 1734 5167 1783 5224; x_wconf 83' lang='lat' dir='ltr'>viri</span> 
     </span>
     <span class='ocr_line' id='line_1_69' title="bbox 129 5254 1780 5334; baseline -0.002 -22"><span class='ocrx_word' id='word_1_779' title='bbox 129 5264 184 5315; x_wconf 89' lang='lat' dir='ltr'>tam</span> <span class='ocrx_word' id='word_1_780' title='bbox 202 5261 321 5318; x_wconf 90' lang='lat' dir='ltr'>obscuro</span> <span class='ocrx_word' id='word_1_781' title='bbox 340 5263 366 5316; x_wconf 92' lang='lat' dir='ltr'>io</span> <span class='ocrx_word' id='word_1_782' title='bbox 386 5264 446 5319; x_wconf 92' lang='lat' dir='ltr'>loco</span> <span class='ocrx_word' id='word_1_783' title='bbox 467 5262 622 5333; x_wconf 87' lang='lat' dir='ltr'>martyrium</span> <span class='ocrx_word' id='word_1_784' title='bbox 642 5263 757 5318; x_wconf 88' lang='lat' dir='ltr'>subiisse</span> <span class='ocrx_word' id='word_1_785' title='bbox 777 5262 930 5319; x_wconf 87' lang='lat' dir='ltr'>credendus</span> <span class='ocrx_word' id='word_1_786' title='bbox 985 5261 1140 5334; x_wconf 91' lang='lat' dir='ltr'>apostolici,</span> <span class='ocrx_word' id='word_1_787' title='bbox 1179 5255 1359 5330; x_wconf 89' lang='lat' dir='ltr'>discipulum,</span> <span class='ocrx_word' id='word_1_788' title='bbox 1401 5257 1560 5324; x_wconf 71' lang='lat' dir='ltr'>Dionysium</span> <span class='ocrx_word' id='word_1_789' title='bbox 1602 5254 1780 5322; x_wconf 83' lang='lat' dir='ltr'>Corinthium,</span> 
     </span>
     <span class='ocr_line' id='line_1_70' title="bbox 130 5346 1783 5421; baseline -0.003 -19"><span class='ocrx_word' id='word_1_790' title='bbox 130 5354 184 5416; x_wconf 84' lang='lat' dir='ltr'>est,</span> <span class='ocrx_word' id='word_1_791' title='bbox 208 5359 238 5404; x_wconf 90' lang='lat' dir='ltr'>ut</span> <span class='ocrx_word' id='word_1_792' title='bbox 261 5366 296 5405; x_wconf 90' lang='lat' dir='ltr'>nc</span> <span class='ocrx_word' id='word_1_793' title='bbox 320 5351 427 5421; x_wconf 87' lang='lat' dir='ltr'>quidem</span> <span class='ocrx_word' id='word_1_794' title='bbox 453 5366 544 5407; x_wconf 92' lang='lat' dir='ltr'>rumor</span> <span class='ocrx_word' id='word_1_795' title='bbox 567 5350 642 5405; x_wconf 89' lang='lat' dir='ltr'>i&#39;lius</span> <span class='ocrx_word' id='word_1_796' title='bbox 665 5351 698 5404; x_wconf 91' lang='lat' dir='ltr'>ad</span> <span class='ocrx_word' id='word_1_797' title='bbox 722 5349 928 5418; x_wconf 86' lang='lat' dir='ltr'>Tertullianum,</span> <span class='ocrx_word' id='word_1_798' title='bbox 984 5352 1192 5415; x_wconf 90' lang='lat' dir='ltr'>Tertullianum,</span> <span class='ocrx_word' id='word_1_799' title='bbox 1217 5348 1322 5414; x_wconf 89' lang='lat' dir='ltr'>Caium,</span> <span class='ocrx_word' id='word_1_800' title='bbox 1352 5348 1538 5417; x_wconf 83' lang='lat' dir='ltr'>presbyterum</span> <span class='ocrx_word' id='word_1_801' title='bbox 1569 5346 1730 5412; x_wconf 85' lang='lat' dir='ltr'>Romanum,</span> <span class='ocrx_word' id='word_1_802' title='bbox 1755 5351 1783 5398; x_wconf 90' lang='lat' dir='ltr'>et</span> 
     </span>
     <span class='ocr_line' id='line_1_71' title="bbox 129 5435 1780 5512; baseline -0.001 -22"><span class='ocrx_word' id='word_1_803' title='bbox 129 5443 178 5491; x_wconf 88' lang='lat' dir='ltr'>ant</span> <span class='ocrx_word' id='word_1_804' title='bbox 191 5439 314 5509; x_wconf 84' lang='lat' dir='ltr'>quemvis</span> <span class='ocrx_word' id='word_1_805' title='bbox 327 5447 389 5495; x_wconf 91' lang='lat' dir='ltr'>ante</span> <span class='ocrx_word' id='word_1_806' title='bbox 404 5439 445 5497; x_wconf 86' lang='lat' dir='ltr'>tel</span> <span class='ocrx_word' id='word_1_807' title='bbox 462 5449 556 5511; x_wconf 89' lang='lat' dir='ltr'>postea</span> <span class='ocrx_word' id='word_1_808' title='bbox 571 5440 662 5509; x_wconf 90' lang='lat' dir='ltr'>alium,</span> <span class='ocrx_word' id='word_1_809' title='bbox 678 5456 732 5500; x_wconf 88' lang='lat' dir='ltr'>seu</span> <span class='ocrx_word' id='word_1_810' title='bbox 745 5439 928 5512; x_wconf 77' lang='lat' dir='ltr'>Cartbagine,</span> <span class='ocrx_word' id='word_1_811' title='bbox 983 5439 1128 5511; x_wconf 82' lang='lat' dir='ltr'>origenem</span> <span class='ocrx_word' id='word_1_812' title='bbox 1152 5438 1297 5502; x_wconf 84' lang='lat' dir='ltr'>laudasset,</span> <span class='ocrx_word' id='word_1_813' title='bbox 1314 5436 1350 5491; x_wconf 90' lang='lat' dir='ltr'>ita</span> <span class='ocrx_word' id='word_1_814' title='bbox 1370 5436 1458 5507; x_wconf 88' lang='lat' dir='ltr'>pergit</span> <span class='ocrx_word' id='word_1_815' title='bbox 1476 5451 1482 5488; x_wconf 80' lang='grc' dir='ltr'>ι</span> <span class='ocrx_word' id='word_1_816' title='bbox 1509 5454 1520 5483; x_wconf 84' lang='grc' dir='ltr'>ι</span> <span class='ocrx_word' id='word_1_817' title='bbox 1547 5435 1611 5486; x_wconf 89' lang='lat' dir='ltr'>Post</span> <span class='ocrx_word' id='word_1_818' title='bbox 1635 5438 1673 5486; x_wconf 90' lang='lat' dir='ltr'>lot</span> <span class='ocrx_word' id='word_1_819' title='bbox 1696 5447 1780 5489; x_wconf 84' lang='lat' dir='ltr'>veae·</span> 
     </span>
     <span class='ocr_line' id='line_1_72' title="bbox 130 5519 1782 5602; baseline -0.007 -23"><span class='ocrx_word' id='word_1_820' title='bbox 130 5539 180 5580; x_wconf 90' lang='lat' dir='ltr'>seu</span> <span class='ocrx_word' id='word_1_821' title='bbox 200 5527 306 5594; x_wconf 82' lang='lat' dir='ltr'>Romae,</span> <span class='ocrx_word' id='word_1_822' title='bbox 322 5536 366 5584; x_wconf 92' lang='lat' dir='ltr'>aut</span> <span class='ocrx_word' id='word_1_823' title='bbox 382 5528 493 5586; x_wconf 87' lang='lat' dir='ltr'>ubilibet</span> <span class='ocrx_word' id='word_1_824' title='bbox 512 5529 620 5586; x_wconf 90' lang='lat' dir='ltr'>demum</span> <span class='ocrx_word' id='word_1_825' title='bbox 640 5536 793 5588; x_wconf 76' lang='lat' dir='ltr'>remantem</span> <span class='ocrx_word' id='word_1_826' title='bbox 807 5526 929 5602; x_wconf 89' lang='lat' dir='ltr'>pertige-</span> <span class='ocrx_word' id='word_1_827' title='bbox 984 5532 1068 5589; x_wconf 85' lang='lat' dir='ltr'>raude</span> <span class='ocrx_word' id='word_1_828' title='bbox 1090 5529 1210 5596; x_wconf 89' lang='lat' dir='ltr'>nomina,</span> <span class='ocrx_word' id='word_1_829' title='bbox 1236 5536 1289 5583; x_wconf 92' lang='lat' dir='ltr'>tam</span> <span class='ocrx_word' id='word_1_830' title='bbox 1311 5525 1383 5582; x_wconf 87' lang='lat' dir='ltr'>clara</span> <span class='ocrx_word' id='word_1_831' title='bbox 1406 5526 1500 5595; x_wconf 76' lang='lat' dir='ltr'>primae</span> <span class='ocrx_word' id='word_1_832' title='bbox 1522 5519 1663 5578; x_wconf 84' lang='lat' dir='ltr'>vetustatis</span> <span class='ocrx_word' id='word_1_833' title='bbox 1686 5534 1782 5577; x_wconf 86' lang='lat' dir='ltr'>monn.</span> 
     </span>
    </p>
   </div>
   <div class='ocr_carea' id='block_1_8' title="bbox 0 0 1924 6134">
    <p class='ocr_par' dir='ltr' id='par_1_9' title="bbox 0 0 1924 6134">
     <span class='ocr_line' id='line_1_73' title="bbox 0 0 1924 6134; baseline 0 2"><span class='ocrx_word' id='word_1_834' title='bbox 0 0 1924 6134; x_wconf 95' lang='lat' dir='ltr'> </span> 
     </span>
    </p>
   </div>
  </div>
 </body>
</html>
