3840 6134
183 284 236 349 tte

535 255 756 344 rauruuuam
780 280 913 344 ornuuu
931 277 1015 343 ruas
1032 277 1067 341 ιι.
1082 309 1118 324 -
1136 276 1248 340 saurus
1265 279 1286 350 ι,
1306 278 1481 342 uouuurca.

1775 281 1831 344 720

181 421 242 469 ante
257 411 325 483 (to),
342 409 370 464 iu
391 406 493 479 nuptiis
518 407 630 464 Galileue
653 409 744 479 (toea.
768 409 799 480 u)
816 384 834 464 :¹
849 407 935 464 srdelis
950 416 976 464 et
992 396 1015 474 fl
1031 406 1192 465 naturalium
1216 407 1330 463 istorum
1350 408 1564 472 manifestorum,
1579 414 1607 462 ct
1629 407 1828 479 subjacentium

180 509 267 557 tactus
293 499 390 554 exinde
415 497 517 554 creduli
540 499 651 552 Tliomae
679 498 771 568 (doura.
797 499 859 564 xx).
883 498 977 553 Recita

178 587 290 644 loannis
305 586 473 642 testationem
492 604 498 639 :
519 585 593 654 Quod
613 585 744 653 uidimus,
760 586 846 657 inquil
862 586 888 653 (l
896 588 977 644 Joaa.

179 691 199 743 1,
217 675 254 748 l),
269 676 339 749 qood
353 675 515 731 andivimus
530 674 598 746 (Π),
614 677 705 740 ecelis
719 677 825 732 nostris
843 675 976 741 uidimus,

178 768 319 822 ecmonus
328 767 434 820 nostre
444 766 693 819 contrectaverunt
709 763 746 830 de
756 762 888 819 Sermone
899 764 976 820 nilne.

178 852 256 908 Falsa
278 852 370 924 utique
396 850 514 916 testatio,
538 851 561 906 si
589 851 737 916 oculorum,
761 858 788 908 et
809 851 925 921 aurium,
950 861 978 908 ct

177 954 306 997 manuum
321 956 419 997 sensus
434 949 529 996 natura
542 941 680 996 mentitur.

460 1083 573 1141 CAPUT
591 1082 690 1139 XVIII.

212 1209 360 1267 Convertor
373 1209 407 1265 ad
432 1209 652 1265 intellectualium
668 1216 784 1280 partem,
799 1210 974 1281 quemadmo-

175 1298 240 1356 dum
256 1300 327 1354 illam
352 1299 428 1355 Pluto
452 1315 468 1354 a
489 1285 675 1368 corporalibus
695 1309 844 1369 separatam
867 1297 974 1353 baereti-

175 1389 216 1445 cis
229 1387 466 1452 commendaverit,
482 1387 648 1458 agnitionem
662 1399 725 1442 anto
739 1399 855 1443 mortem
875 1400 973 1442 conse-

174 1482 263 1532 cutus.
292 1475 339 1530 hit
364 1474 436 1531 enim
456 1475 483 1530 iu
503 1474 642 1532 Phaedone
662 1476 709 1529 ⁸³:
733 1475 804 1543 Quid
827 1486 882 1531 tum
907 1490 973 1546 erga

172 1563 260 1635 ipsam
282 1564 430 1635 prodenda
453 1563 680 1635 possessionem?
701 1562 831 1618 Utrumne
855 1562 970 1631 impedi·

172 1660 295 1708 mentum
311 1651 362 1707 erit
376 1667 486 1721 corpus,
500 1666 601 1717 aunon,
614 1650 636 1703 si
651 1649 715 1720 quis
728 1649 792 1704 illud
807 1649 910 1705 socium
927 1650 971 1704 ad·

172 1740 318 1812 sumpserit
331 1740 358 1793 in
373 1739 568 1808 questionem?
588 1737 654 1791 Tale
666 1736 732 1807 quid
748 1736 809 1793 dico
826 1753 831 1793 :
854 1737 970 1794 habetne

171 1829 308 1887 ueritatem
333 1827 450 1897 aliquam
472 1824 540 1881 visio
558 1832 586 1880 et
607 1824 707 1880 auditio
729 1825 896 1892 homiuibus,
922 1843 970 1883 an-

77 1980 80 1987 ,
171 1918 248 1972 non‘l
262 1915 362 1970 Annon
377 1913 457 1969 ctiam
474 1922 560 1985 poetae
575 1913 633 1969 baec
647 1915 727 1970 uobis
741 1931 848 1986 semper
860 1915 970 1972 obmus-

171 2013 241 2070 sant,
261 2003 332 2075 quod
361 2018 449 2073 neque
471 2002 611 2058 audiamus
634 2013 747 2071 certum,
768 2019 855 2075 neque
877 2005 968 2062 videa·

170 2093 256 2148 mus?
289 2090 446 2147 blcmiuerat
472 2090 577 2147 scilicet
608 2099 635 2147 et
662 2091 815 2161 Epicharmi
848 2094 966 2151 comici:

170 2181 290 2238 Animus
304 2181 405 2246 cernit,
419 2181 534 2235 unimus
548 2181 630 2237 cedit
644 2179 667 2252 (t
675 2182 703 2252 8)
718 2182 827 2253 relique
841 2183 927 2240 surda
940 2187 968 2239 et

169 2284 245 2325 caeca
259 2271 336 2325 suut.
350 2269 443 2338 ltaque
456 2284 559 2332 rursus,
570 2267 648 2323 itum
659 2283 723 2340 erpo
737 2272 773 2324 ail
782 2284 966 2340 supersapere,

169 2356 219 2429 qui
237 2367 326 2412 mente
345 2354 462 2412 manime
486 2356 581 2425 sapiat,
596 2372 684 2429 neque
706 2357 838 2413 visionem
861 2373 965 2430 propo-

168 2460 245 2511 nens,
257 2459 343 2516 neque
353 2443 437 2498 udum
452 2443 586 2514 ejusmodi
595 2459 702 2500 sensum
717 2449 854 2501 attrahens
862 2447 962 2513 animo,

168 2532 218 2589 sed
232 2534 290 2605 ipsa
304 2541 393 2587 mente
408 2533 513 2587 sincera
534 2543 611 2588 utens
627 2533 655 2587 iu
670 2533 853 2604 recogitando,
869 2534 902 2589 ad
917 2551 965 2591 ca-

168 2621 294 2692 piendum
308 2622 443 2677 sincerum
461 2620 587 2694 quodque
600 2636 701 2689 rerum,
722 2637 865 2694 segressus
878 2624 904 2662 θ’*
917 2640 966 2695 po·

166 2710 301 2769 tissimum
327 2710 360 2764 ab
386 2708 470 2765 oculis
492 2713 519 2765 et
538 2709 658 2778 auribus,
682 2721 718 2776 ct,
733 2712 807 2780 quod
821 2712 965 2769 dicendum

167 2798 214 2866 sit,
239 2815 255 2855 a
283 2807 340 2854 toto
360 2811 484 2869 corpore,
511 2804 542 2852 ut
564 2799 698 2865 turbante,
724 2807 752 2854 et
777 2815 832 2856 non
851 2801 964 2872 permit-

165 2894 239 2945 tente
262 2889 361 2944 animae
380 2885 520 2959 possidere
537 2886 675 2944 veritatem
689 2896 769 2960 atque
784 2890 962 2960 pmdeutiam,

1032 494 1218 566 corporalibus
1232 495 1370 561 sensibus;
1387 502 1414 551 et
1439 496 1497 552 illas
1520 495 1629 567 quidem
1652 510 1713 552 esse
1726 496 1829 552 verita·

1033 595 1086 653 tes,
1109 587 1165 643 haec
1184 594 1273 642 autem
1299 587 1431 660 imagines
1449 604 1552 644 earnm.
1584 586 1751 643 Relucentne
1771 588 1828 658 jam

1031 676 1157 731 haeretica
1175 676 1276 731 semina
1299 675 1488 733 Gnosticorum
1503 683 1531 731 ct
1553 676 1828 735 valentinianorum?

1031 761 1099 817 llinc
1113 761 1184 819 euim
1205 761 1341 834 arripiunt
1359 761 1540 818 differentiam
1564 761 1746 834 corporalium
1770 778 1828 818 sen·

1030 865 1121 916 sunm,
1138 860 1163 906 el
1182 849 1402 906 intellectualium
1426 849 1535 916 virium,
1551 866 1631 922 quam
1647 849 1728 906 etiam
1745 865 1827 922 para-

1030 939 1100 995 bolae
1113 940 1207 996 decem
1231 939 1365 1014 virginum
1390 940 1501 1010 (natta.
1518 941 1600 1009 nuru)
1619 939 1825 1011 adtemperant:

1030 1035 1060 1083 nt
1080 1028 1201 1101 quinque
1218 1030 1307 1085 stultae
1332 1045 1428 1086 sensus
1457 1028 1612 1100 corporales
1639 1026 1826 1100 figuraverint,

1029 1117 1125 1172 stultos
1151 1116 1286 1186 videlicet,
1311 1116 1374 1187 quia
1396 1116 1521 1187 deceptui
1550 1116 1657 1181 luciles;
1686 1114 1827 1186 sapientes

1028 1215 1119 1262 antem
1137 1204 1358 1263 intellectualium
1386 1205 1482 1260 virium
1511 1197 1602 1261 noum
1630 1204 1825 1274 expresserint,

1027 1295 1188 1367 sapientiam
1215 1295 1329 1365 scilicet,
1353 1290 1657 1368 qnia'contingentium
1684 1294 1825 1352 veritatem

1027 1385 1100 1440 illam
1119 1401 1242 1442 arcanam
1262 1393 1289 1443 el
1312 1401 1467 1457 supernam,
1484 1393 1511 1440 et
1530 1384 1602 1457 apud
1623 1384 1747 1456 pleroma
1756 1400 1824 1441 con·

1027 1473 1156 1539 stitutum,
1189 1475 1374 1530 baereticarum
1406 1473 1527 1528 idearum
1554 1481 1743 1529 sacramenta:
1773 1474 1825 1531 boc

1027 1561 1097 1617 enim
1122 1567 1185 1616 sunt
1197 1568 1223 1615 et
1247 1575 1348 1631 annes,
1363 1569 1391 1616 ct
1404 1560 1571 1633 genealogia
1596 1559 1716 1617 illomm.
1731 1561 1824 1635 ltaque

1024 1656 1052 1704 ot
1069 1665 1180 1704 sensnm
1203 1649 1336 1715 dividunt,
1362 1658 1389 1705 et
1412 1647 1642 1706 intellectualibus
1665 1649 1782 1722 quidem,
1807 1668 1823 1707 a

1023 1736 1138 1810 spiritali
1160 1753 1211 1794 sno
1233 1737 1352 1806 semiue;
1372 1736 1540 1794 sensualibus
1555 1752 1629 1804 vero,
1645 1739 1679 1794 ab
1701 1736 1819 1807 animali,

1022 1826 1085 1896 auia
1104 1825 1233 1899 spiritalia
1252 1826 1327 1882 nullo
1346 1826 1427 1882 modo
1451 1826 1554 1898 cupiat3
1574 1833 1601 1882 et
1619 1825 1693 1882 illius
1711 1826 1822 1898 quidem

1022 1930 1083 1970 csse
1106 1914 1260 1981 inuisibilia,
1275 1915 1357 1985 bajus
1379 1929 1444 1971 vero
1467 1913 1594 1978 visibilia,
1611 1921 1638 1969 at
1654 1912 1778 1979 humilia,
1792 1923 1819 1971 et

1024 2002 1189 2074 temporalia,
1203 2018 1264 2074 qnae
1289 2019 1371 2060 sensu
1394 2002 1597 2069 conveniantur,
1613 2001 1821 2077 inimaginibus

1022 2090 1177 2147 constituta.
1189 2089 1231 2146 Ob
1241 2092 1298 2147 blac
1308 2107 1374 2163 ergo
1391 2091 1593 2170 praestruximus
1602 2105 1691 2163 neque
1700 2090 1819 2148 animum

1021 2178 1094 2234 aliud
1110 2179 1173 2250 quid
1183 2194 1256 2246 esse,
1269 2194 1349 2251 quam
1359 2178 1456 2234 animae
1465 2186 1623 2254 suggestum
1633 2186 1816 2244 etstrnctuur3

1021 2283 1108 2340 neque
1127 2267 1252 2340 spiritum
1274 2277 1434 2324 extraneum
1453 2268 1531 2340 quid,
1547 2283 1626 2340 quarn
1642 2267 1740 2324 animae
1754 2284 1818 2341 sug-

1020 2364 1126 2427 gestum
1142 2364 1169 2412 et
1183 2364 1329 2424 structum;
1344 2372 1433 2428 neque
1443 2356 1567 2427 spiritum
1577 2367 1734 2414 extraneum
1743 2357 1816 2428 quid,

1021 2459 1102 2516 quam
1115 2444 1188 2516 quod
1207 2452 1234 2500 et
1250 2443 1310 2513 ipsa
1327 2460 1376 2515 per
1396 2445 1498 2500 ilatum.
1513 2447 1647 2502 Caeterum
1669 2444 1818 2502 accessioni

1019 2533 1215 2604 deputandum,
1232 2534 1305 2607 quod
1320 2544 1365 2592 aut
1379 2534 1452 2590 Deus
1462 2543 1566 2606 postea,
1578 2543 1625 2591 ant
1637 2534 1766 2592 dlabolns
1775 2535 1818 2590 ad·

1019 2621 1141 2694 spiraret.
1158 2624 1191 2680 Et
1205 2639 1277 2680 nunc
1300 2624 1333 2678 ad
1352 2622 1529 2679 dilierentiam
1550 2624 1718 2680 sensualium
1735 2631 1763 2679 et
1777 2623 1816 2678 in·

1020 2711 1216 2778 tellectualium,
1240 2728 1295 2769 uon
1322 2713 1395 2768 aliud
1414 2709 1592 2779 admittimus,
1617 2706 1696 2786 quam
1726 2728 1816 2769 rerum

1019 2799 1201 2867 diversitates,
1226 2801 1407 2872 corporalium
1427 2808 1453 2857 et
1475 2801 1644 2874 spiritalium,
1669 2800 1816 2857 visibilium

1018 2897 1044 2946 el
1062 2888 1246 2956 invisibilium,
1273 2888 1464 2959 pubbcatarum
1491 2897 1519 2945 ct
1546 2906 1720 2958 arcanarum3
1740 2893 1815 2961 quod

163 2977 275 3048 quando
298 2977 490 3032 communicat.
505 2975 634 3032 Videmus
650 2976 733 3048 igitur
756 2980 885 3037 adversus
899 2998 963 3037 seu·
981 2976 1071 3067 cille
1095 2977 1194 3042 sensui,
1211 2979 1270 3034 istae
1293 2977 1439 3034 intellectui
1453 2979 1655 3046 adtribuantur3
1670 2979 1743 3048 apud
1759 2979 1816 3034 sni-

161 3079 209 3122 sus
223 3065 378 3136 corporales
401 3064 480 3118 aliam
502 3065 628 3136 portendi
647 3073 811 3137 paraturum,
827 3078 857 3124 ut
875 3069 962 3125 multo

161 3149 337 3213 idoneiorem,
361 3147 433 3203 vires
455 3148 557 3204 scilicet
581 3148 687 3219 animae,
706 3149 869 3208 intellectum
893 3169 963 3223 ope·

160 3246 252 3295 rantes
265 3239 325 3307 ejus
343 3236 475 3304 veritatis,
491 3237 571 3307 cujus
587 3253 699 3295 resnou
719 3239 772 3294 sint
786 3256 876 3296 coram
890 3242 959 3314 (ta),

160 3342 210 3384 nec
237 3328 392 3398 subjaceant
418 3326 605 3398 corporalibus
633 3328 770 3396 sensibus,
796 3330 844 3384 scd
873 3330 960 3386 absint

160 3416 242 3489 longe
256 3434 270 3471 a
285 3416 420 3473 comvuuni
438 3415 614 3482 conscientia,
630 3415 657 3470 iu
672 3432 779 3483 arcano,
795 3427 821 3472 et
834 3419 861 3474 iu
877 3435 960 3490 snpe-

158 3502 287 3569 rioribus,
309 3502 396 3561 678
421 3513 448 3558 et
472 3502 543 3573 apud
571 3502 659 3574 ipsum
684 3504 779 3558 Deum.
805 3504 867 3561 Vult
889 3507 959 3563 enirn

159 3592 234 3647 Plato
250 3607 310 3648 esse
328 3591 458 3662 quasdam
474 3591 637 3647 substantias
655 3591 805 3647 invisibiles
826 3597 895 3663 (20),
917 3596 959 3649 in·

158 3680 324 3751 corporales,
339 3678 584 3748 supermundiales,
596 3678 705 3734 diuinas
719 3689 746 3735 et
755 3686 880 3748 aeternas,
890 3698 959 3753 quas

159 3767 277 3839 appellat
291 3766 379 3836 ldeas,
401 3766 427 3820 id
451 3775 501 3835 cst,
518 3765 632 3837 formas,
649 3771 778 3840 exempla,
804 3779 830 3826 et
849 3787 957 3829 caussas

1018 3082 1090 3121 mam
1111 3075 1198 3122 tamen
1214 3075 1241 3122 et
1260 3066 1319 3122 istis
1333 3074 1360 3122 et
1377 3066 1430 3123 illis
1445 3067 1575 3139 obsequio
1590 3067 1740 3138 deputatis,
1754 3083 1815 3139 quae

1019 3154 1132 3225 perinde
1154 3170 1323 3226 percorpus
1346 3155 1496 3226 corporalia
1519 3155 1625 3222 sentiat,
1639 3154 1815 3226 quemadmo-

1016 3243 1080 3297 dum
1103 3259 1151 3313 per
1171 3242 1289 3298 animum
1312 3242 1491 3314 incorporalia
1514 3243 1658 3316 intelligat,
1678 3244 1753 3300 saluo
1767 3258 1812 3313 eo,

1014 3339 1044 3386 ut
1062 3332 1143 3386 etiam
1168 3331 1267 3387 sentiat
1288 3332 1353 3387 dum
1373 3330 1511 3403 intelligit.
1531 3332 1591 3387 Non
1614 3331 1685 3388 enim
1709 3339 1736 3387 et
1754 3348 1814 3387 sen·

1015 3419 1067 3475 tire
1087 3419 1238 3493 Intelligere
1260 3428 1312 3485 est,
1329 3427 1357 3475 et
1379 3418 1530 3489 intelligere
1549 3419 1574 3458 ⁸⁵
1595 3416 1688 3477 619
1712 3421 1812 3477 sentire

1015 3515 1065 3563 est.
1082 3509 1137 3564 bnt
1155 3509 1180 3546 ⁸⁶
1193 3507 1259 3579 quid
1277 3509 1452 3574 niteamus,
1473 3507 1525 3563 nisi
1540 3509 1599 3578 ejus
1619 3508 1731 3583 reiquae
1749 3525 1811 3565 sen·

1014 3597 1077 3655 titur
1099 3598 1271 3655 intellectos?
1292 3598 1365 3665 Quid
1380 3599 1431 3655 crit
1453 3598 1614 3666 intellectus,
1631 3599 1682 3655 uisi
1697 3601 1758 3671 ejus
1772 3598 1810 3655 rei

1013 3702 1075 3760 quae
1094 3686 1256 3760 intelligitur
1277 3689 1396 3744 sensus‘l
1417 3687 1494 3744 Unde
1518 3672 1723 3745 ista‘tormeuts
1744 3705 1808 3746 cru-

1013 3773 1117 3832 ciandae
1130 3775 1319 3849 simplicitatis,
1330 3784 1359 3833 ct
1377 3775 1726 3848 suspendenduamiuust
1744 3774 1811 3848 Quis

839 3860 936 3952 Varia
952 3891 1107 3958 lectiones.

193 4001 220 4041 ⁸³
233 4000 423 4057 PhaedroPcr.
438 4000 477 4056 ul.
492 3999 518 4047 θ’·
533 4001 562 4057 Si
577 4017 704 4076 egressus
718 4004 807 4062 libert.
822 4007 916 4064 65Νοιι
929 4011 1017 4069 inser.
1039 4014 1140 4073 Woau.
1155 4013 1181 4054 ⁸⁶
1194 4015 1229 4072 hl
1243 4014 1332 4074 Rhea.
1351 4017 1433 4072 Pana.

847 4104 1097 4177 Commentarius

192 4200 249 4272 (tol
259 4199 363 4257 Fidelis
377 4204 405 4257 et
414 4206 512 4273 pastus
522 4203 583 4257 viai
596 4203 689 4273 ithus,
702 4206 768 4261 ticet
782 4222 864 4279 eqeoe
874 4213 952 4265 ante.

155 4270 251 4345 Apage
266 4271 348 4343 igitur
372 4271 554 4345 Nicephorum
572 4273 647 4330 illum
673 4288 841 4346 nugatorem,
857 4280 903 4351 qui
921 4281 955 4336 de

156 4344 247 4416 primo
257 4342 356 4398 Christi
371 4343 502 4401 miraculo
521 4344 652 4400 sicverba
666 4346 739 4413 lucil,
756 4357 785 4403 nt
799 4350 954 4422 prestigia-

155 4413 224 4471 toris
248 4414 423 4483 imposturam
447 4417 529 4472 luisse
549 4416 644 4488 aliquis
664 4426 758 4488 putet:
783 4418 825 4482 Ἐξ
839 4416 949 4492 ἀδήλων,

155 4484 252 4612 {aliquit
267 4486 374 4556 βοτρύων
389 4479 452 4547 οἶνος
466 4486 607 4559 ἐπηγάζετο.
623 4490 691 4556 Into,
707 4489 731 4551 ἐξ
744 4489 836 4561 ἀτιμῶν
850 4494 950 4563 ὑδριῶν.

180 4570 220 4611 ia.

183 4627 248 4708 ‚Im
258 4627 333 4695 Quod
342 4629 477 4700 vidimus,
488 4629 584 4701 iuquit,
599 4631 672 4701 qood
684 4631 852 4690 audivimus.
868 4633 952 4691 Paulo

154 4694 232 4752 ahter
255 4698 385 4767 fortassis,
403 4709 434 4754 ut
453 4704 584 4758 'sensuum
603 4701 679 4757 visus
699 4710 725 4758 et
747 4703 856 4761 auditus
874 4707 951 4762 ordi-

153 4783 216 4824 nem
234 4781 362 4837 servaret,
385 4779 413 4825 et
434 4771 533 4827 clarius
551 4773 615 4828 citat
635 4772 738 4828 Auctor
758 4775 829 4831 huuc
851 4777 949 4843 locum,

153 4853 236 4910 quam
250 4838 345 4895 Graece
361 4850 406 4896 aut
420 4840 512 4896 Latiue
526 4851 571 4897 aut
581 4842 688 4914 Syrisce
702 4845 818 4915 legitur;
834 4863 948 4921 nempe:

157 4929 169 4962 ι
186 4908 264 4976 Quod
273 4911 438 4991 ‘audivimus
448 4914 520 4982 qnod
531 4912 647 4971 vidinms
659 4916 745 4971 oculis
759 4917 866 4985 nostris,
879 4920 950 4990 quod

153 4995 351 5052 perspeximus.
369 5001 382 5032 a
400 4982 469 5038 Pau.

189 5048 246 5122 (ta)
262 5052 379 5107 Animas
391 5056 495 5121 cernit,
507 5057 622 5112 anianus
631 5057 722 5122 uadit,
736 5066 788 5114 etc.
799 5059 950 5132 Epicharmi

152 5135 261 5178 versum
277 5136 337 5176 esso
352 5122 430 5178 multi
448 5126 634 5194 consentiunt,
649 5128 761 5186 babetur
775 5139 863 5187 tamen
877 5133 950 5204 apud

152 5191 324 5274 Plutarchum
340 5195 474 5265 opusculo
492 5196 526 5251 de
545 5197 674 5266 Fortuna,
690 5202 739 5256 sed
754 5201 812 5258 sinc
832 5205 950 5260 auctoris

152 5277 264 5319 nomme
279 5281 286 5318 ε

151 5335 200 5390 Kal
214 5341 271 5395 νοῦς
284 5337 336 5409 ὁρῇ,
357 5337 398 5390 καὶ
415 5335 504 5406 ἀκούει,
519 5338 550 5393 τὰ
572 5341 595 5393 δ’
616 5342 683 5396 atla
705 5342 776 5415 suph
794 5345 835 5397 καὶ
858 5347 948 5417 τυφλά.

786 5416 825 5470 Lu
844 5416 894 5471 Pa.

186 5479 244 5543 llsl
262 5481 347 5552 Cujus
356 5497 401 5539 rea
412 5496 471 5537 aere
486 5483 546 5539 siut
560 5501 669 5542 curam.
682 5413 888 5543 lunnitlductor
902 5503 950 5543 cur

150 5559 261 5609 asserta
283 5567 300 5607 a
324 5551 438 5611 Platone
460 5552 540 5625 ideae,
562 5555 597 5616 de
619 5557 810 5630 quibusnam
836 5574 887 5618 nec
907 5569 949 5617 est

1008 4213 1090 4285 louge
1103 4215 1137 4269 ab
1151 4213 1306 4271 Aristotelis
1320 4220 1420 4276 mente,
1435 4210 1482 4285 qui
1494 4228 1503 4266 ι
1518 4219 1544 4267 ct
1558 4227 1578 4268 u
1598 4211 1716 4286 deteph.
1729 4227 1808 4269 asse·

1008 4284 1043 4340 rit
1073 4285 1212 4340 Platonem
1236 4301 1295 4340 cum
1320 4284 1429 4355 Cratylo
1456 4292 1603 4350 uersatum,
1625 4293 1653 4340 et
1674 4284 1806 4340 imbutum

1008 4353 1139 4421 opinione
1152 4355 1289 4421 Heracliti,
1305 4355 1352 4428 qui
1370 4355 1478 4411 volebat
1491 4356 1590 4421 omnia,
1606 4370 1668 4426 qnae
1683 4355 1735 4413 sub
1748 4371 1809 4411 sen·

973 4440 1070 4522 nsum
1089 4428 1197 4492 cadunt,
1212 4427 1307 4491 haere,
1321 4440 1438 4499 quorum
1456 4426 1569 4482 scientia
1592 4425 1663 4482 nulla
1678 4441 1739 4482 esse
1759 4442 1807 4498 po·

1012 4504 1098 4562 lerat;
1115 4498 1216 4556 idcirco
1240 4496 1409 4554 constituisse
1431 4497 1516 4562 ideas,
1532 4497 1632 4569 quibus
1652 4512 1683 4553 se
1704 4497 1806 4553 haben·

1008 4567 1079 4624 tibus
1091 4585 1198 4640 semper
1216 4569 1311 4624 eodem
1332 4568 1424 4633 modo,
1440 4567 1608 4624 definitiones
1627 4569 1805 4640 scientiaque

1005 4648 1176 4704 constarent;
1200 4655 1280 4709 quam
1304 4638 1437 4695 rationem
1451 4648 1481 4695 ut
1503 4638 1607 4695 lutilem
1628 4639 1715 4696 cludit
1736 4640 1803 4711 ipse,

1005 4710 1080 4837 {Acus
1093 4719 1120 4767 et
1134 4710 1293 4782 opinionem
1312 4710 1432 4766 idearum
1451 4708 1547 4766 irridet
1560 4726 1569 4766 ι
1582 4710 1675 4766 Erato.
1695 4725 1759 4782 cap.
1776 4713 1802 4765 6.

1045 4797 1070 4837 c.

1042 4851 1101 4922 (20)
1123 4851 1192 4908 Esse
1217 4851 1352 4933 cumdum
1374 4851 1547 4908 substautias
1571 4851 1802 4919 tambitanae

1005 4921 1144 4979 Plurimie
1159 4922 1281 4980 Patribus
1294 4923 1369 4978 ideas
1383 4924 1537 4979 admittunt.
1553 4919 1606 4989 Qui
1621 4939 1686 4979 vero
1701 4938 1750 4979 eas
1765 4938 1804 4978 re·

1005 4993 1125 5064 pudiant,
1140 5009 1186 5049 eas
1206 4994 1347 5065 repudiant
1367 5000 1447 5064 prout
1471 4993 1639 5048 aGnosticis
1660 5002 1688 5049 et
1702 4994 1802 5053 Valen-

1006 5064 1053 5119 tini
1084 5065 1261 5121 sectatoribus
1284 5065 1492 5137 accipiebantur.
1522 5063 1555 5118 lli
1582 5066 1654 5119 euim
1669 5064 1802 5121 lhaeretici

1004 5135 1143 5192 Platonem
1158 5136 1235 5209 sequi
1254 5136 1379 5193 videntur
1403 5135 1430 5190 in
1454 5134 1562 5200 multis;
1578 5136 1702 5208 quamvis
1721 5136 1803 5193 ctiam

1004 5206 1172 5263 damnatasa
1193 5209 1283 5262 multis
1306 5206 1427 5264 Patribus
1449 5205 1572 5280 legerim,
1587 5221 1621 5262 eo
1644 5222 1726 5263 seusu
1748 5223 1802 5280 quo

1004 5276 1162 5334 Aristotcles
1190 5279 1302 5336 docuit:
1334 5278 1460 5335 nimirum
1489 5278 1628 5333 Platonem
1657 5278 1802 5335 admisisse

1003 5349 1079 5404 ideas
1101 5349 1231 5420 quasdam
1249 5357 1359 5406 naturas
1377 5348 1546 5405 universales
1568 5357 1716 5421 separatas,
1731 5366 1802 5424 qna·

1004 5436 1064 5476 rum
1085 5421 1288 5495 participatione
1323 5420 1468 5493 singularia
1498 5419 1724 5489 producerentur.
1754 5422 1802 5478 llic

1003 5491 1176 5564 imposturam
1196 5491 1270 5559 facit,
1285 5500 1331 5547 sut
1357 5491 1457 5564 patitur
1474 5491 1651 5562 Aristotelas;
1676 5491 1704 5550 id
1728 5493 1803 5551 euim

1003 5579 1020 5622 a
1038 5563 1180 5638 platonicis
1192 5563 1269 5623 libris
1282 5562 1341 5622 erui
1354 5562 1461 5636 nequt.
1476 5564 1516 5621 bs
1529 5563 1579 5621 Pu.
