3840 6134
125 319 181 380 tott
732 315 794 377 tlt.
814 317 849 378 tl
866 319 944 382 ΜΝ.
964 321 1168 384 MARCIONEM.
1721 321 1776 382 did

125 444 280 522 pollutionis
298 443 526 514 communionem,
551 457 647 499 carens
667 458 763 512 causa;
784 460 834 501 nec
852 446 923 503 alias
938 437 961 516 fl
978 448 1095 518 deducit,
1112 450 1191 523 quasi
1222 448 1256 503 ab
1286 446 1436 506 adversario
1465 448 1532 522 legis
1560 446 1694 515 allectum,
1723 465 1775 505 ett-

125 537 178 594 erit
199 535 325 604 capacior
342 533 496 603 utriusque,
511 548 590 604 quam
606 533 652 603 qui
677 533 765 606 prior,
782 543 809 590 et
826 552 924 593 nomen
978 539 1199 613 traneumhegis,
1211 536 1379 594 etlndaismi
1393 538 1450 608 (30)
1461 537 1610 607 protanam.
1621 538 1736 604 Excidit,
1750 540 1774 595 ei

126 625 239 681 sortitus
254 633 295 677 est
318 620 427 685 Christi,
445 630 471 677 et
493 621 699 690 appellationem
724 622 772 677 lilii
788 625 924 694 hontinis3
978 627 1018 684 vel
1033 629 1067 683 de
1094 629 1184 697 Petro,
1201 626 1284 701 Legis
1304 626 1423 690 homine,
1439 634 1465 682 et
1493 632 1582 681 tamen
1603 643 1657 684 nort
1673 636 1775 684 tantum

124 716 205 771 lesus
229 711 332 767 scilieet
353 709 501 766 Creatoris.
528 709 578 766 Hie
600 717 659 766 erut
681 712 756 767 visus
778 713 925 784 babylonio
978 716 1085 783 allecto,
1106 716 1248 772 sedetiam
1265 714 1447 773 testimoninm
1466 725 1612 771 consecuto
1630 716 1776 790 agnitionis

126 802 183 878 regi
196 802 284 870 (Dan.
300 800 343 871 ιιι)
358 798 386 853 irt
400 799 509 854 iornace
522 814 585 854 cam
599 800 762 871 martyribus
775 802 831 856 suis
845 818 925 872 quar·
978 805 1104 875 praestitae
1120 821 1135 860 a
1154 805 1229 859 Patre
1243 802 1354 876 (baert.
1372 819 1432 869 xvt,
1451 804 1507 874 tt).
1520 803 1659 874 Nusquam
1675 806 1776 875 legerat

126 900 179 954 tus,
208 901 339 960 tanquam
361 884 583 952 tiliushomiuis3
614 886 686 941 idem
714 885 765 957 ipsi
781 887 807 926 ⁹³
822 889 926 944 Danieli
978 890 1122 959 lrrmen,et
1142 908 1227 963 spem,
1245 903 1271 947 et
1291 890 1523 962 exspectationem
1549 891 1775 963 nationumprae-

127 982 208 1049 (Dan.
224 973 276 1046 ιιι)
298 974 433 1031 revelatus
445 973 548 1029 directo
563 976 652 1030 Filias
667 974 799 1044 hominis,
810 980 925 1035 verziaas
977 979 1063 1034 dicari
1078 980 1223 1035 Christum.
1240 980 1342 1051 Atquin
1358 978 1479 1049 probavit
1495 978 1584 1048 potins
1598 978 1717 1046 ludaeos,
1734 978 1776 1032 di·

127 1083 192 1123 ram
206 1065 270 1124 aoelt'
283 1062 404 1119 nubibas
412 1059 516 1134 judea,
527 1061 635 1117 sicutet
648 1062 784 1133 Scriptura
794 1065 924 1121 demoos·
978 1069 1063 1124 ceodo
1077 1067 1158 1125 38!
1178 1071 1253 1137 (Lac.
1271 1085 1296 1133 v,
1312 1067 1369 1138 at),
1385 1067 1526 1124 medicam
1549 1068 1627 1123 sauir
1641 1080 1699 1122 nort
1719 1079 1777 1121 esse

126 1165 187 1212 trat.
213 1153 272 1211 Uoc
291 1150 347 1206 dixi
373 1149 500 1206 sulficere
528 1150 650 1221 potuisse
683 1150 924 1211 denominatione
976 1156 1317 1222 neeessariam,sedmale
1337 1153 1632 1212 habentibussienim
1651 1152 1777 1210 metesa·

126 1242 285 1316 prophetica
313 1241 384 1296 circa
413 1238 502 1294 lilium
525 1239 652 1296 hominis.
681 1239 736 1298 Sed
767 1242 829 1311 plus
856 1243 923 1299 mihi
977 1243 1064 1300 lentes
1087 1245 1172 1300 voluit
1195 1243 1309 1316 intelligi
1329 1244 1454 1300 ethnicos
1473 1252 1499 1300 et
1521 1242 1680 1314 publicanos
1707 1256 1777 1313 quos

125 1331 265 1403 Scriptura
280 1327 395 1393 confert,
412 1327 502 1397 ipsius
519 1324 609 1384 880
632 1328 735 1384 scilicet
755 1329 864 1385 Domini
878 1331 923 1386 in·
976 1333 1121 1406 allegebat,
1138 1349 1220 1389 sanos
1241 1334 1351 1388 lnrlaios
1374 1330 1561 1395 confirmabat,
1576 1333 1674 1404 quibus
1688 1330 1776 1385 medi·

126 1416 922 1492 terpretstione.Numcamtudaeisolummodohominem
975 1437 1036 1477 cum
1065 1422 1247 1479 necessariam
1273 1423 1401 1495 negabat.
1429 1423 1485 1476 lloc
1511 1423 1534 1476 si
1565 1422 1602 1477 ita
1625 1429 1676 1488 est,
1703 1420 1777 1475 male

126 1509 183 1580 ejus
212 1509 364 1572 intuentes,
387 1504 503 1559 necdum
527 1513 553 1561 et
577 1507 662 1561 Deum
687 1508 764 1575 certi,
800 1523 853 1579 qua
877 1509 923 1565 Dei
976 1510 1164 1566 deseenditad
1179 1512 1277 1584 Legem
1300 1510 1501 1575 destruendam,
1518 1510 1598 1580 quasi
1621 1509 1654 1562 ad
1677 1508 1776 1563 malam

126 1613 231 1670 qnoque
255 1598 363 1662 Filium,
383 1595 482 1650 merito
507 1604 681 1652 retractarent
699 1612 752 1653 non
777 1597 924 1669 posseho-
979 1599 1163 1657 valetudinem
1195 1599 1408 1670 remediandam,
1433 1598 1459 1652 in
1496 1614 1549 1670 qua
1575 1597 1621 1669 qni
1647 1597 1774 1668 agebant,

127 1689 224 1743 minem
248 1686 348 1742 delicte
370 1684 507 1740 dimittere
522 1685 569 1739 sed
585 1686 672 1741 Deum
686 1686 785 1757 solam,
801 1702 848 1742 cur
870 1702 923 1743 non
978 1686 1048 1743 bene
1075 1688 1211 1754 velebant,
1241 1688 1342 1760 quibus
1371 1687 1493 1744 medicus
1528 1686 1694 1743 necessarius
1721 1702 1776 1743 non

128 1775 276 1832 anundum
298 1773 475 1829 intentionem
499 1787 594 1829 eorum
619 1774 652 1829 do
677 1776 787 1831 homine
809 1777 923 1832 eisres·
940 1743 1045 1833 Berat.
1072 1776 1156 1843 Quale
1192 1784 1233 1833 est
1264 1784 1365 1845 antem,
1391 1787 1420 1831 ut
1449 1775 1651 1831 similitudinem
1680 1775 1776 1830 medici

131 1863 228 1934 pendit
239 1863 265 1902 ⁹⁴
283 1862 360 1933 (tac.
376 1879 403 1932 v,
420 1862 474 1933 st),
492 1862 595 1919 Habere
609 1879 675 1919 earn
688 1867 858 1936 potestatem
877 1866 922 1923 di·
979 1866 1162 1939 proposuerit,
1179 1880 1231 1921 nec
1253 1864 1429 1935 impleverit?
1443 1864 1511 1919 Nam
1532 1863 1602 1920 sieut
1622 1861 1695 1917 sanis
1716 1879 1775 1919 me·

134 1951 268 2007 mittendi
275 1951 496 2021 delicta,qaando
506 1958 533 2006 et
542 1951 635 2020 filiam
644 1951 922 2019 bomirtnsnominans,
979 1953 1068 2010 dicum
1093 1969 1173 2010 nemo
1187 1954 1312 2023 adhibet,
1329 1955 1364 2009 ita
1392 1969 1442 2009 nec
1471 1951 1500 2007 in
1527 1950 1670 2007 tantum⁹8
1685 1961 1774 2007 extra·

132 2040 265 2096 bominem
281 2039 456 2095 nominaret?
476 2041 527 2096 nisi
547 2040 610 2111 qnia
625 2040 686 2097 ideo
701 2040 760 2114 ipsa
776 2041 862 2100 voluit
876 2058 924 2098 eos
978 2045 1046 2107 neis,
1062 2052 1192 2115 quantum
1216 2054 1257 2098 est
1285 2044 1366 2098 botrio
1394 2058 1409 2097 a
1434 2043 1490 2097 Deo
1515 2040 1667 2107 llarcionis,
1696 2057 1776 2096 sunm

129 2126 305 2198 appellatione
328 2127 395 2183 Filii
418 2127 537 2183 laomiais
561 2143 593 2183 ex
609 2128 786 2186 instmmento
805 2129 924 2187 Danielis
978 2131 1121 2188 habeasne
1144 2140 1280 2187 auctorem
1308 2139 1336 2185 et
1362 2138 1554 2196 protectorem,
1570 2136 1597 2183 et
1611 2128 1645 2184 ab
1661 2127 1708 2182 illo
1724 2143 1759 2200 po

129 2221 309 2287 repercutere,
334 2222 363 2270 ut
384 2217 541 2272 ostenderet
572 2216 660 2273 Deum
686 2219 711 2257 ⁹⁵
734 2227 760 2274 et
785 2219 923 2275 homiuem
978 2219 1032 2275 tius
1047 2221 1180 2276 medicum
1194 2219 1344 2276 Christum.
1360 2219 1417 2274 Hoc
1444 2217 1591 2273 similitudo
1606 2215 1775 2286 praeJudicat,

129 2304 166 2375 qni
180 2303 283 2360 delicta
309 2304 469 2374 dimitteret,
487 2305 564 2360 illam
590 2306 693 2363 scilicet
721 2307 808 2363 solum
835 2307 923 2364 filium
976 2308 1011 2362 ab
1026 2323 1058 2364 eo
1083 2309 1171 2380 utagis
1191 2307 1311 2379 praestari
1327 2307 1472 2372 medicum,
1497 2305 1531 2360 ad
1546 2298 1626 2378 quem
1641 2304 1777 2374 pertinent

128 2393 251 2463 hominis,
267 2391 340 2465 apud
362 2393 482 2449 Danielis
500 2395 668 2465 prophetiam
683 2405 858 2452 consecutum
877 2398 923 2467 jn·
977 2394 1023 2466 qni
1039 2396 1177 2466 languent.
1200 2395 1277 2451 Unde
1292 2402 1381 2450 notem
1396 2404 1423 2450 et
1437 2395 1553 2449 loannes
1575 2392 1647 2448 venit
1669 2391 1697 2445 in
1716 2407 1776 2446 mo-

130 2481 231 2538 dioaodi
245 2490 416 2552 potestatem,
430 2498 462 2540 ao
476 2500 525 2554 per
544 2500 603 2539 eam
619 2485 709 2556 ntique
723 2494 749 2541 et
769 2486 922 2543 dimittendi
975 2483 1073 2538 diumi
1088 2483 1181 2539 Subito
1202 2483 1334 2547 Christus,
1349 2481 1439 2538 subito
1459 2491 1486 2538 et
1507 2482 1636 2537 loannes.
1652 2477 1697 2534 Sic
1711 2485 1775 2534 snut

130 2570 221 2626 delicta
244 2570 318 2642 :qui
332 2571 406 2627 enim
419 2573 532 2640 judicat,
548 2581 575 2628 et
598 2572 722 2640 absolvit,
741 2584 778 2645 nt,
794 2576 922 2631 scandalo
976 2571 1067 2626 omnia
1081 2571 1152 2643 apud
1175 2571 1349 2636 Marcionem,
1366 2587 1425 2643 quae
1446 2585 1526 2626 suum
1547 2580 1574 2624 et
1597 2569 1708 2641 plenum
1724 2568 1772 2621 ha·

131 2655 172 2714 isto
185 2658 314 2714 discusso
329 2675 379 2729 per
399 2659 543 2732 Scripturas
564 2660 790 2730 recordationem,
815 2661 922 2719 iacilius
976 2659 1041 2715 beot
1055 2659 1178 2715 ordinem
1192 2659 1260 2731 apud
1289 2659 1455 2716 Creatorem.
1473 2657 1525 2713 Sed
1548 2657 1581 2711 de
1598 2658 1702 2711 losnne
1716 2670 1774 2712 cae-

132 2759 183 2801 eum
210 2754 392 2818 agnoscerent
425 2747 511 2818 ipsum
541 2765 599 2806 esse
627 2748 709 2803 hlium
737 2750 864 2822 hominis,
889 2766 922 2806 ex
977 2753 1034 2801 tera
1053 2746 1348 2816 althi3adpraeseotes
1370 2745 1442 2800 enim
1460 2744 1621 2816 ⁹⁹qunsque
1644 2742 1774 2798 articulos

131 2831 182 2903 ipss
216 2846 391 2906 peccatorum
430 2837 600 2893 remissione.
628 2837 762 2908 Denique,
788 2854 922 2910 nusquam
976 2821 1195 2905 respondendum
1220 2835 1364 2890 est.Nanc
1387 2833 1454 2888 tttnd
1474 2834 1579 2903 tuebor,
1604 2843 1635 2887 ιιι
1656 2831 1773 2886 demon-

133 2922 210 2978 tdhuc
235 2924 374 2995 protessus
399 2933 439 2979 est
453 2925 510 2995 (29)
534 2941 563 2980 se
578 2924 663 2979 liliam
688 2927 814 2994 hominis,
841 2943 923 2998 quant
978 2932 1112 2978 stromat
1150 2923 1280 2979 loannem
1309 2923 1425 2990 Christo,
1451 2934 1478 2977 et
1505 2921 1639 2978 Christum
1677 2920 1773 2974 Joanni

135 3009 222 3066 iuisto
238 3011 296 3067 loco
316 3012 443 3082 primum,
465 3013 491 3067 in
512 3029 567 3083 quo
582 3015 702 3084 primum
718 3021 825 3086 peccata
840 3015 924 3070 dimi·
939 3021 962 3100 ο
977 3012 1132 3080 convenire,
1156 3010 1246 3081 ntique
1281 3011 1418 3083 prophetat
1447 3012 1596 3080 Creatoris,
1618 3024 1672 3082 oua
1694 3009 1771 3065 Chri·

136 3098 174 3171 ait,
187 3099 214 3154 id
240 3107 292 3168 est,
308 3100 335 3153 in
354 3116 409 3172 quo
425 3103 540 3172 primum
552 3102 694 3170 judicavit,
708 3103 772 3157 dum
797 3103 922 3160 absolvit.
978 3108 1049 3155 stum
1082 3099 1235 3169 Creatoris;
1273 3107 1356 3172 atque
1388 3099 1425 3154 ita
1451 3101 1591 3154 erubeseat
1618 3099 1769 3163 haereticus,

137 3185 173 3241 ad
193 3188 251 3243 haec
265 3189 457 3261 quodcumqae
472 3189 578 3245 diversa
592 3206 656 3262 pars
679 3189 761 3246 inerit
774 3207 922 3263 argumen-
976 3189 1089 3244 loannis
1112 3190 1235 3244 ordinem
1260 3187 1359 3242 frustra
1384 3187 1536 3243 frustratus.
1563 3187 1590 3241 Si
1611 3187 1681 3241 enim
1707 3185 1773 3240 nihil

135 3280 190 3346 tatu,
205 3277 286 3346 quale
300 3276 345 3341 sit,
370 3277 475 3348 dispice
488 3279 523 3334 ⁹⁶.
539 3278 607 3333 Nam
623 3280 650 3334 in
670 3280 742 3335 illam
757 3296 868 3337 neeesse
882 3288 924 3337 est
977 3278 1087 3333 omnino
1114 3277 1327 3332 administrasset
1353 3277 1482 3341 loannes,
1499 3274 1649 3330 secundnm
1677 3273 1775 3327 isaiam

134 3364 270 3420 amentiam
291 3367 389 3431 tendat,
418 3377 448 3421 nt
473 3377 500 3423 et
526 3365 612 3422 filium
641 3369 758 3425 hominis
787 3369 922 3439 defendat,
978 3366 1036 3437 (xa,
1068 3365 1094 3438 3)
1119 3365 1284 3422 vociferator
1312 3366 1339 3421 in
1365 3364 1547 3436 solitudinem,
1568 3370 1776 3432 etpraeparator

135 3466 176 3507 nac
201 3453 363 3510 mendacem
391 3472 453 3511 enm
481 3455 675 3529 iacia13etex
705 3459 815 3515 homine
841 3467 922 3532 neget
976 3457 1079 3516 viarum
1095 3456 1307 3526 Dominicarum,
1329 3473 1376 3526 per
1403 3452 1634 3510 denuntiationem
1659 3459 1686 3508 et
1714 3452 1772 3507 lau-

136 3549 227 3607 uatum,
257 3558 292 3597 oe
313 3541 398 3597 filium
431 3543 545 3616 uirginis
578 3546 717 3602 concedat.
741 3546 822 3615 Quod
846 3548 869 3602 si
897 3557 924 3603 et
976 3547 1114 3603 dationem
1144 3547 1323 3620 poeuitentiae;
1352 3546 1375 3601 si
1402 3561 1456 3599 non
1484 3545 1564 3599 etiam
1593 3543 1683 3615 ipsum
1706 3543 1775 3598 inter

140 3632 270 3685 atuoritas
297 3630 399 3697 divine,
427 3641 455 3687 et
483 3649 570 3688 rernm
597 3641 702 3704 natura,
732 3646 759 3690 et
773 3621 923 3692 eommunis
976 3645 1091 3693 eaeteros
1117 3634 1249 3702 tinxisset,
1264 3648 1352 3691 nemo·
1362 3633 1509 3703 discipulos
1523 3632 1632 3697 Christi,
1653 3631 1772 3685 manda-

141 3715 257 3783 sapientia
279 3732 333 3773 uon
350 3719 493 3775 admittunt
506 3721 531 3760 ⁹⁷
546 3723 679 3777 insaniam
695 3723 856 3794 haereticam,
873 3739 922 3780 oc·
976 3736 1068 3783 cantes
1082 3737 1108 3782 et
1124 3725 1257 3793 bibentes,
1273 3724 1306 3779 ad
1326 3722 1440 3781 formam
1456 3721 1649 3792 discipulorum
1664 3720 1774 3776 loannis

145 3805 200 3861 rasio
219 3815 261 3862 est
284 3818 312 3864 et
337 3807 382 3863 hic
396 3810 583 3880 interpellandi
607 3827 688 3883 quam
708 3812 866 3868 brevissime
889 3813 924 3868 de
976 3817 1084 3871 assidue
1101 3815 1281 3885 jejunantium
1299 3822 1326 3870 et
1340 3812 1473 3868 orantium
1491 3817 1687 3884 provocasset:
1711 3809 1774 3881 rpuia

148 3893 276 3952 ttbstautia
301 3899 422 3967 corporis
454 3901 584 3956 adversus
608 3902 785 3972 plantasmata
808 3903 921 3959 Marcio·
977 3903 1000 3959 si
1015 3919 1066 3974 qua
1089 3902 1231 3959 diversitas
1258 3907 1342 3956 staret
1357 3901 1424 3956 inter
1439 3900 1574 3956 Christum
1590 3900 1772 3964 otloannem,

149 3979 185 4036 tit.
196 3985 221 4040 Si
234 3994 315 4042 natus
335 4003 368 4041 ett
385 3988 494 4044 homino
512 4000 562 4055 est,
587 3990 700 4047 attilius
715 3992 843 4060 hominis,
859 4009 921 4048 cor·
977 4002 1004 4047 et
1023 4007 1133 4064 gregem
1156 3993 1306 4063 utriusque,
1323 3991 1396 4045 nulla
1410 3997 1481 4045 eset
1494 3988 1704 4059 contpnrationis
1723 4003 1773 4041 or-

152 4080 187 4132 pus
198 4088 227 4128 os
241 4087 355 4144 corpore
370 4084 421 4131 est.
438 4076 517 4132 Plane
531 4077 636 4133 lucilius
649 4078 771 4134 invenias
785 4080 922 4137 hominem
976 4079 1057 4144 actio,
1083 4087 1193 4134 vacaret
1221 4078 1419 4147 provocationis
1443 4077 1567 4133 intentio.
1591 4077 1677 4130 Nemo
1701 4076 1773 4130 onim

153 4164 222 4214 tatum
234 4177 279 4217 cor
303 4178 358 4219 noo
375 4164 474 4220 hab-:re
497 4166 541 4224 vel
565 4167 717 4233 cerebrum,
738 4167 808 4224 sicut
831 4168 919 4239 ipsum
976 4167 1127 4235 miraretur,
1153 4176 1180 4222 et
1199 4181 1277 4222 nemo
1301 4175 1483 4238 torqueretur,
1504 4167 1526 4220 si
1543 4165 1656 4219 ditersae
1672 4162 1773 4219 divini-

152 4242 297 4317 lesionem,
321 4268 402 4323 quam
425 4270 533 4323 eorpus,
561 4261 591 4312 rit
609 4256 742 4312 Christum
767 4256 919 4313 llarcionis.
976 4255 1039 4311 tatis
1062 4253 1167 4308 aernulae
1192 4253 1408 4325 praedicationes,
1433 4255 1467 4309 de
1491 4250 1643 4320 disciplinis
1666 4265 1774 4321 quoqne

152 4330 217 4407 dique
229 4338 295 4396 adeo
311 4339 414 4411 inspice
428 4359 474 4399 cor
488 4343 590 4400 Pontici
604 4355 650 4402 aut
664 4345 815 4401 cerebrum.
939 4297 1046 4398 ninter
1073 4359 1102 4398 se
1122 4357 1174 4398 noo
1191 4341 1375 4406 convenirent,
1404 4356 1458 4396 nou
1477 4339 1670 4397 convenientes
1699 4338 1775 4409 prius

427 4430 537 4487 CAPUT
568 4431 618 4486 Xl.
977 4431 1011 4487 dc
1039 4429 1244 4488 auctoritatibus
1258 4427 1461 4497 disciplinarum
1486 4446 1493 4482 :
1513 4427 1581 4482 adeo
1593 4427 1704 4482 loannis
1718 4437 1775 4482 erat

176 4507 337 4571 Publicanum
366 4515 519 4573 allectuma
546 4520 659 4577 Domino
680 4519 706 4575 in
733 4526 922 4593 argumentum
978 4520 1111 4586 Christus,
1136 4529 1163 4575 et
1184 4519 1301 4575 loannes
1328 4515 1443 4583 Christi;
1472 4515 1552 4571 ambo
1580 4515 1727 4582 Crantoris,
1748 4525 1775 4569 et

815 4680 910 4743 Variae
929 4679 1084 4744 lectiones.

174 4766 193 4806 ⁹³
204 4771 264 4827 ltem
279 4773 340 4845 ipse
350 4774 434 4831 Seml.
447 4776 538 4833 Odert.
549 4776 573 4815 θ’*
590 4777 771 4848 Respondebit
786 4780 878 4835 Vertat.
896 4779 955 4850 llip.
967 4778 992 4817 ⁹⁵
1006 4778 1076 4833 Eum
1091 4777 1130 4832 nl.
1146 4776 1171 4816 ⁹6
1185 4774 1291 4848 inspice
1306 4775 1391 4833 Sensi.
1406 4773 1496 4831 Obcrt.
1509 4773 1534 4812 ⁹³
1545 4771 1576 4828 ln
1586 4774 1673 4828 inser.
1687 4768 1772 4827 Semi.

150 4835 220 4900 Uet.
233 4843 258 4882 ⁹⁸
271 4846 301 4901 ln
316 4854 447 4916 quantum
467 4849 532 4904 lan.
545 4847 570 4885 ⁹⁰
585 4848 664 4904 Enisa
678 4850 754 4907 adest
774 4852 835 4922 llip.
851 4853 936 4908 Fran.

823 4975 1071 5041 Commentarius.

165 5092 216 5175 (29)
230 5097 354 5168 Denique
371 5113 510 5169 aasqaam
533 5097 624 5156 adhuc
637 5102 847 5225 grofessasest,
865 5108 917 5157 etc.
974 5099 1018 5154 illa
1047 5100 1145 5156 Christi
1169 5106 1230 5154 ante
1258 5097 1328 5153 istud
1361 5095 1533 5165 miraculum,
1556 5097 1635 5152 sicuti
1662 5102 1775 5153 conten·

139 5157 256 5234 Duarum
279 5168 382 5222 hoctor
405 5170 439 5223 de
465 5171 613 5242 Evangelio

138 5238 273 5292 tacendum
287 5240 361 5309 quod
377 5239 402 5293 in
427 5239 479 5295 isto
503 5241 563 5297 loco
588 5242 704 5313 primum
729 5241 868 5314 professas
882 5251 922 5297 est
977 5245 1120 5312 posterius,
1135 5241 1207 5313 qnod
1237 5242 1354 5297 indicare
1381 5240 1488 5299 videtur
1506 5240 1625 5306 Auctor,
1642 5240 1701 5295 aliis
1714 5238 1774 5294 dis-

137 5305 255 5362 setitium
280 5309 409 5365 hominis.
432 5312 501 5366 Nam
520 5313 543 5366 si
566 5313 600 5367 de
616 5313 775 5386 Evangeliis
797 5314 923 5369 omnihus
977 5314 1124 5384 putandum
1141 5312 1273 5381 relinquo.
1287 5313 1357 5369 Part.

136 5373 281 5449 loquamur,
304 5393 368 5435 ante
391 5383 444 5437 hoc
483 5383 642 5441 miraculum
659 5395 778 5441 recenset
805 5387 836 5443 D.
854 5387 922 5439 itat-
1014 5386 1071 5455 (3⁰)
1093 5387 1271 5442 Extraaeam
1294 5385 1371 5455 Lapis
1388 5387 1415 5440 et
1438 5383 1587 5450 Iudaismi,
1604 5390 1655 5437 etc.
1677 5380 1773 5456 Extra-

133 5448 212 5504 thaeus
225 5451 302 5519 (virt,
319 5451 365 5522 2⁰)
378 5451 443 5508 illud
458 5454 575 5511 Christi:
594 5457 786 5512 Filiasaatem
802 5457 923 5516 hominis
978 5472 1057 5511 neum
1074 5465 1102 5512 ut
1124 5473 1155 5511 su
1178 5472 1206 5511 ra
1226 5472 1287 5511 eum
1306 5454 1423 5527 genitivo
1452 5455 1509 5525 plus
1523 5453 1606 5506 semel
1621 5453 1773 5530 corrjunxtt.

131 5520 271 5580 nonhabet
283 5524 645 5597 abicapatrertiaet,quod
660 5528 777 5598 primam
799 5528 924 5599 repetitur
979 5528 1029 5583 llic
1048 5527 1127 5583 otiam
1152 5473 1229 5592 Xirrit,
1257 5525 1388 5580 ludaismi
1416 5525 1569 5596 profanum,
1585 5522 1738 5592 intelligens
1757 5533 1774 5574 a

128 5589 204 5648 laeae
227 5609 269 5658 tx,
285 5597 331 5650 58.
353 5595 449 5652 Utrum
462 5598 551 5655 autem
568 5598 643 5668 prius
667 5598 829 5670 contigerint
843 5599 926 5656 verba
979 5598 1081 5655 ludaeis
1094 5598 1225 5666 rejectum
1240 5596 1315 5653 uelut
1329 5595 1531 5652 exsecrabilem.
1547 5594 1640 5649 Rasa.

663 5187 718 5227 neae
741 5171 922 5242 solummodo,
975 5172 1043 5227 drrnt
1057 5172 1103 5242 qni
1131 5167 1312 5227 Concordiam
1339 5169 1505 5240 seripserunt
1526 5168 1725 5243 evangelicam,
1741 5183 1775 5221 an
