3840 6134
126 338 181 400 sis
389 294 392 300 ’
741 330 1167 396 insinuationum.
1724 340 1778 403 sie

127 463 191 538 quis
203 462 345 520 hominum
368 478 401 520 ex
414 469 495 520 utero
506 471 586 519 natus
599 459 776 530 dubitaretur,
794 461 847 517 nisi
861 459 925 534 quia
944 473 1078 554 gemnae
1092 476 1187 532 repca,-
1202 473 1282 531 quem
1297 472 1402 529 omnes,
1421 459 1474 515 nisi
1486 457 1645 519 Clirist‘umi
1664 467 1698 521 Et
1713 485 1775 525 scr-

127 551 262 611 auriosius
285 552 370 609 uoluit
394 551 509 624 intelligi
532 551 560 606 iri
588 549 722 608 Christum
749 565 756 607 :
780 552 824 607 Ec
847 554 928 607 utero
982 549 1060 606 oicnt
1074 551 1101 605 ci
1115 564 1220 615 ornnes,
1236 548 1388 616 nationcs;
1406 546 1449 604 cui
1464 563 1560 605 omnes
1575 551 1627 606 nisi
1647 551 1778 612 Christo?

126 643 264 718 generavi
278 645 315 708 te,
330 641 421 714 idest,
435 656 469 697 ei
485 639 544 697 solo
567 648 656 710 utero,
672 639 732 695 sine
745 636 795 696 uiri
815 638 928 705 semiue,
984 637 1029 695 Sit
1038 653 1139 695 nomm
1155 639 1216 710 ejus
1226 638 1257 694 in
1272 653 1380 706 oeoum;
1394 637 1471 707 cujus
1485 653 1583 694 nomen
1597 639 1624 693 iii
1637 649 1777 714 aetemum,

127 731 206 789 curui
220 732 354 804 deputans
368 745 400 787 ex
415 737 492 788 utero
508 728 617 801 spiritus
630 729 688 801 (si)
702 726 717 782 l
730 726 811 797 Quod
824 735 851 783 et
864 726 892 783 iii
906 728 930 766 ¹⁵
982 725 1038 782 nisi
1051 726 1149 783 Christi
1163 726 1177 781 ‘t
1192 730 1264 784 Anto
1279 726 1367 783 solam
1380 726 1507 783 mannii
1516 743 1617 784 nomen
1632 732 1702 802 ojus,
1718 741 1781 790 aute

127 819 190 892 ipso
213 818 258 876 hic
278 817 404 876 accedit:
424 821 462 875 Tu
480 833 508 875 cs
534 817 661 876 sacerdos
688 818 721 874 in
747 833 848 875 auum.
873 817 932 872 Nec
984 814 1067 871 solem
1083 814 1156 870 enim
1171 814 1265 870 Sermo
1280 814 1338 880 Dei,
1359 813 1443 870 idest
1463 814 1594 872 Christus.
1610 820 1645 874 lit
1668 818 1781 879 bencdi-

129 907 260 964 sneerdos
282 913 370 962 autem
392 905 532 975 Ezechias,
548 920 600 963 uec
622 906 650 961 in
674 920 774 974 evum,
795 905 844 961 etsi
858 900 930 961 iuis·
985 909 1088 963 centur
1102 907 1134 962 in
1147 905 1197 964 illo
1207 905 1358 963 uniuersa
1374 910 1491 976 gentem
1507 905 1536 959 iii
1551 905 1693 964 Salomone
1707 910 1781 966 nulla

129 1005 183 1053 set.
198 994 511 1065 Secundanordincm,
531 993 626 1066 iuquit,
644 992 848 1052 Melchisedech.
860 991 931 1062 Quid
984 993 1057 1051 natio
1080 993 1260 1064 benedicitur,
1273 993 1299 1048 iu
1313 992 1419 1050 Christo
1432 1007 1497 1051 uero
1510 994 1609 1050 omnis.
1625 993 1694 1063 Quid
1709 1014 1782 1056 nunc

129 1083 271 1152 Ezechias,
301 1083 334 1138 ad
372 1082 568 1139 Melchisedech
600 1081 731 1139 ditissimi
754 1081 929 1152 sacerdotem,
985 1081 1008 1137 si
1021 1088 1048 1138 et
1062 1083 1148 1138 Deum
1162 1098 1223 1139 cum
1248 1083 1272 1121 ¹⁸
1299 1082 1424 1139 Psalmus
1450 1082 1503 1139 iste
1520 1083 1718 1142 demonstrat?
1746 1091 1782 1145 ot

129 1171 283 1246 etquidem
306 1185 361 1228 nori
374 1170 577 1241 circumcisum,
593 1170 639 1243 qui
654 1170 789 1225 Abraham
813 1169 932 1227 circum·
986 1168 1098 1228 boatum
1113 1187 1177 1227 cum
1200 1171 1305 1236 dicent,
1320 1169 1446 1243 quoniam
1461 1169 1622 1230 benedictus
1644 1175 1782 1233 Dominus

130 1261 218 1321 cisum
231 1262 289 1332 jam
314 1266 424 1332 accepta
443 1259 607 1316 decimarum
621 1259 756 1316 oblatione
770 1257 932 1315 benedixit
986 1259 1059 1317 Deus
1069 1258 1243 1333 brachmani
1250 1260 1322 1328 tacit
1331 1259 1476 1316 mirabilia
1482 1259 1570 1318 sotus.
1583 1262 1783 1321 Bcnictumno

131 1352 168 1409 At
182 1350 210 1406 in
225 1348 362 1406 Christum
385 1348 527 1407 conueniet
549 1349 616 1405 ordo
643 1345 852 1415 Melchisedech,
866 1363 934 1421 quu-
986 1365 1052 1405 mon
1060 1347 1158 1420 plorioe
1167 1350 1240 1420 ejus,
1249 1351 1278 1406 at
1287 1348 1441 1421 replebitur
1454 1349 1588 1406 uniuersa
1602 1353 1678 1408 terro
1691 1352 1782 1424 gloria

130 1440 206 1499 niam
234 1437 345 1512 quidem
371 1436 495 1494 Christus
517 1435 644 1510 proprius
667 1442 693 1492 et
718 1436 855 1509 legitimus
883 1434 935 1492 Dei
987 1437 1058 1510 ejus.
1074 1439 1184 1502 Contra,
1209 1435 1346 1503 Salomon,
1366 1435 1453 1491 audeo
1480 1436 1582 1504 dicere,
1604 1437 1682 1493 etiam
1699 1456 1782 1511 quim

130 1527 256 1594 musta,
282 1525 434 1600 praeputiati
458 1524 599 1583 sacerdotii
621 1525 751 1599 pontifex,
773 1523 870 1582 lumin
885 1540 934 1581 na·
988 1524 1082 1582 habuit
1095 1525 1122 1581 in
1137 1525 1194 1581 Deo
1209 1524 1322 1599 gloriam
1343 1523 1444 1590 amisit,
1459 1540 1508 1596 per
1522 1525 1664 1583 mulierem
1679 1527 1706 1584 iu
1722 1529 1782 1587 ido·

131 1616 253 1676 tionibus
266 1614 438 1689 constitutus,
453 1631 469 1672 a
484 1615 581 1690 quibus
602 1615 691 1689 magis
718 1613 821 1686 suspici
843 1613 930 1670 habe·
987 1615 1120 1675 lolatriam
1139 1629 1224 1688 usque
1247 1620 1407 1687 pertractus.
1431 1614 1524 1687 ltaque
1550 1632 1611 1673 cum
1635 1617 1663 1674 in
1690 1619 1783 1679 medio
1814 1638 1816 1643 ·

132 1708 192 1775 bat,
218 1705 242 1747 ¹⁶
264 1704 436 1780 cognituram
450 1721 479 1762 se
502 1704 664 1780 quandoque
686 1702 931 1771 circumcisionem,
985 1703 1091 1779 psalmo
1105 1702 1172 1760 illud
1195 1717 1304 1778 qudam
1318 1701 1435 1773 positum
1449 1704 1484 1758 sit
1495 1720 1502 1758 ε
1513 1702 1627 1762 Inimici
1642 1709 1703 1778 ejus
1717 1709 1782 1782 pul·

134 1803 165 1854 et
178 1794 425 1868 librabaegentem,
458 1808 520 1850 cum
542 1792 638 1851 ultimo
662 1791 776 1859 venerit,
809 1797 933 1863 accepts·
947 1756 970 1838 Β
985 1810 1080 1854 ocrem
1100 1793 1220 1866 lingent,
1234 1791 1349 1862 subjecti
1374 1791 1466 1862 utique
1488 1792 1605 1863 pedibus
1628 1793 1724 1866 ipsius,
1747 1796 1783 1854 ad

136 1885 214 1944 tione
239 1892 266 1942 et
284 1882 471 1940 benedictione
485 1880 651 1957 dignabitur.
674 1881 721 1938 list
734 1880 841 1937 atilius
855 1879 932 1938 Psal·
985 1881 1054 1940 illud
1079 1880 1233 1955 pertinebit,
1258 1887 1366 1952 propter
1392 1878 1465 1951 quod
1498 1880 1571 1938 hunc
1597 1881 1729 1954 psalmum
1756 1894 1784 1942 et

138 1989 203 2031 mus
216 1970 350 2047 (ixxilita
363 1970 496 2044 iucipiens
508 1988 514 2026 :
527 1973 609 2042 Deus,
620 1969 767 2046 judicium
777 1974 859 2028 tuum
871 1972 934 2045 rapi
985 1969 1074 2038 intuli,
1099 1978 1125 2027 et
1151 1968 1185 2026 ad
1209 1985 1295 2027 meam
1303 1966 1475 2038 senteutiam
1495 1967 1617 2039 defendi,
1629 1977 1660 2028 ut
1682 1969 1783 2030 conflr-

133 2059 280 2133 da,idest,
294 2059 860 2134 Christoregnaturo:otjustitiomtuom
873 2059 933 2130 iilia
986 2059 1114 2119 moverim
1133 2067 1161 2116 et
1188 2058 1265 2132 regni
1279 2057 1405 2132 gloriam,
1436 2064 1464 2113 et
1492 2056 1662 2117 inimicorum
1686 2060 1782 2132 subje-

132 2151 220 2225 rapta,
239 2148 268 2205 id
289 2157 340 2220 est,
363 2147 468 2221 populo
486 2147 596 2208 Christi.
611 2147 672 2207 Filii
693 2148 764 2205 euim
777 2151 838 2220 ejus
859 2156 931 2218 sunt,
985 2149 1114 2220 ctionem,
1140 2148 1290 2206 secundum
1316 2145 1523 2219 dispositionem
1551 2147 1696 2219 Creatoris,
1718 2165 1784 2209 con·

132 2240 180 2317 qui
202 2239 232 2296 io
258 2238 319 2313 ipso
342 2246 531 2298 renascuntur.
565 2238 617 2297 Sed
639 2239 662 2281 11
689 2245 717 2296 et
739 2238 785 2296 hic
811 2237 933 2296 Psalmus
986 2243 1128 2297 secuturus
1150 2235 1184 2309 ¹⁹,
1204 2251 1259 2294 non
1277 2236 1359 2293 alium
1390 2234 1564 2307 credendum,
1595 2253 1676 2311 quam
1696 2238 1783 2298 Crea-

131 2324 274 2386 Salomoni
301 2341 401 2384 cancre
423 2326 547 2401 dicetur;
562 2341 623 2401 quae
635 2335 724 2385 tamaii
746 2325 797 2384 soli
820 2340 933 2398 compa·
987 2326 1063 2387 toris.

132 2423 195 2475 tnnt
215 2415 333 2486 Christo,
358 2414 456 2474 docere
483 2430 538 2473 non
560 2422 707 2489 potuerunt
733 2415 813 2472 etiam
837 2423 934 2473 cetera

133 2523 189 2568 non
201 2505 236 2562 sd
249 2504 432 2576 Salomonem,
448 2505 496 2586 sed
509 2508 543 2562 ad
557 2505 695 2564 Christum
709 2504 868 2579 perdicae?
881 2508 936 2564 llo·
1306 2466 1421 2527 CAPUT
1437 2468 1476 2526 X·

132 2597 256 2662 scendi,
266 2593 362 2668 inquit,
378 2598 514 2669 tanquam
527 2595 616 2654 imber
624 2612 710 2669 super
719 2596 809 2654 uellus
819 2600 848 2654 ct
857 2597 935 2654 uolut
1022 2593 1204 2653 Revertamur
1216 2609 1288 2652 nunc
1307 2593 1341 2650 ad
1354 2594 1591 2663 resurrectionem,
1608 2593 1651 2653 cul
1673 2604 1701 2655 et
1718 2598 1786 2656 alias

133 2684 224 2744 stilla
249 2681 428 2741 destiltamcs
446 2684 478 2740 in
496 2687 612 2742 terram.
634 2683 770 2740 Placidum
790 2683 935 2741 decessum
989 2681 1097 2756 quidem
1110 2683 1218 2757 proprio
1233 2681 1371 2741 uolumine
1394 2681 1452 2754 (32)
1465 2683 1644 2741 satislecImus
1658 2686 1785 2745 omuibus

135 2770 198 2844 eius
223 2778 252 2829 et
275 2769 462 2828 insensibilem
485 2771 639 2829 describens
664 2768 745 2829 doh
763 2771 797 2830 de
819 2773 888 2830 coelo
907 2770 937 2827 iri
989 2770 1125 2829 hereticis
1148 2771 1321 2839 resistentes,
1337 2770 1385 2827 sed
1407 2786 1458 2827 nec
1471 2771 1516 2828 hic
1530 2770 1657 2829 desumus
1675 2787 1786 2848 propter

135 2875 261 2918 minem
284 2858 414 2917 Salomon
429 2865 518 2917 autem
537 2859 588 2918 etsi
615 2859 770 2918 desscendit
801 2860 936 2928 alicunde,
990 2857 1169 2932 eosquiillud
1184 2859 1345 2931 opusculum
1359 2858 1508 2933 ignorant,
1526 2862 1608 2930 Quid,
1618 2861 1665 2930 ait,
1676 2864 1787 2935 sociem

134 2964 191 3008 non
225 2957 314 3006 tumen
338 2946 409 3004 sicut
434 2946 531 3018 imber,
560 2947 624 3021 quia
645 2965 700 3006 nori
730 2949 764 3004 de
777 2949 856 3006 coelo.
881 2945 937 3004 Sed
990 2949 1038 3023 qui
1047 2964 1100 3021 pro
1112 2947 1233 3006 mortuis
1246 2948 1436 3021 baptizantur
1445 2949 1515 3022 (33),
1526 2952 1552 3006 ai
1560 2953 1672 3010 mortui
1679 2968 1737 3010 non
1746 2971 1788 3013 ro-

136 3036 305 3110 simpliciora
318 3051 431 3109 qunque
444 3052 604 3110 proponam.
620 3037 828 3103 Dominabitur,
841 3037 936 3109 inquit,
951 3014 974 3094 c
989 3040 1110 3110 turpant
1123 3034 1146 3106 (l
1163 3034 1224 3093 Cor.
1239 3033 1313 3106 xv)t
1326 3032 1431 3091 Viderit
1439 3036 1571 3095 institutio
1581 3038 1641 3096 ista.
1656 3042 1787 3100 Kalendis

135 3123 276 3185 amnmad
285 3125 939 3202 morc,otatlumincuspucadtcrniinostcmoe.
994 3126 1018 3183 si
1034 3125 1104 3184 torte
1130 3122 1282 3179 Februariae
1310 3124 1575 3194 respondebuntilti,
1601 3142 1649 3199 pro
1673 3132 1788 3189 mortuis

134 3215 197 3272 iioc
227 3212 394 3272 solidatum
425 3221 466 3271 est
493 3214 610 3273 Christo.
636 3214 781 3283 Caeterum,
810 3216 940 3274 Salomon
995 3208 1305 3287 hospinianus).
1329 3210 1393 3266 Noli
1416 3227 1484 3285 argo
1505 3213 1666 3285 Apostolum
1685 3232 1788 3276 uorum

135 3302 223 3362 uniet
239 3301 353 3359 modion
375 3301 479 3358 ludaeae
497 3301 653 3377 imperauit.
672 3303 836 3361 Adorabunt
854 3304 940 3361 illam
993 3303 1083 3360 statim
1101 3308 1242 3360 auctorem
1255 3308 1303 3357 aut
1328 3299 1546 3361 conlirmatorcm
1560 3303 1621 3372 ejus
1643 3304 1786 3378 denotare,

824 3400 920 3466 Variae
941 3403 1096 3466 lectiones.

174 3479 200 3522 ¹⁸
216 3478 300 3551 Quod
317 3495 351 3538 eii
365 3479 435 3552 ipso.
448 3478 508 3539 llac
524 3480 634 3541 Oderit.
649 3481 672 3521 ¹⁶
690 3480 727 3539 Et
749 3480 813 3538 add.
827 3482 912 3539 Semi.
930 3481 954 3522 11
978 3483 1024 3539 Sic
1037 3482 1122 3540 inser.
1138 3479 1202 3536 Lat.
1220 3477 1306 3536 Sonat.
1324 3475 1436 3535 Obcrtli.
1466 3478 1490 3517 11
1516 3479 1608 3537 iteum
1621 3482 1711 3544 liban.
1727 3499 1789 3543 oum

140 3553 233 3614 lenm.
251 3553 278 3593 ¹⁹
290 3554 507 3612 consecuturum
519 3556 601 3611 Pam.
617 3553 642 3593 ²⁰
656 3554 778 3612 Peterem
792 3554 895 3615 Wouw.

838 3624 1088 3692 Commentarius.

177 3725 235 3800 (sl)
254 3726 356 3788 Carnis
374 3727 566 3803 deputantes
588 3740 670 3790 utero
684 3731 811 3806 spiritns.
826 3730 943 3804 Spiritus
997 3728 1192 3805 aquibusdam
1207 3725 1372 3811 institutum,
1387 3733 1417 3783 ut
1429 3742 1477 3811 pro
1491 3729 1606 3787 mortuis
1623 3731 1792 3805 baptizaren-

138 3807 250 3856 aanctus
263 3805 293 3856 in
306 3815 340 3857 eo
350 3800 452 3873 psalmo
466 3803 546 3859 uerba
560 3805 635 3860 haec:
651 3805 694 3861 Sa
708 3807 800 3876 atrro,
813 3804 886 3859 carui
901 3803 942 3860 si·
995 3810 1049 3859 tur.
1074 3800 1177 3858 Deinde
1190 3806 1244 3855 ait:
1258 3798 1363 3857 Viderat
1382 3799 1530 3882 institutio
1544 3802 1601 3859 ista
1618 3821 1657 3860 on
1680 3808 1791 3866 rationo

140 3869 303 3944 guilicindae
317 3872 466 3943 deputavit.
485 3872 550 3930 ilia.
995 3876 1093 3947 aliquo
1123 3874 1250 3928 nitatur.
1280 3870 1312 3925 Et
1340 3873 1430 3954 statim
1454 3884 1591 3943 comparat
1618 3875 1656 3931 illi
1689 3894 1791 3936 morem

178 3941 234 4014 (32)
250 3945 369 4017 Propria
382 3944 535 4003 uolumina.
548 3945 596 4005 Est
607 3945 943 4006 liberdollosurrcotionc
995 3945 1153 4004 ethnicum:
1169 3941 1309 4008 Rutunda,
1339 3957 1366 3996 in
1387 3951 1434 4010 uit,
1463 3943 1605 4002 februariae
1629 3952 1792 4022 respondent

140 4017 248 4071 camis.
262 4013 352 4074 Sani..
993 4024 1020 4072 et
1038 4016 1190 4088 comparari
1217 4019 1331 4086 possunt
1352 3957 1402 4097 iffi,
1416 4027 1484 4096 ‘pro'
1499 4016 1613 4097 mortuis
1636 4028 1739 4090 petere,
1754 4030 1792 4097 τῷ

179 4084 239 4210 (3³2
257 4083 370 4169 Qulpro
383 4088 505 4168 mortuis
519 4088 714 4164 inplicantur.
729 4088 793 4147 Scio
808 4090 940 4162 quosdam
994 4084 1104 4169 rigantur
1116 4083 1175 4167 hilp
1189 4090 1237 4138 rtis
1259 4088 1362 4164 nimbi,
1385 4082 1423 4166 illi
1447 4083 1549 4142 scihcet
1570 4089 1634 4144 ritui
1662 4093 1720 4148 siue
1746 4092 1790 4147 in·

141 4168 204 4213 nou
237 4154 394 4226 ebaptismo
411 4160 527 4217 viventis
541 4176 591 4233 pro
606 4171 714 4218 mortuo
728 4161 871 4234 explicare,
891 4161 941 4217 scd
993 4165 1138 4221 stitutioui,
1166 4170 1265 4227 nempe
1287 4153 1429 4227 baphiari,
1456 4170 1507 4212 scu
1532 4165 1624 4230 petere
1646 4175 1697 4241 pro
1714 4175 1790 4218 mor·

145 4225 185 4279 de
203 4224 367 4285 absolutione
393 4231 516 4303 corporis
535 4241 644 4314 propter
667 4233 761 4290 sordes
779 4246 848 4305 quas
870 4246 940 4289 cun·
993 4230 1055 4286 tuis.
1069 4230 1139 4285 Nam
1156 4225 1306 4307 attebrua
1325 4224 1495 4308 celebrantur
1516 4242 1567 4300 pro
1581 4228 1668 4286 charis
1688 4245 1794 4304 cogna-

144 4295 258 4352 traxerit
267 4312 298 4354 ei
308 4308 433 4357 conhctu
448 4309 555 4359 mortui.
570 4304 610 4361 hii
625 4305 673 4361 Pii.
992 4308 1081 4360 torum
1105 4305 1266 4364 mortuis,a
1296 4310 1330 4353 ue
1350 4296 1414 4352 hino
1436 4309 1536 4378 nomen
1559 4298 1674 4359 inditum
1702 4306 1791 4362 mensi

181 4366 244 4452 (st),
258 4369 363 4429 Viderit
376 4373 522 4434 institutio
532 4375 599 4433 ista.
619 4374 752 4433 dotanda
766 4376 790 4433 si
806 4375 879 4445 sorte
892 4377 943 4433 Pa·
960 4371 1142 4472 nlebruario,
1158 4377 1186 4426 et
1196 4368 1281 4426 Kalen
1301 4366 1325 4424 is
1339 4367 1494 4423 februarus.
1510 4366 1633 4447 Ouidius,

141 4437 483 4520 bruanoercrpondetunt
493 4447 945 4575 itlifiro'mortuc'apeterentllaeo
1089 4496 1153 4549 Vm
1165 4493 1214 4546 deo
1228 4491 1280 4544 biti
1294 4488 1392 4544 Februa
1403 4488 1497 4541 mi,
1513 4488 1598 4544 hm

140 4516 652 4650 ttttltittittltt'tratti:
667 4519 746 4645 illl
765 4519 945 4664 iliiiiiiliil
996 4597 1074 4655 iii.

140 4653 294 4740 hpostoloz·
307 4655 379 4725 Quid
384 4657 493 4733 socient
501 4661 551 4732 put
559 4678 610 4734 pro
618 4663 738 4719 mortuis
748 4661 945 4734 baptizantur,
1379 4711 1384 4724 .
1401 4710 1407 4723 .

143 4741 168 4782 n
182 4729 292 4783 mortua
306 4742 366 4783 non
380 4729 561 4813 rcsurpunt?
574 4730 687 4789 absurde
703 4747 863 4804 responsum
875 4733 944 4816 tuis·
1059 4716 1121 4831 9⁰3¹
1135 4727 1164 4767 111
1183 4727 1252 4766 “lm
1263 4710 1346 4825 ⁰⁰¹¹¹¹ti
1359 4709 1554 4826 lffifflffhfflbiufl
1567 4725 1652 4787 ¹3¹⁰¹¹¹⁰

143 4795 944 4877 seultalcndoesobmonoepromortuispetcrent.litanim
1112 4786 1138 4831 ‘¹‘
1175 4789 1362 4840 ⁰m⁸⁰⁰⁸¹¹⁸¹⁸
1400 4789 1432 4826 ⁸¹¹
1462 4788 1492 4826 ¹¹⁸
1508 4789 1621 4829 mm·

143 4866 212 4924 nibil
226 4875 371 4941 propterea
383 4870 526 4952 juraretur
550 4874 683 4931 institutio
705 4876 762 4941 illa,
785 4891 867 4957 quam
886 4891 945 4934 aava
998 4881 1105 4938 ilancce
1132 4884 1223 4934 autem
1245 4874 1416 4947 scripturam,
1444 4875 1650 4950 respondebunt
1672 4879 1720 4938 illi
1740 4901 1794 4958 pro

144 4939 343 5021 apostolorum
367 4941 452 5001 luisse
474 4945 547 5016 apud
572 4948 704 5020 quosdam
723 4945 871 5018 Septimius
884 4964 944 5004 cre·
998 4952 1121 5010 mortuis
1131 4953 1237 5024 pctore,
1261 4948 1377 5005 seruauit
1401 4947 1487 5004 codex
1500 4948 1683 5022 Divionensis,
1696 4969 1794 5015 seria-

146 5007 228 5090 didit,
247 5009 379 5095 baptizari
400 5029 451 5087 pro
466 5016 589 5076 mortuis.
604 5017 706 5089 Nempe
720 5018 772 5074 lioc
790 5020 946 5093 interroga·
1001 5039 1063 5082 uere
1077 5030 1103 5079 et
1111 5021 1229 5088 codices,
1245 5018 1343 5104 quibus
1357 5033 1424 5075 usus
1437 5027 1477 5074 est
1496 5019 1649 5079 Rhenanus.
1659 5024 1721 5083 ilio.

145 5087 222 5137 tione
248 5082 292 5164 A¹
312 5084 374 5166 stoli
401 5085 522 5157 ponitur,
555 5096 677 5145 mortuos
701 5104 755 5146 uon
793 5105 945 5163 resurgere.
1036 5095 1137 5151 -Pro
1150 5096 1272 5149 mortuis
1288 5095 1392 5164 potero.
1418 5091 1493 5145 ldem
1522 5092 1588 5149 milii
1612 5094 1718 5154 ridetur
1764 5117 1795 5160 ro

147 5152 244 5234 ltaque
285 5162 377 5236 ioeuti,¹
394 5166 515 5215 mortuos
541 5173 596 5216 nun
624 5176 774 5235 resurgere,
795 5160 857 5233 quis
878 5161 947 5219 odeo
1000 5167 1121 5225 mortuis
1146 5167 1252 5237 pctore,
1266 5161 1545 5234 actoruapoacern
1562 5166 1706 5239 dequibus
1723 5116 1770 5228 lig·
1786 5188 1797 5229 1

148 5224 248 5281 stolida
265 5229 445 5298 repondisact,
473 5228 610 5287 Kalendas
634 5231 781 5287 februarias
803 5247 852 5304 pro
875 5248 948 5290 mor·
1003 5242 1080 5298 Post.
1095 5233 1200 5294 ovid:

149 5294 206 5352 tuis
227 5296 380 5423 Ketiturasi
407 5300 460 5356 Pro
489 5302 603 5359 mortuis
625 5301 748 5358 videlicet
774 5317 829 5359 non
856 5320 948 5362 resur·

151 5365 226 5440 genti
246 5383 280 5424 ns
302 5375 356 5425 tam
373 5369 490 5427 absurda
517 5379 544 5428 et
562 5372 668 5428 inutilia
694 5373 811 5430 luissent
842 5373 948 5443 lebrua,
1064 5347 1676 5478 lpffiffiaflgofgffiinpffifflg{Zbffisffidh

150 5453 237 5511 quam
259 5440 423 5525 Baptismus:
451 5442 597 5501 Videamus
626 5459 692 5527 ergo
719 5458 843 5571 <Lucanam
870 5446 951 5505 luerit
1342 5509 1348 5522 ‚
1459 5511 1465 5524 ,
1496 5509 1502 5522 ‚

151 5525 230 5566 mens
254 5509 387 5582 Septimo.
406 5512 512 5571 Profert
534 5515 656 5587 Apostoli
679 5530 726 5572 rer
746 5530 762 5571 a
782 5532 788 5572 :
809 5516 879 5585 Quid
905 5520 951 5588 sa·
1003 5516 1060 5574 lloc
1073 5523 1116 5573 est
1129 5529 1207 5571 sacra
1221 5513 1314 5571 lebrua
1327 5527 1385 5568 sire
1405 5519 1582 5583 expiationem
1599 5513 1801 5589 postularepra
1898 5562 1900 5568 .

152 5583 232 5640 deor
246 5584 295 5654 qut
301 5600 361 5713 fro
379 5590 501 5670 ntortut'a
515 5587 710 5672 baptizantur,
725 5589 751 5645 si
769 5590 878 5670 mortui
892 5604 951 5645 non
1003 5587 1127 5668 mortuis,
1142 5585 1201 5645 sira
1214 5598 1265 5711 {ro
1283 5591 1325 5639 tei·
1336 5581 1450 5650 oedem
1464 5581 1521 5640 sire
1544 5591 1654 5657 propter
1667 5585 1802 5648 delectum

152 5666 299 5725 margon
319 5653 952 5736 thibusrerbusignidcanputatluissstuic
1004 5671 1203 5732 eiseqmaium.
1240 5669 1258 5711 ii
1294 5667 1322 5710 a.
