3840 6134
148 276 206 340 229
591 331 592 335 ,
749 272 848 336 LlBRH
867 273 947 334 tDv.
966 273 1205 338 Hanaoualtutt.
1743 294 1799 357 230

145 402 198 460 tuit
222 418 283 460 essa
310 401 467 459 substantie
490 401 645 475 ooaequnlis.
672 400 725 457 Sed
749 400 871 471 precario
889 398 986 495 lor-g
1003 401 1142 473 materiam
1171 418 1231 462 eum
1258 404 1384 463 Crantore
1412 424 1577 483 proponunt,
1601 420 1632 471 ιι
1652 418 1752 477 malum
1780 436 1798 478 a

144 492 218 548 sitan
230 507 297 549 usus
313 492 399 548 ast⁴⁵.
414 492 447 548 Et
460 490 521 548 ideo
536 489 665 563 precario,
672 504 728 546 non
743 488 865 546 dominio
877 490 945 562 (21),
1002 486 1123 557 materia,
1143 502 1228 544 nona
1252 489 1378 548 creatore
1405 492 1538 552 deducant
1554 512 1560 549 ε
1576 501 1684 571 quando
1706 503 1797 562 nullus

143 591 173 638 ut
189 597 255 637 cum
268 597 301 639 ea
314 581 388 637 mala
400 587 474 637 esset
494 581 528 637 de
548 580 619 636 mala
633 587 722 636 ιιιιει
737 578 894 636 sustinuerit
908 580 947 637 uti
1002 575 1112 632 omnino
1131 577 1199 633 drus
1222 577 1353 637 liberetur
1370 581 1421 637 ista
1440 585 1601 654 quastione,
1622 596 1651 645 ut
1677 608 1733 650 non
1748 609 1796 650 an·

144 670 252 727 scilicet
272 686 306 726 ex
329 669 490 726 necessitate
512 666 707 725 mediocritatis
725 683 792 734 sum,
817 683 872 739 qua
892 682 948 724 non
1000 674 1057 721 ctor
1085 664 1148 721 msli
1176 666 1260 723 rideri
1289 669 1401 740 proinde
1429 673 1524 742 possit,
1545 675 1666 749 quisquis
1683 680 1728 738 itta
1755 690 1797 740 est

144 757 253 815 istebat
275 774 308 815 ex
328 758 413 815 nibilo
437 757 493 824 uti3
519 771 574 814 non
596 773 629 813 ex
653 762 797 828 potestate,
822 748 902 829 quim
924 756 947 813 si
1000 752 1046 823 qui
1065 753 1166 809 malum
1189 756 1240 813 etsi
1266 772 1321 814 non
1343 758 1404 830 ipse
1427 760 1502 833 tecit,
1531 768 1650 820 taurana
1672 784 1796 839 quocun-

144 845 411 904 bsbuissetomnino
426 853 457 903 nt
471 846 545 903 Deus
559 845 587 901 in
610 844 760 913 materiam,
780 861 861 915 quam
885 861 945 902 ma·
999 857 1053 915 que
1080 853 1108 901 et
1134 844 1206 901 unde
1248 861 1345 918 passus
1376 856 1417 906 est
1459 848 1527 907 lieri.
1575 853 1673 912 Audiat
1714 858 1796 932 igitur

144 934 198 992 lem
222 940 314 1002 norat,
334 945 397 991 ante
419 951 478 991 eam
502 934 529 991 in
552 934 656 991 bonurn
674 933 700 973 ⁴⁵
719 932 894 991 convertisset
916 942 946 991 ut
1000 940 1026 988 et
1050 931 1243 1006 Hermogenes,
1269 935 1333 991 dum
1352 935 1417 993 olibi
1440 937 1472 994 de
1497 940 1561 996 msli
1577 942 1680 1001 ratione
1694 946 1795 1005 distin-

142 1022 279 1081 Dominm
290 1030 318 1080 et
331 1023 429 1090 bonus,
444 1028 475 1080 ut
488 1020 524 1078 ita
538 1020 669 1094 debono,
684 1035 737 1078 non
752 1019 787 1078 de
802 1021 873 1076 malo
888 1029 945 1079 ute·
999 1020 1118 1093 guimus,
1146 1021 1253 1080 interim
1279 1039 1308 1080 se
1334 1039 1445 1099 quoque
1470 1026 1536 1083 nibil
1561 1029 1651 1102 egisse
1675 1032 1727 1090 hac
1746 1051 1796 1092 sus

140 1121 225 1170 retur.
254 1111 311 1169 Sed
338 1111 402 1183 quin
425 1112 515 1168 bonus
547 1109 667 1180 quidem,
698 1108 830 1165 Dominus
853 1116 943 1166 autem
998 1106 1142 1178 injectione
1159 1109 1227 1183 (24).
1256 1113 1326 1170 Heca
1353 1113 1434 1183 enim,
1464 1115 1514 1185 etsi
1543 1133 1596 1175 uon
1625 1130 1720 1178 auctor
1747 1125 1795 1183 sed

140 1216 207 1271 non,
242 1199 317 1269 ideo,
343 1198 455 1273 qualem
482 1199 586 1266 babuit,
615 1198 660 1255 atti
693 1213 768 1268 usus,
798 1200 944 1254 necessita-
998 1205 1147 1256 ssseutstor
1165 1199 1187 1238 ⁵¹
1204 1199 1268 1257 mali
1285 1202 1343 1272 (25)
1365 1202 1503 1261 inuenitur
1523 1204 1606 1276 Deus,
1632 1209 1795 1281 quimalum

141 1301 196 1347 tens
219 1305 298 1346 suam
322 1287 442 1347 ostendit
468 1288 608 1346 cedentem
630 1286 778 1344 conditioni
803 1287 942 1344 marte:
997 1286 1119 1343 materies
1131 1294 1209 1344 tanto
1221 1288 1349 1346 sustinuit
1370 1291 1406 1349 da
1429 1292 1504 1351 bono
1523 1306 1594 1352 ante·
1608 1299 1704 1356 mnndi
1726 1317 1794 1360 con-

138 1394 220 1450 qusm
246 1379 271 1435 si
298 1377 431 1435 Dominus
458 1375 565 1447 luisset,
594 1376 777 1433 emendasset.
801 1375 847 1433 Sic
870 1375 942 1433 enim
995 1375 1170 1447 stitutionem,
1185 1393 1267 1451 quarn
1282 1388 1311 1437 nt
1325 1381 1412 1438 bonus
1434 1390 1461 1438 et
1484 1384 1546 1441 mali
1569 1388 1682 1447 emulus
1697 1406 1795 1448 emen·

139 1465 305 1540 Hermogeni
339 1465 561 1539 respondendnm
586 1470 638 1536 est,
666 1480 727 1523 cum
761 1480 794 1521 ex
819 1464 941 1521 dominio
994 1464 1074 1522 desse
1095 1468 1234 1524 debuerat.
1264 1470 1318 1526 Aut
1345 1469 1417 1527 enim
1442 1471 1531 1544 potuit
1562 1477 1714 1552 emendare,
1744 1481 1792 1538 sed

140 1554 266 1614 menum
282 1557 371 1613 ὓειιι
392 1555 502 1613 materia
522 1569 614 1622 usum,
638 1563 665 1612 et
692 1554 726 1611 de
749 1570 778 1612 re
801 1570 856 1613 non
878 1571 940 1621 sua,
995 1554 1081 1611 noluit
1097 1572 1104 1610 ε
1120 1563 1166 1611 ιιι
1193 1556 1279 1613 voluit
1301 1557 1421 1630 quidem,
1442 1575 1536 1619 verum
1557 1577 1612 1619 non
1634 1567 1724 1636 potuit
1745 1568 1791 1625 in-

139 1643 244 1704 tulliset
270 1660 326 1703 non
345 1645 415 1702 tacta
437 1647 473 1703 ab
501 1645 571 1717 ipso.
601 1644 661 1710 lam
680 1658 747 1716 ergo
773 1645 874 1700 malurn
904 1645 939 1702 sb
993 1639 1086 1698 firmus
1113 1643 1196 1699 Deus.
1216 1644 1244 1701 Si
1271 1646 1357 1717 potuit
1383 1656 1410 1702 et
1433 1647 1529 1717 uoluit,
1552 1651 1639 1708 malus
1666 1661 1692 1710 et
1719 1654 1791 1728 ipse,

138 1733 206 1807 ipso,
221 1734 270 1808 qni
285 1743 326 1792 est
338 1735 417 1804 mali,
430 1735 455 1790 si
469 1750 523 1792 non
545 1741 649 1803 auctor,
664 1733 728 1806 quia
748 1747 801 1790 non
815 1731 938 1802 allectos,
994 1729 1057 1802 quia
1071 1731 1141 1788 malo
1159 1730 1243 1798 las·it;
1260 1730 1339 1787 etsie
1357 1734 1413 1804 jam
1436 1733 1549 1792 habetur
1564 1736 1588 1776 ⁵²
1612 1748 1707 1800 auctor
1720 1744 1791 1816 ejus,

139 1831 209 1882 terte
231 1823 394 1897 permissor,
418 1822 482 1897 quia
499 1823 664 1880 dominator.
688 1821 718 1878 Si
740 1836 804 1879 uero
828 1821 941 1879 materia
957 1802 980 1883 Β
994 1820 1066 1893 quod
1081 1820 1145 1877 licat
1157 1836 1212 1878 non
1232 1820 1384 1890 instituerit,
1407 1821 1472 1894 quia
1495 1825 1520 1863 ⁵³
1534 1835 1621 1883 tamen
1635 1829 1660 1885 si
1684 1831 1791 1890 noluis-

137 1926 189 1969 oon
202 1917 232 1968 et
244 1911 342 1983 ipsius,
362 1926 416 1985 qua
430 1912 531 1968 malum
553 1911 602 1967 Dei
623 1916 732 1967 nonest
753 1907 779 1950 ⁴⁵
794 1926 802 1966 ι
819 1910 853 1967 de
867 1909 938 1966 alie·
992 1914 1032 1964 set
1046 1908 1110 1965 illud
1124 1924 1196 1975 esse,
1212 1925 1267 1966 uon
1291 1917 1372 1977 esset,
1388 1909 1447 1984 ipsa
1470 1913 1524 1983 jam
1539 1912 1600 1970 lecit
1622 1932 1694 1986 esso,
1717 1921 1790 1991 quod

138 2014 171 2057 oo
184 2015 254 2075 ergo
275 2016 344 2058 usus
366 2008 419 2070 est,
435 2016 488 2072 qua
509 2015 593 2074 egens
616 2000 695 2070 eius,
710 2008 758 2056 aut
781 2006 808 2055 et
830 1997 939 2069 iniuria,
992 1996 1140 2054 noluitnon
1154 2012 1215 2054 esse
1231 2014 1237 2054 :
1253 1997 1326 2071 quod
1340 1999 1404 2070 quid
1420 2008 1461 2056 est
1475 2002 1602 2073 turpius?
1612 2002 1641 2060 Si
1654 2004 1681 2060 id
1698 2008 1790 2066 volue-

136 2103 185 2160 qna
205 2089 360 2161 praenaleus
377 2089 448 2158 ejus.
473 2087 520 2145 His
539 2087 611 2145 enirn
633 2087 718 2145 tribus
740 2085 828 2145 modis
851 2086 938 2143 aliena
992 2083 1027 2141 rit
1041 2100 1111 2156 esse,
1126 2085 1199 2157 quod
1220 2085 1280 2156 ipse
1302 2087 1386 2143 noluit
1408 2087 1511 2158 lecisse,
1536 2089 1681 2150 aduersum
1699 2110 1789 2155 seme-

135 2183 291 2246 sumuntur,
308 2176 383 2248 jure,
397 2175 539 2245 benelieio,
557 2178 680 2249 impetn;
695 2175 721 2232 id
737 2183 787 2244 est,
802 2174 935 2242 dominio,
992 2169 1091 2242 tipsum
1106 2175 1170 2248 egit,
1191 2188 1253 2230 cnm
1276 2183 1304 2230 ct
1322 2174 1409 2234 soluit
1423 2192 1493 2235 esse.
1522 2177 1605 2248 Quasi
1620 2181 1722 2239 bonum
1737 2200 1788 2243 vo·

134 2264 267 2337 precario,
293 2265 332 2322 ri.
370 2264 500 2322 Dominio
528 2279 584 2321 non
615 2271 779 2337 suppetente
805 2263 832 2302 ⁴⁸
855 2263 937 2336 eligat
990 2257 1040 2316 luit
1054 2275 1126 2333 csse,
1140 2270 1167 2320 et
1188 2262 1264 2336 quasi
1280 2263 1378 2320 malum
1403 2265 1490 2322 noluit
1514 2266 1619 2327 iecisse.
1635 2269 1714 2340 Quod
1733 2289 1789 2331 non

134 2353 334 2430 Hermogenes,
347 2353 414 2428 quid
429 2354 489 2412 Deo
502 2361 650 2428 congruat,
660 2353 783 2425 precario
793 2369 827 2410 an
841 2353 867 2410 vi
878 2354 936 2426 (22)
990 2346 1124 2420 iaciendo,
1146 2353 1245 2407 malum
1267 2352 1408 2424 judicavit,
1438 2355 1464 2411 id
1491 2356 1658 2426 sustinendo,
1684 2362 1788 2421 boumn

132 2443 161 2501 de
191 2444 314 2502 materia
340 2451 436 2502 cuncta
463 2443 561 2501 fecisse
588 2443 624 2500 ⁵⁹.
652 2444 713 2500 Non
740 2459 805 2518 ergo
827 2443 935 2501 melius
989 2438 1174 2509 pronuntiavit
1200 2441 1235 2508 ⁵⁵,
1272 2442 1370 2498 malum
1401 2458 1451 2516 pro
1480 2444 1552 2504 bono
1580 2448 1740 2509 sustinendo
1759 2462 1787 2510 et

131 2533 285 2600 munisset
306 2535 383 2592 neus
415 2533 484 2590 nihil
520 2533 633 2591 omnino
661 2531 823 2599 faciendum,
852 2548 934 2606 quam
988 2542 1042 2584 non
1056 2526 1146 2600 potius
1160 2529 1329 2599 eradicando,
1341 2543 1461 2590 assertor
1476 2535 1535 2605 ejus
1550 2535 1675 2595 inuentus
1688 2548 1731 2597 est
1741 2542 1784 2597 ⁵⁵:

130 2622 351 2694 penninarum
365 2621 688 2694 laniendnm‚etqnidem
703 2622 737 2679 dc
752 2621 845 2680 mato?
921 2697 922 2700 Ἴ
989 2616 1066 2684 rnale,
1086 2617 1109 2674 si
1137 2633 1186 2690 per
1208 2618 1383 2693 uoluntatem,
1400 2621 1521 2693 turpiter,
1546 2625 1569 2680 si
1595 2640 1642 2696 per
1666 2629 1782 2687 necessi-

449 2712 565 2770 CAPUl'
584 2712 621 2769 X.
988 2711 1079 2764 tatem.
1104 2709 1159 2767 dut
1177 2707 1295 2768 lemnius
1318 2711 1369 2768 erit
1390 2711 1455 2767 mali
1487 2713 1568 2781 Deus,
1593 2722 1638 2770 aut
1663 2717 1782 2788 amicus3

158 2803 272 2872 Nonne,
303 2800 411 2860 etiamsi
440 2802 551 2860 materia
586 2801 689 2876 optima
717 2800 826 2872 luisset,
855 2815 932 2876 oeque
987 2811 1048 2852 eum
1064 2797 1182 2856 materiae
1201 2798 1270 2856 malo
1292 2811 1464 2859 conversatur
1478 2800 1512 2867 ⁵⁵,
1535 2800 1632 2860 nedum
1648 2805 1729 2863 etiam
1752 2808 1786 2864 dc

130 2893 289 2953 islanorum
302 2891 561 2961 sibiexisdmasser,
577 2890 611 2948 dc
625 2890 725 2959 alieno,
746 2890 811 2948 licet
834 2890 932 2946 bono?
948 2901 970 2982 c
985 2885 1057 2942 malo
1074 2887 1133 2957 ejus
1147 2896 1285 2959 operatus.

134 2982 212 3040 larue
238 2983 319 3050 satis,
344 2981 367 3038 si
391 2981 428 3038 ita
456 2982 481 3021 ⁵⁰
505 2980 600 3053 gloria
628 2996 686 3038 suae
713 2995 793 3038 causa
820 2978 931 3037 molitus
1292 2974 1404 3033 CAPUT
1423 2976 1471 3033 xl.

137 3077 177 3126 est
200 3070 343 3138 mnndum,
378 3080 408 3125 ut
431 3069 580 3127 debitorem
600 3084 628 3125 se
655 3067 749 3125 alienae
773 3066 930 3125 substantiae
1019 3064 1054 3121 Et
1072 3072 1161 3121 minen
1184 3064 1256 3121 unde
1280 3065 1358 3121 nobis
1385 3067 1409 3104 ⁵⁵
1428 3068 1574 3137 persuadet
1597 3069 1783 3145 Hermogenes

138 3157 302 3223 meret,
318 3157 474 3230 etquidem
496 3172 550 3213 non
566 3157 654 3214 bonae.
673 3156 757 3229 Ergo,
785 3156 881 3228 inquit,
897 3171 930 3212 ex
984 3153 1083 3209 malam
1101 3169 1163 3211 esse
1175 3152 1317 3210 materiam
1333 3154 1415 3224 (26)ι
1429 3155 1490 3211 Non
1510 3156 1582 3213 enim
1606 3159 1705 3229 poterit
1727 3177 1782 3218 non

134 3244 221 3303 uibilo
234 3244 340 3315 lower,
366 3255 397 3304 nt
411 3247 482 3302 mala
504 3259 615 3318 quoque
628 3244 741 3303 arbitrio
762 3245 823 3316 ejus
838 3244 930 3316 impu·
984 3241 1067 3300 202
1089 3242 1191 3299 malum
1213 3241 1304 3299 dicere
1317 3242 1361 3298 cui
1379 3243 1479 3298 malum
1494 3244 1632 3300 adscribit.
1648 3247 1716 3302 Nam
1731 3249 1780 3304 de·

134 3335 275 3394 urentmt
288 3337 397 3412 Hagno,
413 3332 501 3394 2⁰8
518 3336 590 3393 bona
600 3335 653 3392 lide
668 3334 736 3408 (23),
751 3333 859 3394 caecitas
873 3335 929 3391 bre·
983 3331 1091 3389 linimus
1105 3331 1312 3388 diminutionem
1326 3330 1351 3370 ⁵⁵
1364 3339 1391 3388 et
1405 3330 1601 3403 subjectionem
1617 3348 1711 3406 capere
1726 3351 1781 3393 non

134 3424 274 3483 raticornn
288 3440 341 3499 pro
356 3425 510 3496 hujusmodi
528 3424 772 3498 argumentatione,
788 3440 850 3482 rum
866 3424 929 3483 ideo
983 3436 1066 3493 possa
1079 3419 1152 3494 qnod
1171 3420 1207 3478 sit
1220 3429 1349 3478 aeternum
1362 3420 1398 3487 ⁵⁹,
1414 3426 1444 3476 ut
1458 3419 1505 3476 alii
1517 3429 1652 3480 conterno
1667 3421 1781 3482 interius

135 3521 172 3570 tut
190 3513 277 3572 alium
306 3514 393 3570 Deam
415 3516 516 3571 bonum
531 3523 558 3571 et
581 3516 713 3588 optimum
728 3517 822 3573 volunt
842 3514 926 3582 cradi,
982 3511 1134 3582 deputemur.
1151 3509 1190 3565 lta
1203 3517 1230 3566 et
1246 3525 1318 3566 nunc
1338 3525 1389 3566 nec
1411 3509 1512 3566 malum
1536 3510 1653 3569 dicimus
1667 3526 1780 3585 compa-

138 3601 192 3672 pis
216 3601 285 3659 mati
315 3609 453 3660 auctorem
487 3602 642 3661 existiment
679 3603 854 3674 Creatorem,
881 3610 928 3660 aut
982 3607 1040 3657 tere
1054 3598 1101 3666 illi,
1116 3598 1179 3671 quia
1194 3614 1245 3655 nec
1258 3598 1357 3669 subjici
1371 3614 1404 3656 ex
1423 3599 1475 3657 boo
1499 3599 1594 3671 possit,
1610 3601 1683 3673 quod
1703 3600 1780 3659 nullo

820 3746 916 3811 Variae
937 3749 1094 3813 lectiones.

167 3846 188 3887 ⁵⁵
200 3849 262 3909 Non
275 3856 353 3908 esset
380 3852 465 3910 Semi.
483 3849 594 3909 Obortis.
610 3851 671 3907 Non
700 3851 777 3908 abest
790 3853 978 3910 Fronl’cris.
996 3853 1058 3924 Rip.
1078 3850 1197 3908 rectius.
1211 3844 1237 3888 ⁴⁵
1256 3848 1287 3903 ln
1317 3847 1389 3905 bono
1418 3849 1503 3909 Semi.
1533 3851 1641 3911 oberti.
1667 3851 1692 3891 ⁴²
1720 3851 1779 3924 Qus

145 3921 238 3990 ustum,
255 3922 306 3978 Dei
330 3937 384 3979 non
409 3930 450 3980 est
473 3924 560 3980 Semi.
577 3920 688 3981 Obortis.
704 3921 729 3960 ⁴⁰
751 3922 898 3996 Disjrtrtpit
920 3925 1006 3983 libert.
1023 3938 1075 3981 racc
1095 3941 1104 3978 :
1127 3919 1240 3995 approb.
1257 3920 1343 3977 Semi.
1359 3917 1384 3958 ⁵⁹
1405 3919 1523 3980 Fecisset
1548 3926 1635 3981 Fran.
1651 3922 1676 3962 ⁵⁰
1694 3923 1779 3980 Fatua

147 3992 203 4047 satis.
217 3994 314 4065 ltaque
323 3993 412 4051 libert.
441 3993 524 4052 Semi.
558 3993 668 4050 Obortis.
683 3990 778 4062 ;latue'
791 3993 858 4051 satis
886 3995 976 4068 itaqua
997 3995 1065 4051 lan.
1081 3993 1104 4032 ⁵¹
1120 3993 1274 4049 assectator
1302 3991 1419 4050 coro'icit
1437 3993 1505 4050 ton.
1522 3993 1547 4031 ⁵²
1575 3995 1677 4051 Auctor
1691 3996 1775 4066 ejus:

149 4057 241 4120 lacon
259 4065 295 4120 nb
312 4065 380 4121 aliis
406 4067 526 4146 omissa,
542 4063 642 4122 addito
669 4069 739 4122 sant
765 4067 797 4122 ire
831 4067 922 4124 Venct.
945 4069 975 4122 et
991 4080 1057 4122 mss.
1080 4065 1181 4146 licam.
1206 4062 1231 4101 ⁵³
1245 4062 1297 4132 Qui
1311 4009 1388 4146 sodis
1402 4064 1465 4120 ltab.
1482 4064 1570 4131 aton,
1588 4068 1618 4122 et
1633 4070 1697 4141 post
1712 4083 1777 4124 eant

149 4130 215 4191 Serti.
232 4135 345 4192 oberto.
362 4135 386 4174 ⁵⁵
400 4136 583 4193 Pronuntiavit
596 4152 702 4195 omnes.
728 4138 832 4195 lanios
851 4135 1010 4195 euidentior
1025 4150 1083 4193 esse
1098 4135 1168 4190 dicit
1184 4153 1193 4190 .·
1207 4141 1406 4205 praenuntiavit.
1422 4135 1446 4173 ⁵⁵
1463 4136 1577 4194 dommo
1590 4137 1724 4208 pingitur
1747 4139 1778 4194 in

150 4200 215 4283 Sami.
231 4206 256 4246 ⁵⁵
269 4207 450 4263 conversatus
466 4208 552 4266 Semi.
569 4207 592 4246 ⁵⁵
608 4208 687 4265 Unde
705 4208 784 4266 nobis
797 4209 811 4265 t
825 4225 921 4268 ornnes
935 4207 1042 4266 rectius
1055 4222 1141 4278 qaam
1156 4204 1241 4261 Sonti.
1258 4205 1306 4278 qni
1322 4203 1405 4263 babet
1422 4226 1431 4263 :
1447 4221 1500 4262 nou
1523 4209 1557 4264 dc
1579 4207 1667 4264 nobis.
1685 4206 1710 4244 ⁵⁵
1724 4207 1779 4265 De·

149 4268 476 4403 besmedeminutionem
489 4280 557 4338 deta.
574 4278 600 4319 ⁵⁹
613 4280 705 4352 Posse,
719 4279 791 4353 quod
806 4280 840 4338 sit
853 4290 985 4338 aeternum
998 4293 1094 4337 omnes
1108 4279 1215 4349 praeter
1231 4274 1316 4332 sent.
1333 4280 1361 4332 et
1379 4277 1487 4337 oberto.
1503 4280 1555 4352 qtte'
1570 4279 1668 4354 legant
1680 4297 1689 4335 .·
1703 4279 1779 4352 quod

148 4357 181 4401 ιι
218 4357 281 4406 erit.

826 4445 1077 4513 Commentarius.

170 4549 275 4634 (mm
298 4549 359 4611 ideo
376 4553 516 4636 precario,
546 4569 604 4611 non
628 4552 761 4613 dominio.
791 4551 925 4638 l’recariq
943 4567 996 4646 n«
1017 4554 1077 4636 Non
1097 4547 1257 4633 repuenavit
1284 4546 1338 4617 ille,
1361 4546 1408 4601 sed
1433 4554 1574 4623 postquam
1598 4553 1701 4625 optima
1724 4553 1779 4610 fide

144 4617 263 4690 donmro,
277 4635 317 4692 vr,
343 4639 450 4681 sumere
476 4622 576 4693 ahena,
600 4626 685 4682 verba
708 4632 770 4679 sunt
788 4639 927 4695 pnrrseon·
984 4632 1075 4695 partiti
1088 4594 1228 4678 manubias
1243 4634 1371 4675 sumusa·
1389 4617 1491 4701 Lnl’n.

143 4691 218 4752 seritis.
242 4692 345 4767 legum
363 4701 453 4752 antem
479 4695 600 4752 civilium
622 4694 746 4767 peritiam
772 4693 799 4750 in
822 4695 928 4753 Tertul-
1017 4695 1073 4765 (tt)
1091 4696 1149 4752 Soc
1162 4693 1324 4765 injectione.
1340 4688 1500 4763 Objeotrone
1513 4705 1562 4749 sen
1575 4700 1736 4766 argumento
1750 4694 1778 4748 in

141 4758 201 4820 limo
210 4781 388 4839 permagnam
401 4765 496 4838 luisse,
509 4781 564 4824 non
577 4767 622 4826 bic
633 4776 736 4825 tantum
748 4765 826 4824 locus
837 4775 928 4826 osten·
982 4769 1145 4824 eontrarium
1160 4769 1294 4821 contorto.
1309 4763 1349 4819 ln
1365 4763 1412 4820 Pn.

139 4831 178 4894 Μ·
192 4834 288 4893 ΗΕΚΝ·
1018 4837 1076 4910 (25)
1100 4836 1152 4894 Sed
1179 4839 1341 4893 assentator
1362 4834 1444 4892 mali.
1463 4832 1546 4904 Quasi
1574 4840 1704 4901 assertor,
1728 4849 1777 4892 scu

166 4909 220 4979 (22)
236 4909 370 4967 Prccnrio
391 4925 430 4967 ors
448 4909 487 4967 oi.
512 4909 636 4968 Precario
653 4908 758 4980 aliquid
781 4908 839 4966 Heri
864 4909 930 4967 dici·
982 4911 1077 4976 mavis,
1102 4907 1293 4976 dissimulator,
1330 4907 1403 4963 Dens
1440 4905 1541 4963 scilieet
1583 4908 1681 4963 malam
1718 4922 1778 4963 esse

136 4985 189 5042 tar,
216 4995 280 5036 oum
309 4978 436 5051 precibus
468 4990 661 5054 extorquetur,
689 4980 824 5038 interdum
856 4982 929 5038 enim
984 4979 1121 5037 materiam
1149 4994 1210 5035 eum
1242 4982 1440 5052 agnoscentes
1467 4986 1555 5034 mmen
1583 4980 1666 5036 utitur
1694 4979 1778 5052 (quod

133 5047 292 5125 flagitetioni
319 5059 347 5109 et
378 5051 539 5124 unporrunae
573 5051 728 5113 assiduitati
757 5052 927 5124 conceditur,
983 5057 1040 5109 erat
1067 5049 1240 5121 Hermogenis
1267 5050 1375 5131 dogma)
1403 5047 1529 5122 ibiusque
1552 5050 1709 5122 pravitatem
1735 5052 1781 5111 vel

133 5121 202 5195 qnod
216 5121 288 5179 alias
301 5134 455 5196 negaretur.
470 5126 509 5182 Lu
524 5127 571 5182 Pa.
969 5123 1086 5188 astruit,
1103 5123 1144 5178 ael
1159 5121 1255 5177 saltem
1267 5119 1427 5178 dissimulat.
1444 5120 1484 5177 Le
1499 5121 1547 5177 Ρι.

162 5193 223 5267 (23)
236 5195 316 5252 Doroa
334 5195 399 5266 tide.
423 5197 453 5253 Id
480 5203 532 5265 est,
554 5195 645 5256 serio:
667 5196 706 5252 sic
735 5195 877 5253 Petronius
903 5196 928 5252 in
1020 5196 1075 5265 (25)
1104 5193 1205 5250 llotrtm
1224 5208 1281 5250 esso
1300 5192 1472 5250 materiem?
1486 5193 1676 5267 {despondebat
1696 5194 1779 5251 modo

130 5262 222 5339 Saepe.
241 5284 249 5322 s
268 5287 280 5317 ‹
302 5263 436 5324 Sednibil
447 5269 504 5339 jam
520 5282 631 5343 queror,
648 5267 715 5324 nibil
741 5268 795 5322 'arn
819 5267 929 5325 memini
983 5265 1095 5338 objectis
1119 5266 1153 5321 ab
1189 5264 1368 5336 Hermogene,
1398 5272 1523 5336 tanquam
1563 5265 1586 5321 si
1628 5280 1688 5324 rara
1718 5281 1780 5322 esse

130 5334 240 5393 sibona
254 5333 310 5393 fide
332 5339 519 5409 poeniteniam
543 5339 711 5397 emendas.»
734 5285 768 5395 {it
790 5337 844 5394 alio
868 5339 930 5396 loco
983 5338 1142 5396 concederet
1159 5351 1164 5390 :
1182 5334 1225 5393 bic
1239 5350 1305 5393 vero
1328 5337 1356 5390 in
1376 5351 1437 5392 eum
1456 5335 1581 5407 insurgit,
1608 5335 1781 5418 postulatque

129 5415 208 5463 antea
227 5407 410 5466 nimirums«
440 5409 586 5482 Oculisqua
609 5411 681 5467 bona
704 5408 757 5466 lida
786 5410 927 5467 exactis.»
983 5410 1151 5466 demonstret
1169 5407 1688 5479 malamessemateriam,etaquord
1704 5422 1780 5462 sum·

127 5476 285 5551 Aliquando
299 5478 370 5538 Hom
380 5488 423 5538 est
436 5496 467 5537 ac
477 5483 556 5554 jaste
571 5489 598 5537 ct
616 5496 682 5537 eam
701 5482 887 5554 equitotc,'et
901 5480 930 5536 in
983 5483 1076 5554 pserit,
1092 5479 1228 5540 ostendat.
1242 5479 1281 5535 La
1293 5478 1339 5534 Pa.

127 5548 319 5610 bonesensum
330 5554 440 5627 optimo
453 5552 519 5626 fide,
528 5553 626 5612 dicitur
638 5551 719 5611 etiam
734 5569 740 5607 :
757 5551 828 5611 idem
838 5553 907 5612 Petr.
922 5571 929 5607 r
