3840 6134
127 312 163 368 77
700 305 796 365 ttddtt
816 305 860 363 ott
881 304 1207 367 commutationibus.
1744 323 1778 384 78

128 437 156 492 in
182 435 334 490 substantia
356 433 480 504 corporis
504 447 559 486 non
584 431 679 500 fuisso,
700 437 727 486 et
745 433 929 502 phantasmate
944 445 967 524 Α
982 431 1133 486 substantia
1160 434 1249 488 curuis
1275 434 1386 491 fuisse:
1412 437 1484 495 ltunc
1506 457 1649 512 pessuma
1675 446 1778 505 ludaeis

128 533 232 580 tantum
246 522 325 594 qussi
347 537 456 593 passum
476 521 575 588 fuisse:
592 521 817 575 resurrectionem
837 518 926 575 carnis
983 535 1036 573 non
1051 535 1121 588 esse,
1138 522 1185 576 sed
1209 522 1267 578 vice
1280 523 1365 594 ipsius
1388 525 1525 585 Simonem
1538 529 1597 587 88
1619 534 1776 594 crucifixum

129 612 203 666 nullo
225 611 308 666 modo
333 610 451 665 futuram
476 626 544 664 esse.
573 611 671 664 Postea
694 608 825 664 Basilides
845 609 927 661 baere-
980 622 1055 674 esse:
1085 609 1158 665 unde
1187 627 1237 667 nec
1270 611 1297 666 in
1317 629 1378 668 eum
1407 617 1570 673 credendum
1590 637 1649 678 esse
1676 625 1722 695 qui
1740 627 1778 682 sit

129 703 200 758 bens
211 700 303 772 erupit
320 717 326 756 :
345 700 387 752 bie
412 715 472 753 csse
487 699 551 754 dicit
565 714 700 753 summum
717 697 802 752 Deum
817 698 926 752 nomine

127 792 266 855 Abrstan,
290 804 324 842 ex
352 803 407 858 qno
429 796 548 841 utentem
570 794 706 854 creatam,
728 800 810 855 quam
832 783 927 839 Graece

128 894 205 935 sorra
228 876 358 950 appellat.
375 875 441 931 lnde
463 875 592 933 Verbum.
612 876 652 929 Er
669 877 715 930 illo
730 873 926 945 providentiam

127 985 161 1024 ex
184 968 359 1038 prouidentia
382 966 508 1021 virtutem
542 973 569 1020 et
593 964 777 1033 sapientiam:
804 978 836 1018 ex
861 963 928 1033 ipsis

128 1058 191 1112 inde
207 1056 388 1127 principatus,
414 1065 441 1110 et
462 1061 618 1124 potestates,
645 1061 671 1108 et
693 1054 808 1124 angelos
831 1051 926 1118 factos,

127 1146 231 1202 deinde
255 1143 372 1199 infinitas
394 1144 551 1216 angelorum
569 1142 704 1198 editiones
726 1152 753 1196 et
774 1140 924 1211 probolas:

128 1236 161 1290 ab
183 1234 247 1290 istis
268 1232 373 1302 angelis
398 1241 531 1287 trecentos
544 1230 685 1302 sexaginta
699 1229 820 1301 quinque
842 1230 928 1284 coelos

129 1325 281 1387 institutos,
310 1333 337 1378 et
361 1321 494 1377 mundum
521 1322 548 1374 in
577 1323 678 1375 bonore
701 1318 826 1384 Abratae,
852 1319 929 1385 cuius

128 1428 232 1469 nornen
257 1413 327 1467 bunc
353 1411 425 1465 inse
443 1409 565 1465 babebat·
577 1424 718 1464 numerum
732 1415 926 1478 computatum.

129 1506 159 1559 ln
189 1501 293 1557 ultimis
315 1498 422 1572 quidem
450 1498 561 1568 angelis,
586 1498 679 1570 etqui
707 1513 779 1553 nnnc
808 1497 929 1553 fecerunt

128 1590 274 1653 mundum,
301 1587 477 1644 nouissimum
502 1586 578 1658 ponit
599 1585 753 1642 ludaeorum
775 1587 872 1653 Deum,
900 1586 928 1642 id

128 1688 168 1735 cst
205 1679 293 1734 Deum
321 1674 391 1747 legis
427 1683 455 1729 et
488 1677 692 1745 prophetarum:
724 1690 804 1759 quem
842 1675 927 1730 Deum

981 695 1132 760 crucifixus,
1162 715 1196 753 ne
1221 700 1284 772 quis
1303 701 1464 759 confiteatur
1483 706 1508 759 in
1529 706 1666 766 Simonem
1685 715 1776 770 credi-

981 780 1053 837 disse
1082 786 1150 854 (st).
1179 787 1305 856 Martyria
1333 800 1413 864 negat
1446 809 1506 847 csse
1530 795 1661 854 facienda.
1682 800 1776 857 Carnis

981 874 1204 928 resurrectionem
1229 879 1346 947 graviter
1376 881 1525 954 impugnat,
1542 901 1648 958 negans
1661 890 1776 948 saluum

980 961 1139 1031 corporibus
1169 969 1368 1035 repromissam.
1386 969 1460 1024 Alter
1485 971 1510 1010 ⁴³
1530 977 1671 1033 ltaereticus
1694 978 1775 1036 Nico·

981 1049 1039 1103 laus
1053 1051 1175 1123 entersit3
1200 1054 1244 1110 bic
1267 1055 1301 1111 de
1327 1066 1428 1127 septem
1452 1061 1572 1119 diaconis
1595 1065 1664 1136 (33),
1687 1069 1775 1140 quiin

981 1141 1058 1197 Actis
1084 1146 1267 1213 apostolorum
1306 1149 1393 1206 allecti
1432 1162 1504 1217 sunt,
1539 1154 1598 1209 fnit.
1628 1157 1675 1213 ilic
1714 1161 1778 1217 dicit

982 1231 1105 1286 tenebras
1120 1233 1144 1285 in
1170 1237 1385 1305 eoncttpiseoutin
1410 1239 1528 1309 luminis,
1544 1245 1690 1315 etquidem
1705 1247 1776 1303 faeda

981 1325 1009 1371 ct
1030 1318 1158 1386 obscena,
1181 1320 1263 1377 fuisse
1285 1341 1342 1379 :ex
1366 1327 1414 1382 bac
1436 1331 1612 1397 permistione
1633 1335 1722 1405 pudor
1736 1345 1777 1392 est

981 1403 1072 1460 dicere
1086 1423 1147 1477 quae
1162 1406 1255 1464 foetida
1268 1419 1294 1466 et
1309 1413 1446 1469 immunda
1457 1425 1529 1471 sunt.

1018 1503 1116 1559 AEonet
1146 1505 1216 1559 enim
1252 1508 1332 1561 refert
1359 1511 1490 1579 quosdam
1518 1515 1691 1586 turpitudinis
1718 1522 1777 1594 (33)

983 1597 1061 1644 natus
1074 1589 1098 1627 ΙΙ
1113 1590 1180 1660 (dd),
1197 1602 1224 1647 et
1237 1593 1404 1665 complexus,
1415 1603 1441 1651 et
1456 1600 1643 1667 permistiones
1652 1620 1777 1663 exsecra·

983 1678 1059 1744 biles,
1086 1681 1270 1751 obscenasque
1298 1684 1455 1752 conjunctas
1469 1687 1536 1757 (tt),
1553 1695 1578 1743 et
1605 1693 1727 1763 quasdam
1742 1712 1775 1752 ex

130 1775 226 1840 negat,
244 1766 292 1821 sed
319 1763 445 1835 angelum
468 1763 542 1820 dicit.
578 1763 645 1819 lfnic
679 1765 774 1820 sortito
797 1761 1048 1839 obtigisseflipsis
1070 1766 1158 1821 adbuc
1182 1769 1564 1844 turpiora:natospraeterea
1582 1779 1729 1850 daemones,
1749 1797 1777 1841 et

130 1872 227 1913 serum
248 1854 378 1921 Abrabae,
404 1861 485 1924 atque
509 1853 569 1907 ideo
593 1854 665 1909 bunc
684 1851 717 1908 de
731 1861 801 1909 terra
820 1852 930 1926 AEgypti

133 1945 210 2000 filios
223 1943 301 1999 lsrael
331 1942 476 1997 interram
504 1942 630 1997 Cbanaan
664 1943 840 1998 transtulisse.
856 1941 930 1996 Hrtnc

134 2032 356 2089 turbulentiorem
371 2046 427 2101 prae
443 2029 551 2086 caeteris
564 2031 623 2101 (35)
637 2030 752 2103 angelis,
768 2036 849 2101 atque
868 2028 930 2085 ideo

131 2136 160 2178 et
174 2122 322 2178 seditiones
345 2121 501 2192 frequenter
522 2122 547 2158 ⁴²
562 2121 620 2191 (36)
641 2132 668 2176 et
691 2120 759 2175 bella
773 2127 928 2188 concutere,

132 2214 178 2268 sed
207 2220 235 2265 et
263 2211 408 2264 humanum
439 2209 600 2283 sanguinem
632 2207 757 2264 lundene.
794 2208 929 2264 Christum

131 2311 233 2365 sumu,
248 2312 302 2353 non
317 2298 351 2350 ab
368 2298 420 2352 boc
444 2298 490 2369 qui
504 2297 599 2354 fecerit
611 2298 751 2363 mundum,
766 2297 815 2353 sed
829 2298 863 2353 ab
882 2297 929 2354 illo

131 2387 244 2443 Absens
275 2385 386 2440 mimum
417 2384 524 2441 tenisso
566 2385 591 2439 in
625 2386 809 2456 phantasmate
839 2403 846 2438 :
876 2388 933 2442 sine

985 1851 1060 1921 deos,
1077 1863 1104 1908 et
1127 1854 1238 1924 spiritus
1259 1865 1370 1927 septem,
1388 1867 1416 1914 et
1437 1860 1489 1915 alia
1512 1864 1578 1919 satis
1600 1867 1626 1903 ⁴⁵
1648 1870 1777 1943 sacdlega

983 1941 1084 2014 pariter
1108 1952 1135 1996 et
1149 1940 1221 1998 foeda
1241 1962 1248 2000 :
1265 1961 1324 2016 quae
1352 1946 1453 2003 referre
1475 1950 1668 2025 erubescimus,
1683 1959 1777 2027 etjam

984 2027 1161 2101 praeterimus.
1189 2032 1261 2087 Satis
1273 2034 1298 2070 ⁴⁸
1310 2042 1352 2088 est
1380 2035 1457 2090 uobis
1486 2039 1557 2109 quod
1592 2046 1675 2096 totam
1699 2044 1778 2101 istam

984 2118 1106 2173 baeresim
1131 2120 1323 2177 Nicolaitarum
1342 2124 1520 2197 Apocalypsis
1539 2129 1645 2185 Domini
1672 2133 1778 2207 grauis·

983 2208 1051 2262 sima
1065 2208 1204 2263 sententiae
1228 2212 1384 2267 auctoritate
1399 2212 1456 2283 (ta)
1471 2214 1617 2287 damnavit,
1633 2217 1750 2278 dicendo
1769 2242 1778 2281 τ

983 2294 1050 2362 Quia
1065 2295 1115 2352 boc
1127 2305 1211 2364 tenes,
1229 2299 1309 2355 odisti
1334 2302 1485 2358 doctrinam
1500 2303 1693 2366 Nicolaitarum
1709 2313 1779 2386 (ts),

985 2400 1067 2454 qurum
1085 2393 1112 2439 et
1125 2400 1175 2458 ego
1190 2387 1245 2442 odi.
1803 2393 1806 2399 ’

166 2538 191 2575 ⁴²
209 2537 391 2608 Frequentare
404 2538 567 2609 suspicatur
582 2536 698 2593 Sernler.
715 2537 739 2575 ⁴³
752 2457 917 2593 blitffilrtiff.
929 2460 1190 2591 Ιξθὸοἶιιὲιῃὲῑεέωιοιι
1206 2539 1330 2595 obscena.
1348 2539 1450 2596 Omnes
1468 2543 1539 2597 enim
1554 2545 1635 2604 refert
1648 2553 1780 2622 quosdam

132 2608 307 2691 turpitudinis
317 2615 396 2688 notas
410 2607 496 2665 Seml.
510 2608 561 2664 Pro
576 2622 666 2663 aeones
680 2610 724 2666 uel
741 2623 835 2664 omnes
848 2611 940 2665 Latin.
957 2607 1026 2678 tepit
1040 2622 1206 2664 communes.
1222 2610 1247 2647 ⁴³
1261 2610 1332 2667 Setis
1350 2612 1429 2669 tollit
1443 2615 1507 2670 tun.
1522 2615 1548 2654 ‘¹⁶
1560 2616 1590 2672 Si
1614 2620 1692 2676 etiam
1707 2637 1780 2693 prse-

133 2692 258 2745 tertmus,
279 2689 345 2733 satts
360 2683 494 2750 proponet
512 2678 627 2736 Sernler.

832 2750 1079 2818 Commentarius.

167 2833 227 2901 (35)
244 2833 324 2886 Hurtc
341 2830 579 2886 turbulentiorem
591 2835 778 2900 praeceleres.
796 2830 934 2887 lndieulns
984 2836 1057 2883 ortos
1080 2844 1140 2884 esse
1166 2831 1232 2886 deos
1251 2838 1278 2885 et
1305 2833 1415 2905 angelos
1442 2843 1469 2891 et
1497 2836 1647 2894 daemones.
1670 2862 1683 2891 s
1705 2840 1779 2897 Unde

136 2902 318 2971 llieronymi:
339 2923 350 2949 ι
373 2901 421 2955 llic
443 2899 556 2971 angelus
576 2900 748 2972 protervitate
766 2918 814 2957 sua
832 2902 933 2958 exalta·
984 2914 1070 2961 nuder
1102 2901 1206 2956 monuit
1233 2900 1274 2956 vir
1295 2902 1432 2960 eruditiss.
1463 2907 1617 2982 legendum,
1647 2912 1781 2970 «AEones

137 2974 172 3028 tit
185 2989 216 3026 se
232 2987 319 3042 supra
334 2981 447 3028 caeteros
461 2970 582 3043 angelos.
607 2993 617 3020 t
640 2970 703 3025 th.
985 2969 1056 3024 enim
1072 2972 1153 3027 refert
1167 2972 1296 3043 quosdam
1321 2975 1493 3042 turpitudinis
1508 2986 1594 3049 natos,
1612 3002 1625 3032 t
1642 2994 1695 3037 etc.
1715 2983 1778 3042 lare.

171 3046 234 3113 tdb')
260 3045 435 3112 Frequenter.
465 3045 506 3098 Au
534 3043 727 3114 frequentare?
751 3043 873 3101 Ssuttcn.
897 3073 932 3082 —
1021 3042 1079 3110 (td)
1093 3044 1134 3096 lie
1153 3040 1205 3098 boe
1227 3044 1416 3114 permotione,
1436 3050 1528 3119 pudor
1542 3056 1584 3107 est
1604 3052 1695 3109 dicere
1719 3071 1781 3126 quae

145 3114 274 3183 lboqniu
296 3114 442 3167 adverbium
466 3130 526 3168 cum
551 3118 699 3169 concutere
720 3112 931 3169 construendum
946 3094 968 3172 c
984 3111 1097 3180 soednct
1120 3113 1270 3166 iunnuude
1294 3120 1398 3171 suntet
1423 3123 1526 3174 cetere
1541 3122 1779 3191 obscenn,·ornnes

142 3184 220 3238 bret.
248 3181 303 3236 Sed
330 3182 437 3238 fortasse
464 3184 645 3249 scribendum,
676 3187 704 3238 et
724 3185 859 3239 seditione
890 3200 933 3238 res
986 3183 1063 3236 enim
1078 3184 1165 3305 reffert
1179 3181 1315 3253 quosdam
1329 3186 1519 3255 turpitudinis
1533 3196 1626 3255 notos,
1637 3202 1689 3248 etc.
1700 3195 1739 3248 lta
1753 3213 1782 3249 se

133 3259 305 3326 [repuenter
326 3261 352 3308 et
379 3255 447 3310 bello
470 3259 630 3320 concutere,
660 3271 709 3326 pro
737 3259 765 3309 et
791 3254 933 3310 seditiones
988 3253 1067 3307 babet
1087 3268 1101 3306 e
1123 3252 1152 3305 it.
1178 3251 1314 3321 princeps.
1340 3255 1369 3307 ln
1384 3254 1449 3310 edit.
1474 3257 1595 3314 ltlrenani
1618 3261 1665 3314 ult.
1694 3264 1778 3318 Paris.

134 3328 306 3397 frequenter
319 3331 346 3381 et
360 3325 432 3379 belle
446 3330 602 3382 concutere.
621 3328 729 3382 llottrvr.
986 3330 1102 3393 utraque
1116 3331 1143 3376 et
1176 3323 1287 3388 Franci,
1304 3328 1374 3380 sunt
1393 3342 1453 3380 cum
1468 3329 1641 3400 sequentibus
1662 3332 1780 3402 positum

168 3398 229 3466 (37)
250 3397 364 3468 perpure
382 3398 598 3465 confirmeris
621 3397 931 3454 srmonemcredidme,
987 3403 1038 3448 est.
1063 3395 1091 3447 lu
1120 3394 1191 3449 bunc
1215 3406 1303 3449 antem
1327 3396 1437 3452 modurn
1466 3397 1555 3456 locum
1573 3405 1780 3469 representavit

136 3467 214 3522 Forte
228 3467 427 3536 reponendum.
448 3469 605 3524 conficiatur
619 3468 646 3522 lt.
663 3484 688 3523 e.
704 3469 864 3539 enituntur,
881 3467 931 3531 vel,
988 3463 1140 3533 Rigaltius:
1163 3485 1175 3514 a
1196 3464 1235 3520 Ex
1256 3469 1304 3521 bac
1326 3467 1500 3539 permistione
1524 3472 1612 3543 pudor
1632 3482 1673 3528 est
1690 3474 1780 3532 dicere

135 3538 335 3594 muctudelur.
351 3540 458 3593 bourn.
987 3549 1048 3604 quae
1071 3535 1144 3590 tera
1164 3544 1191 3590 et
1210 3536 1346 3592 immunda
1370 3545 1441 3593 ειιιιῑ.
1467 3541 1594 3596 floruines
1611 3544 1681 3601 euim
1696 3547 1780 3602 refert

170 3610 230 3678 (38)
246 3611 295 3665 llic
311 3608 458 3680 deseptern
476 3609 611 3666 diaconis.
622 3608 811 3664 Nicolaitnrum
826 3607 933 3664 baeresis
987 3605 1118 3675 quosdam
1148 3607 1318 3675 turpitudinis
1346 3619 1431 3664 natos.
1459 3628 1471 3660 r
1500 3611 1566 3667 Cum
1594 3630 1658 3670 vero
1690 3617 1780 3673 omnia

137 3680 179 3734 bie
202 3681 356 3750 attingitur,
372 3680 450 3748 cnjus
473 3680 634 3751 praecipuum
660 3680 760 3751 dogma
773 3689 838 3743 erat,
860 3678 933 3749 quod
987 3676 1045 3730 baec
1058 3684 1084 3729 et
1100 3677 1174 3746 plura
1201 3690 1356 3748 postvooes
1370 3697 1406 3736 ere
1430 3679 1482 3737 bec
1497 3686 1681 3754 permistione
1695 3703 1780 3758 usque

139 3751 338 3805 matrimonium
364 3751 514 3806 institutum
535 3758 693 3805 essetmere
709 3753 865 3817 humanum,
882 3764 933 3803 neo
987 3745 1021 3800 ad
1050 3745 1122 3809 illas,
1151 3752 1234 3806 natos
1270 3754 1408 3822 pretereo
1431 3752 1580 3820 demones,
1606 3760 1781 3838 :repertantur

139 3823 317 3877 conscientias
348 3822 490 3885 obliaaret,
519 3831 598 3895 atque
638 3821 718 3877 etiam
751 3821 823 3892 qnod
861 3820 934 3875 vesci
988 3816 1116 3872 collocata
1140 3820 1294 3886 vicinantur,
1321 3828 1404 3875 tutum
1435 3823 1522 3879 locum
1545 3829 1623 3883 velim
1645 3829 1780 3885 iteretin·

141 3892 233 3946 liceret
247 3892 425 3949 immolatitiis
451 3897 577 3948 sinendo
601 3891 767 3947 discrimine.
784 3891 822 3945 lili
843 3899 933 3946 aulem
1006 3904 1062 3956 ere,
1088 3897 1169 3960 atque
1191 3890 1389 3966 distinguere:
1426 3915 1439 3941 ι
1460 3895 1501 3949 Ex
1530 3898 1578 3953 bac
1605 3899 1780 3968 permistione

140 3963 257 4019 baeretici
281 3962 473 4034 significantur
486 3966 544 4022 Aet.
570 3977 621 4032 xx,
637 3964 679 4017 bis
694 3963 791 4024 urbis,
806 3964 935 4022 λαλοῦντες
988 3903 1086 4031 (ρυόοι
1100 3968 1140 4013 est
1163 3961 1260 4026 dicere,
1285 3978 1346 4034 qnae
1368 3963 1439 4018 fode
1461 3973 1488 4021 et
1501 3965 1646 4024 immunda.
1671 3971 1741 4027 sunt
1755 3979 1782 4028 et

139 4037 326 4106 διεστραμμένα.
375 4038 518 4093 ductorem
553 4034 635 4102 huius
675 4035 808 4106 dogmatis
836 4034 934 4089 faciunt
988 4032 1234 4110 caetera'obseenm
1259 4049 1337 4088 omne
1361 4035 1431 4088 cuim
1456 4035 1537 4092 refert
1565 4043 1694 4112 quasdam
1719 4051 1779 4098 tur-

140 4105 391 4170 llicolaum,unum
419 4123 434 4161 e
462 4116 565 4177 septem
594 4104 723 4172 diaconis,
753 4105 936 4160 Tertullianus
983 4100 1118 4171 pitudints
1155 4112 1240 4165 notus.
1274 4113 1300 4158 ot
1335 4107 1499 4176 complexus,
1529 4118 1556 4165 ct
1591 4113 1781 4181 pennistiones

139 4177 191 4231 boc
225 4176 253 4229 in
273 4176 342 4238 loco,
371 4187 481 4232 sanctus
515 4178 609 4247 lipipb.
636 4179 699 4231 baur.
731 4179 778 4244 253
812 4175 935 4230 Clemens
989 4170 1177 4238 exsecrabiles,
1215 4174 1399 4246 obscenasque
1439 4180 1598 4248 conjunctas
1642 4182 1705 4253 (hoc
1740 4192 1782 4241 est

140 4248 217 4302 blcx.
234 4248 368 4304 Stromot.
382 4264 403 4302 ιι
417 4257 443 4301 et
458 4262 487 4302 ιιι
497 4265 505 4312 ς
516 4255 623 4302 sanetus
638 4247 827 4318 Hieronymus,
842 4249 932 4318 Epist.
951 4268 974 4345 ὓ
988 4240 1213 4314 conjunctiones),
1231 4254 1257 4299 et
1276 4252 1400 4318 quaedam
1416 4263 1451 4302 ex
1469 4250 1534 4319 ipsis
1548 4252 1634 4308 adbuc
1649 4255 1781 4327 turpiora,

140 4318 172 4374 de
188 4319 322 4386 Fabiano,
333 4332 358 4374 et
372 4320 408 4374 nd
423 4320 643 4390 Ctesiphontem:
659 4318 797 4383 Eusebius,
813 4317 861 4372 lib.
883 4332 933 4385 ιιι;
989 4324 1066 4368 natos
1087 4321 1214 4382 praeterea
1230 4315 1364 4372 daemones
1389 4325 1415 4373 et
1441 4318 1516 4390 deos,
1538 4341 1550 4372 s
1567 4333 1619 4378 etc.
1643 4326 1700 4383 Hoc
1715 4326 1780 4381 mibi

141 4389 296 4444 Plrilastrius
320 4391 476 4455 Brisiensis,
500 4391 546 4444 bb.
563 4389 596 4445 de
620 4391 710 4456 licen:
739 4389 933 4453 Tltcodoretus,
988 4383 1098 4456 quidem
1112 4384 1208 4465 pilitri-
1223 4385 1275 4466 §cd
1292 4387 1435 4458 sigardus,
1450 4391 1494 4463 (1¹¹5
1510 4390 1569 4462 ipsc
1585 4394 1710 4455 homines
1733 4413 1783 4468 pro

143 4462 241 4517 tieret.
271 4462 335 4516 Feb.
353 4461 400 4517 lib.
424 4477 470 4527 ιιι;
486 4465 611 4530 August,
629 4462 693 4514 baer.
718 4462 743 4525 5,
761 4459 842 4514 etalii
857 4459 935 4513 innu-
989 4471 1085 4512 omnes
1100 4462 1197 4524 posuit,
1221 4471 1249 4508 tn
1265 4458 1335 4511 notis
1349 4462 1405 4515 suis
1430 4461 1518 4531 rct'ert,
1537 4466 1677 4523 monui-se
1695 4469 1782 4523 vitum

143 4532 218 4586 oneri.
235 4532 301 4587 Post
314 4542 413 4587 tantam
427 4547 491 4586 vero
514 4540 666 4586 sanctorum
690 4530 797 4584 Parrum
819 4545 935 4584 consen·
989 4525 1208 4607 eruditissimum,
1240 4528 1384 4598 legendum
1405 4546 1504 4596 aeones,
1530 4544 1639 4614 propter
1662 4538 1782 4609 Epipha-

142 4602 244 4656 sionen
267 4604 318 4659 bac
338 4604 366 4657 in
395 4604 515 4666 materia,
539 4600 630 4656 nescio
649 4618 681 4655 au
696 4600 838 4655 dubitandi
862 4601 937 4655 locus
991 4613 1063 4650 mum
1097 4614 1123 4650 tn
1146 4596 1245 4652 llaercs.
1275 4598 1397 4653 Scribere
1419 4607 1506 4655 autem
1528 4613 1646 4670 iusserat
1675 4605 1784 4658 Latinus

142 4688 287 4742 sept-resse
312 4674 411 4744 possit;
440 4673 501 4727 facit
525 4683 613 4728 tamen
635 4679 743 4728 sanetus
762 4672 881 4746 lgnmius
910 4680 938 4725 ut
991 4665 1120 4731 Latinius,
1136 4685 1298 4726 corninuncs
1310 4685 1356 4735 pro
1371 4686 1476 4732 ornnes,
1489 4672 1561 4742 quod
1574 4676 1782 4742 probatlunius.

143 4744 183 4798 bic
212 4744 313 4798 dubius
351 4748 478 4808 ltaeream,
507 4745 671 4815 credantque
703 4752 839 4798 auctorem
867 4742 939 4797 illius
992 4739 1074 4792 flecte
1089 4748 1205 4807 praestit,
1231 4740 1365 4812 quosdam
1385 4742 1575 4813 turpitudinis
1592 4750 1686 4815 notus,
1700 4746 1785 4803 editio

142 4823 223 4869 seetae
238 4815 354 4869 fortasse
370 4832 421 4871 non
437 4816 520 4871 fuisse
534 4816 673 4871 Nicolaum
688 4816 840 4879 diaconum.
856 4813 937 4886 lgna·
993 4808 1125 4870 italensis.
1140 4811 1185 4863 sed
1201 4813 1271 4866 uude
1285 4819 1434 4882 acceptum.
1451 4813 1552 4869 nescio.
1566 4814 1674 4877 Rouru.

142 4887 192 4940 tius
221 4886 306 4951 enim,
332 4889 420 4958 Epist.
444 4887 480 4943 nd
502 4887 657 4942 fruitiones
672 4906 680 4940 :
695 4886 802 4957 ψεὺγετε
829 4886 869 4937 nul
888 4886 942 4943 reb:
1029 4879 1087 4949 (tt)
1103 4879 1286 4954 obscenosque
1300 4885 1478 4954 conjunctos.
1491 4884 1786 4960 Honesteonjunciio.

142 4956 442 5026 ΙιαοάρουςΝαολαΐτας,
458 4957 714 5028 robrdrnousbpnus:
733 4975 745 5007 u
763 4957 941 5028 Fugitequo-
995 4966 1053 5004 nes.
1084 4951 1268 5030 ,Hieronymus
1300 4956 1428 5010 adversus
1464 4955 1549 5012 Lucil.
1587 4960 1621 5016 de
1650 4962 1702 5017 boe
1728 4963 1788 5033 ipso

160 5044 193 5082 ue
216 5029 340 5100 impuros
354 5029 498 5085 Nicolaitae
512 5028 607 5084 falsum
623 5043 719 5083 nomen
738 5035 939 5098 usurpantes.»
996 5021 1123 5076 baercttco
1143 5038 1150 5075 :
1171 5045 1181 5072 ι
1203 5025 1252 5079 Die
1269 5037 1405 5097 noctuque
1424 5027 1533 5099 nuptias
1555 5027 1668 5098 iaciens.
1688 5033 1788 5090 01³⁵&-

142 5047 218 5153 idda
250 5105 396 5170 plerosque
427 5101 532 5154 illorum
558 5103 665 5156 Petrum
687 5098 841 5154 dubitanter
871 5096 944 5169 loqui
997 5103 1101 5172 noset
1126 5094 1220 5150 auditu
1249 5111 1358 5167 quotue
1379 5097 1577 5158 erubescendos
1602 5105 1689 5162 coitus
1714 5119 1789 5161 som·

142 5171 173 5224 de
194 5169 311 5227 Nicolao
335 5170 391 5237 illo,
416 5171 442 5224 in
467 5186 548 5239 quem
579 5171 657 5226 facile
680 5169 732 5225 fuit
755 5169 818 5225 illud
844 5169 944 5238 rejice·
997 5171 1088 5217 ntavrt.
1106 5182 1118 5212 ι
1136 5163 1198 5218 ltin.

143 5256 181 5366 ἱρ,
196 5248 311 5366 witer
335 5243 397 5297 ritae
424 5241 519 5297 sordes
550 5250 576 5297 et
601 5257 692 5298 mores
718 5241 945 5312 corruptissimos.
1035 5236 1092 5305 (td)
1110 5234 1280 5292 Grauissima
1294 5240 1638 5305 sententioeattctoritute.
1654 5247 1695 5304 dn
1710 5260 1792 5320 repo·

161 5326 178 5366 rr
248 5357 255 5369 .

177 5385 237 5455 (39)
261 5385 363 5441 AEones
384 5384 461 5439 enim
477 5386 566 5455 refert
589 5383 723 5455 quosdam
747 5382 947 5456 turpitudinis.
1036 5377 1095 5458 (bb)
1147 5379 1195 5433 uin
1227 5378 1276 5435 boe
1299 5384 1385 5447 tenes,
1413 5383 1499 5439 odisti
1519 5383 1679 5444 doctrinam
1704 5385 1794 5442 nent.

146 5452 323 5528 liuthardus,
354 5456 400 5508 Καὶ
424 5454 450 5508 ἔκ
463 5456 548 5508 τούτου
574 5461 617 5508 τοῦ
632 5453 717 5515 aibat:
736 5459 777 5507 rii:
792 5454 896 5528 αἰσχροῦ
908 5452 950 5506 ttul
1003 5447 1139 5502 laurentus
1167 5450 1352 5521 Hieronymi:
1385 5474 1398 5500 a
1419 5455 1437 5507 S
1459 5453 1538 5510 iritus
1565 5468 1654 5513 autem
1686 5464 1798 5512 sanctus

147 5472 187 5591 si:
237 5528 314 5598 ήτρας
343 5527 470 5599 γεγονέναι
498 5529 562 5586 occo:
589 5545 630 5589 τε,
653 5524 694 5577 nal
728 5526 782 5586 rsit:
822 5526 949 5598 ἀγγΙλους,
1004 5517 1127 5572 ltaeresittt
1149 5523 1300 5590 appellans,
1327 5524 1428 5579 licita
1470 5524 1617 5580 Ecclesium
1642 5524 1721 5581 :Sed
1746 5528 1799 5582 hoc

147 5599 183 5647 asi
211 5548 333 5672 impeta:
362 5616 369 5652 z
405 5619 418 5648 ι
447 5598 481 5652 tn
513 5613 545 5652 ex
583 5597 666 5669 bujus
697 5597 784 5652 teonis
820 5597 952 5668 pudendis
1004 5591 1094 5661 babes,
1111 5590 1175 5662 quia
1188 5592 1269 5648 odisti
1284 5592 1353 5648 facta
1365 5592 1568 5653 Nicolaitarum.
1588 5595 1682 5652 altro.

1000 5308 1116 5359 nendum
1126 5309 1322 5445 grauissime?
1339 5312 1450 5368 Ilouru.
