3848 6120
132 329 187 390 815
469 321 693 384 TERTULleNi
712 320 844 382 OPERUM
876 318 960 381 Pras
977 319 1012 379 ll.
1038 347 1075 362 -
1092 315 1206 377 sufflas
1223 315 1245 383 Ι,
1267 314 1439 376 Pullulat.
1728 309 1783 370 uto

133 450 287 524 poenitentia
307 448 410 515 iecerit,
433 463 495 504 curn
518 447 648 519 angelum
675 445 756 504 etiam
785 447 818 500 de
843 442 930 519 figura
979 444 1058 501 etiem
1086 441 1220 499 Christum
1242 440 1270 496 in
1293 457 1373 499 earne
1401 437 1606 499 terrenaiuisse
1629 436 1780 507 coelcstem,

109 566 112 572 ·
134 539 256 597 erratica
275 538 336 595 ovis
355 537 575 608 interpretentur.
600 537 680 593 Teste
695 535 777 606 igitur
795 535 930 606 poeniton·
984 531 1077 590 sieut⁵
1092 537 1155 587 suut
1168 527 1217 603 qui
1231 531 1255 586 ei
1267 529 1453 603 adaequantur.

135 629 173 685 tia
188 627 352 684 institutoris
366 625 417 692 sui,
443 624 569 682 delictum
584 624 635 680 erit
650 623 781 695 mundus,
797 622 931 694 siquidem

135 717 224 775 omnis
246 715 404 790 poenitentia
432 712 564 771 confessio
591 720 634 769 est
657 711 749 769 delicti
770 710 845 784 (46),
871 711 933 784 quia
1293 678 1406 737 CAPUT
1423 679 1473 736 IX·

136 793 227 864 locum
243 822 297 863 non
313 806 393 862 habet
421 803 473 860 nisi
498 804 525 858 iu
547 802 654 858 delicto.
678 801 709 859 Si
733 803 849 858 mundus
864 800 932 858 deli·
1020 803 1216 862 Praetendimus
1229 804 1329 876 adhuc,
1343 803 1409 860 nihil
1429 804 1500 877 quod
1515 816 1548 857 ex
1566 797 1620 855 alio
1643 801 1779 866 acceptum

136 905 210 954 etum
226 903 267 951 est
280 893 343 966 quia
357 894 382 932 ⁹⁹
405 907 504 965 corpus
524 898 550 948 et
573 890 705 955 membra,
734 889 861 947 delictum
883 889 935 947 erit
988 893 1034 962 sit,
1049 904 1079 951 ut
1098 893 1170 950 aliud
1186 894 1220 949 sit
1233 910 1312 966 quarn
1334 892 1361 948 id
1382 893 1414 949 de
1437 905 1491 965 quo
1510 890 1545 945 sit
1564 894 1721 960 acceptum,
1748 882 1780 940 ἰιι

136 984 250 1057 proinde
263 983 289 1024 ⁹⁹
307 992 334 1040 et
351 981 460 1047 coelum,
476 987 503 1037 et
517 979 636 1036 eoelestia
651 995 711 1036 oum
726 980 807 1036 coelo.
831 979 859 1035 Si
877 995 935 1037 coe·
989 980 1069 1040 111
1087 981 1161 1039 aliud
1176 982 1257 1041 ⁹esse
1269 983 1292 1051 ¹,
1303 990 1397 1039 utnon
1410 979 1559 1055 suggerat⁸
1572 979 1645 1035 uude
1660 978 1698 1034 sit
1709 993 1780 1037 aece-

136 1073 215 1131 lestie
228 1072 263 1141 ⁹¹,
280 1080 307 1129 et
324 1069 457 1142 quidquid
471 1069 533 1125 iude
555 1076 716 1143 conceptum
742 1068 934 1140 prolatumque
987 1081 1073 1145 ptum.
1088 1071 1184 1131 Omnis
1197 1072 1308 1130 materia
1328 1072 1387 1128 sina
1407 1069 1562 1127 testimonio
1586 1067 1704 1142 originis
1729 1084 1778 1125 soa

138 1169 188 1230 est,
209 1161 280 1217 mala
299 1160 380 1215 arbor
398 1158 484 1215 malos
501 1155 586 1214 110
606 1156 711 1214 fructus
733 1159 795 1213 edat
823 1170 935 1214 neccsse
988 1178 1044 1218 non
1069 1169 1119 1230 est,
1147 1161 1196 1216 etsi
1222 1162 1373 1217 demutetur
1399 1158 1427 1215 in
1448 1174 1546 1215 notam
1578 1156 1779 1232 proprietatem.

140 1263 182 1310 est
199 1251 311 1324 (dalet.
328 1247 400 1321 viu).
418 1248 487 1304 Caro
505 1246 588 1319 igilur
607 1247 707 1304 Christi
722 1247 756 1304 de
781 1247 936 1304 caelestibus
989 1250 1080 1323 Ipsum
1093 1257 1164 1308 certe
1178 1249 1298 1322 corpus⁹
1316 1255 1446 1318 nostrum,
1471 1247 1543 1320 quod
1557 1247 1592 1302 de
1607 1245 1676 1301 limo
1690 1244 1780 1320 figula·

140 1349 254 1411 structo,
269 1340 303 1395 de
315 1338 415 1409 peceati
429 1335 549 1393 constitit
557 1336 583 1375 99
593 1337 742 1402 elementis,
754 1337 891 1411 peccatrix
902 1336 936 1393 de
990 1346 1047 1395 tum
1070 1338 1093 1378 ¹⁰
1111 1338 1194 1396 etiam
1223 1339 1244 1378 ¹¹
1264 1338 1298 1394 ad
1326 1338 1429 1395 fabulas
1451 1336 1589 1393 nationum
1604 1335 1666 1409 (17)
1689 1334 1781 1392 veritas

141 1428 291 1502 peccatorio
304 1442 387 1483 censu
405 1425 440 1492 ⁹³,
456 1432 482 1481 et
498 1441 545 1496 par
562 1426 588 1464 ⁹¹
613 1427 672 1496 jam
685 1426 711 1465 ⁹⁵
730 1426 781 1482 crit
794 1428 855 1498 ejus
870 1427 937 1481 sub·
991 1428 1149 1495 transmisit,
1169 1436 1313 1500 utrumque
1336 1426 1449 1501 originis
1472 1423 1636 1484 elementum
1652 1423 1677 1463 ¹²
1699 1420 1779 1480 cond·

141 1518 256 1583 stantia,
286 1516 313 1571 id
339 1521 381 1570 est
407 1521 519 1580 nostrae,
541 1530 621 1588 quam
636 1515 815 1584 peccatricem
832 1514 939 1570 Christo
992 1524 1077 1588 tetur;
1092 1533 1173 1575 carne
1191 1524 1326 1572 terrenum
1353 1517 1395 1585 ¹³3
1416 1512 1556 1586 sauguine,
1585 1526 1723 1584 aquenum
1749 1510 1779 1565 ¹¹.

141 1608 321 1679 dedignantur
343 1603 469 1660 iuducere
491 1602 527 1657 ⁹⁶.
552 1604 591 1658 Ita
609 1604 633 1658 si
648 1602 714 1659 nihil
737 1603 771 1659 de
789 1603 939 1676 ignominie
992 1606 1113 1677 Nam15,
1131 1605 1194 1662 licet
1215 1605 1268 1661 alia
1291 1604 1326 1660 sit
1353 1604 1457 1676 species
1481 1601 1631 1675 qualitatis,
1651 1601 1704 1658 hoo
1734 1607 1779 1666 esi,

140 1696 263 1758 interest,
278 1700 325 1748 aut
338 1692 416 1747 aliam
428 1691 544 1762 purioris
554 1698 625 1747 notae
634 1691 774 1748 materiam
787 1693 940 1766 excogitent
992 1694 1065 1765 quod
1080 1695 1104 1733 ¹⁶
1122 1711 1154 1751 ex
1171 1694 1223 1749 alio
1246 1692 1318 1748 aliud
1338 1692 1377 1760 fn,
1406 1700 1545 1757 caeterum,
1567 1688 1632 1762 quid
1658 1697 1701 1745 est
1722 1702 1782 1743 eau-

142 1784 259 1848 Christo,
276 1780 376 1852 quihus
390 1779 513 1852 displicet
532 1786 635 1849 nostra,
655 1788 701 1836 aul
714 1780 834 1837 eamdem
850 1795 937 1852 agno·
954 1764 976 1841 Β
991 1783 1061 1855 guis,
1077 1799 1158 1854 quam
1172 1781 1272 1838 rubeus
1289 1781 1407 1839 humori
1434 1779 1501 1853 quid
1523 1793 1586 1835 caro
1612 1792 1696 1850 qoam
1720 1784 1784 1832 terra

142 1880 218 1929 scant
231 1872 266 1937 ⁹¹,
282 1886 335 1941 qua
349 1871 428 1926 etiam
447 1869 567 1926 caelestis
586 1868 757 1927 meliorasse
772 1887 826 1927 non
842 1872 938 1942 potuit.
995 1885 1123 1929 conversa
1147 1870 1176 1925 in
1203 1868 1305 1945 figuras
1326 1884 1390 1925 suas
1416 1866 1464 1924 ¹¹?
1493 1865 1642 1923 Considera
1668 1863 1784 1938 singulas

142 1959 270 2033 Legimus
283 1959 364 2030 plane
379 1959 406 2030 (1
417 1959 478 2015 Cor.
490 1957 559 2028 nul:
578 1961 693 2018 Primus
709 1959 788 2019 homo
807 1961 840 2018 de
854 1964 941 2018 terrra
995 1960 1148 2033 qualitales,
1168 1960 1306 2016 musculos
1324 1966 1354 2015 ut
1374 1957 1469 2030 glebas
1487 1955 1553 2030 (18),
1572 1970 1640 2012 ossa
1668 1961 1700 2011 ut
1716 1968 1783 2019 saxa,

143 2051 232 2115 iimo,·
246 2048 388 2105 secundus
404 2047 484 2105 loma
498 2047 531 2106 dc
549 2050 627 2108 coelo.
649 2051 707 2107 Nou
726 2059 813 2106 tamen
828 2049 862 2104 ad
882 2064 942 2104 ma·
995 2049 1073 2106 etiam
1088 2049 1190 2107 circum
1204 2047 1320 2120 papillas
1335 2044 1453 2103 calculos
1461 2043 1591 2118 quosdam
1611 2043 1668 2116 (19)
1680 2060 1689 2111 ;
1702 2039 1784 2114 aspice

141 2138 217 2196 leriae
231 2136 411 2193 differentiam
425 2144 538 2207 spectat,
560 2137 609 2193 sed
623 2145 726 2195 tautum
742 2147 856 2194 terrenae
868 2146 940 2196 retro
994 2154 1138 2197 nervorum
1154 2147 1264 2194 tenaces
1277 2150 1412 2192 connexus
1426 2133 1493 2206 (110),
1522 2143 1551 2189 ut
1576 2131 1704 2188 traduces
1717 2130 1783 2187 radi·

116 2225 299 2283 substantia
317 2224 406 2281 camis
421 2224 500 2296 primi
515 2225 644 2293 hominis,
659 2225 686 2280 id
702 2234 743 2281 est
760 2225 837 2294 Adae,
853 2224 941 2283 coele-
994 2244 1066 2295 cum,
1086 2236 1112 2283 at
1139 2228 1269 2284 uenarum
1288 2238 1410 2281 ramosos
1433 2221 1582 2293 discursus,
1612 2228 1644 2276 ut
1663 2221 1784 2292 ambages

141 2325 209 2372 stem
234 2315 267 2372 de
292 2313 389 2385 spiritu
408 2312 583 2368 substantiam
610 2315 722 2387 opponit
748 2315 861 2371 secundi
888 2316 940 2371 ho·
994 2320 1124 2385 rivorum,
1139 2324 1165 2373 et
1185 2315 1325 2389 lanugines
1339 2320 1502 2377 utmuscos,
1517 2316 1544 2366 et
1569 2325 1678 2366 comam
1692 2316 1723 2364 ut
1747 2323 1784 2365 oe

141 2404 233 2477 minis,
248 2403 276 2458 id
290 2408 331 2459 est
345 2400 453 2458 Christi.
473 2402 507 2456 Et
522 2402 589 2458 adeo
602 2402 635 2457 ad
665 2402 798 2474 spiritum,
828 2419 881 2460 uon
906 2404 941 2460 ad
994 2406 1088 2476 pitem,
1108 2412 1137 2459 et
1159 2404 1234 2475 ipsos
1251 2402 1430 2460 medullarum
1457 2400 1484 2457 in
1510 2400 1603 2456 abdito
1629 2399 1777 2463 thesauros,

45 2568 48 2573 Α
140 2509 261 2557 carnem,
276 2492 417 2547 coelestem
431 2490 569 2547 hominem
589 2490 673 2547 relert
687 2509 695 2547 ε
711 2500 741 2548 ut
759 2507 828 2564 quos
853 2492 892 2550 sie
915 2494 941 2533 99
993 2502 1023 2549 nt
1038 2492 1144 2549 metalla
1161 2491 1258 2547 carnis.
1274 2491 1337 2547 Haec
1364 2488 1455 2547 omnia
1472 2497 1589 2546 terrenae
1617 2487 1733 2562 originis
1748 2485 1782 2542 si·

141 2587 290 2651 comparat,
314 2585 419 2637 constet
442 2578 470 2634 in
501 2579 551 2635 hac
573 2593 653 2636 earne
680 2588 789 2636 terrena
816 2582 941 2640 coelestes
994 2598 1046 2655 gua
1061 2581 1128 2641 elin
1144 2580 1251 2637 Christo
1266 2580 1376 2637 fuerunt
1392 2597 1399 2632 z
1418 2579 1476 2634 haee
1491 2577 1515 2618 ¹⁹
1538 2583 1602 2634 sunt
1626 2593 1690 2651 quae
1715 2575 1781 2632 illum

122 2670 210 2737 ¹fieri,
232 2669 330 2742 spiritu
353 2667 464 2725 seilicet.
494 2665 573 2735 Quod
605 2669 627 2723 si
656 2669 809 2726 seeundum
831 2686 939 2728 earnem
994 2672 1042 2730 Dei
1059 2672 1157 2728 Filium
1182 2669 1313 2737 celavere,
1330 2685 1385 2725 uon
1408 2668 1473 2724 alios
1498 2668 1689 2724 tautummodo
1704 2665 1781 2722 horni-

141 2775 250 2833 quoque
263 2756 381 2815 eoelestis
399 2757 532 2825 Christus,
548 2771 603 2812 uon
622 2767 846 2831 compararentur
860 2759 886 2798 ⁹⁹
899 2758 940 2815 illi
993 2778 1053 2819 nom
1074 2760 1266 2826 existimatum,
1295 2774 1357 2830 qam
1396 2773 1428 2814 ex
1456 2756 1567 2814 humani
1594 2755 1619 2797 ¹⁹
1641 2755 1780 2813 subsanio

140 2865 194 2906 nou
211 2849 220 2886 ¹
234 2847 384 2904 secuudum
397 2860 505 2901 carnem
519 2843 655 2902 coelestes.
672 2846 701 2902 Si
715 2862 780 2922 ergo
791 2847 940 2919 qui²liunt
993 2850 1109 2923 corpori.
1126 2851 1179 2906 dut
1202 2848 1273 2905 edite
1295 2846 1398 2919 aliquid
1414 2845 1442 2902 in
1467 2845 1514 2903 illo
1537 2845 1649 2903 caeleste
1668 2843 1704 2905 de
1720 2844 1779 2917 Sep·

139 2937 275 3002 coelestes,
292 2935 382 3006 qualis
397 2941 424 2988 et
436 2934 449 2973 9
462 2933 594 3004 Christus,
611 2944 742 2991 terrenam
765 2935 854 2993 carnis
868 2937 937 2994 sub·
994 2939 1194 3006 temtrionibos,
1211 2946 1238 2994 et
1266 2933 1344 2993 119
1368 2934 1501 3009 vergiliis
1513 2935 1539 2974 ²⁰
1553 2941 1581 2990 et
1600 2933 1711 2992 Suculis
1731 2933 1778 3008 (51)

60 3108 64 3113 ¹
140 3025 396 3099 stantiamgestant3
413 3023 476 3079 hinc
490 3024 502 3063 ¹
516 3039 625 3096 quoque
643 3022 826 3093 confirmatur,
845 3026 937 3099 ipsum
952 3006 974 3086 ὓ
990 3028 1199 3084 emendicatum.
1215 3025 1283 3081 Nam
1305 3038 1366 3098 qua
1387 3022 1617 3093 enumeravimus,
1645 3021 1714 3080 adeo
1731 3029 1776 3078 ter·

822 3127 919 3190 Variae
941 3131 1095 3191 lectiones.

178 3207 204 3247 ⁹⁹
224 3204 312 3276 Quam
338 3205 396 3313 llig.
423 3203 510 3261 Seml.
543 3205 605 3262 len.
630 3204 656 3243 ⁹⁰
680 3203 793 3261 Perinde
821 3207 880 3278 Rip.
908 3208 971 3265 Vera.
995 3206 1019 3246 ⁹¹
1045 3206 1113 3262 Cum
1134 3203 1213 3260 coelo.
1238 3203 1265 3259 Si
1288 3201 1407 3259 coelestia
1429 3216 1487 3259 nort
1513 3199 1594 3258 tolet
1620 3200 1726 3258 codd
1765 3240 1771 3254 .

145 3280 245 3351 Ligolt.
279 3279 343 3335 Vera.
383 3274 395 3312 ²
421 3274 532 3354 Constet
553 3275 612 3347 Rip.
644 3276 706 3333 l'eo.
729 3276 754 3315 ⁹³
777 3276 863 3332 Sensu
884 3281 951 3335 Por.
976 3278 1104 3351 cupane.
1124 3276 1150 3314 ⁹⁹
1173 3277 1238 3330 Pars
1264 3273 1321 3344 nep.
1349 3275 1411 3331 Vere.
1435 3273 1460 3312 ⁹⁵
1486 3273 1555 3328 lam.
1581 3272 1676 3330 omiti.
1764 3308 1770 3323 .

126 3353 224 3407 ·Pam.
259 3348 284 3387 ⁹⁹
312 3345 435 3403 Christus
471 3345 635 3418 dedignatur
672 3345 782 3402 induere
809 3350 890 3404 Pom.
918 3346 1006 3407 illaec.
1035 3347 1059 3387 ⁹¹
1087 3348 1153 3403 Earn
1180 3351 1344 3420 cognoscant
1378 3347 1457 3401 Pam.
1493 3344 1581 3400 lilaea.
1610 3341 1637 3381 ⁹⁹
1669 3343 1702 3399 iii
1725 3345 1770 3412 aq.

51 3486 58 3495 ,
148 3423 212 3480 Vera.
235 3419 261 3458 ⁹⁹
284 3418 483 3488 Comparantur
506 3417 567 3473 ll'.
595 3417 657 3473 l'cn.
683 3416 693 3456 ¹
717 3419 776 3472 Non
801 3419 879 3476 adest
900 3437 918 3476 a
941 3421 1000 3478 ll‘.
1034 3421 1096 3478 Vsa.
1126 3416 1212 3486 2Οιιί
1237 3416 1355 3473 alcala
1383 3415 1471 3472 dilen.
1495 3417 1580 3470 Fron.
1604 3413 1769 3471 ³132th

142 3493 232 3550 Rieu.
256 3490 269 3528 ¹
292 3489 343 3544 Hic
366 3487 455 3546 dien.
472 3433 557 3544 scioli.
581 3486 711 3544 ⁵1iado.
736 3489 797 3560 llig.
823 3491 887 3547 Veia.
911 3490 1025 3546 6ιιιιιιΙ
1049 3491 1144 3547 omitt.
1164 3489 1250 3545 Semi.
1271 3485 1301 3543 in
1324 3494 1410 3542 totum
1428 3486 1565 3561 proemitt.
1588 3487 1671 3545 Pom.
1699 3485 1768 3543 alat

141 3564 152 3602 9
168 3565 215 3619 Est
228 3560 317 3625 illaec,
336 3561 417 3615 Pom.
437 3560 507 3614 lun.
530 3559 543 3597 9
562 3555 630 3626 Quia
653 3568 780 3686 suggerat
798 3563 864 3643 iao.
890 3570 919 3617 ιιι
937 3568 1065 3633 suggerat
1088 3561 1172 3642 Serrrl.
1196 3559 1239 3614 eui
1257 3573 1311 3640 non
1334 3565 1461 3629 suggerat
1485 3557 1573 3613 Rhea.
1596 3558 1680 3616 Pom.
1698 3554 1769 3612 tuoe

141 3634 206 3690 add.
224 3632 312 3689 illico.
338 3629 424 3687 Serrai.
450 3627 473 3668 ¹⁰
490 3629 538 3684 Est
556 3628 620 3684 add.
639 3629 725 3686 Sem.
747 3630 768 3669 ¹¹
790 3631 824 3686 Ut
840 3649 897 3701 Jam
920 3635 982 3689 Lol.
1008 3632 1032 3671 ¹2
1055 3633 1204 3701 Utriusque
1226 3645 1360 3701 originem
1380 3630 1503 3685 clementi
1528 3629 1588 3701 lita.
1612 3629 1678 3686 len.
1701 3623 1767 3686 sont

129 3703 166 3763 ,¹³
180 3705 289 3758 Terram
312 3701 371 3808 lliq.
401 3701 464 3757 Vere.
488 3702 569 3756 Pam.
596 3699 682 3755 illan.
699 3700 784 3758 Semi.
811 3701 834 3740 ¹¹
853 3703 898 3759 Sic
916 3704 977 3761 cod.
1003 3704 1095 3762 Ursin.
1125 3704 1225 3759 Woaw.
1246 3702 1353 3771 dquam
1375 3701 1433 3772 Rip.
1464 3701 1526 3756 Ven.
1548 3713 1681 3807 aquariam
1704 3702 1766 3756 aas.

142 3773 229 3832 Rieu.
246 3771 332 3829 Semi.
361 3770 455 3823 5Nam
479 3771 572 3826 omitt.
589 3769 676 3826 illico.
692 3774 773 3827 Pom.
795 3774 880 3830 Semi.
898 3775 921 3813 ¹⁹
934 3775 994 3844 Quo
1009 3777 1076 3831 lun.
1098 3772 1121 3812 ¹⁷
1139 3773 1224 3829 Terra
1241 3771 1272 3826 in
1292 3770 1378 3845 figura
1403 3787 1452 3827 sua
1475 3770 1538 3828 alii.
1553 3768 1563 3809 ¹

143 3845 166 3884 rs
180 3845 336 3899 Exstautem
350 3841 470 3895 humana
486 3842 545 3913 dig.
569 3841 631 3899 Van.
646 3856 679 3896 ex
693 3843 808 3898 humana
824 3845 884 3901 cod.
900 3846 1014 3903 Pitheci,
1030 3845 1055 3884 ιο
1068 3843 1187 3919 virgilii,
1207 3844 1293 3902 sm·
1592 3771 1626 3827 lit
1640 3773 1701 3844 fleg.
1718 3769 1766 3827 ln
1785 3834 1801 3881 ὑ

883 3963 913 4006 ιιι
997 3965 1013 4006 a
1081 3993 1088 4006 .

140 4023 293 4103 icioma.
309 4020 354 4074 23.
368 4017 408 4074 De
422 4017 528 4075 mando
546 4017 579 4075 ab
600 4019 649 4079 illo
670 4021 804 4081 instituto
832 3941 881 4079 lfi)0
904 3956 1080 4121 gedulffiist
1104 4019 1193 4092 lapeti
1221 4018 1316 4088 filium,
1342 4020 1388 4092 qui
1416 4018 1544 4077 homines
1558 4017 1680 4090 primaru
1698 4017 1765 4078 elno

140 4094 305 4164 Proescmpt.
325 4105 350 4146 c.
366 4091 402 4146 31
415 4097 442 4145 et
456 4093 500 4145 51.
517 4092 554 4147 llo
569 4106 655 4148 carne
682 4093 798 4148 hominis
824 4094 936 4166 proinde
990 4093 1124 4151 formavit.
1140 4096 1180 4151 De
1193 4092 1245 4149 hoc
1259 4092 1355 4164 Satyra
1371 4094 1403 4147 13
1423 4089 1571 4148 luvenalis.
1597 4090 1681 4149 orio.
1701 4090 1741 4149 lio.
1758 4086 1765 4141 1

139 4164 283 4222 abeodem
298 4164 457 4244 exstructo,
477 4161 591 4231 insuper
611 4162 656 4220 lib.
666 4163 701 4219 dc
714 4166 827 4221 llesorr.
839 4182 933 4236 carra,
990 4168 1100 4223 lietom.
1118 4166 1211 4221 Horat.
1226 4163 1273 4221 lib.
1289 4179 1299 4219 ι
1312 4164 1405 4221 Cama.
1421 4164 1458 4220 Lu
1474 4162 1520 4220 Pa.

139 4252 164 4292 c.
181 4239 208 4291 5.
224 4238 261 4290 De
279 4234 385 4291 Cltrtsli
396 4233 512 4315 dentque
531 4248 627 4301 carme,
650 4249 703 4290 non
717 4236 752 4290 ab
776 4235 822 4291 illo
838 4238 936 4309 angelo
1023 4238 1081 4308 (48)
1097 4235 1233 4294 Masculus
1243 4240 1277 4292 ut
1289 4234 1395 4307 glebas.
1408 4233 1517 4306 Optima
1529 4233 1670 4291 musculos

138 4315 237 4376 creata,
257 4306 303 4360 sed
320 4322 356 4362 aer
373 4303 530 4360 celestibus
542 4304 679 4362 sideribus
702 4310 827 4374 structo,
841 4316 936 4365 eontra
988 4308 1140 4381 reiglebis3
1156 4322 1217 4361 nam
1232 4306 1301 4361 sicut
1310 4307 1352 4362 hae
1361 4321 1415 4363 uon
1429 4313 1492 4362 suut
1507 4304 1576 4361 adeo
1591 4305 1697 4373 solidae,
1706 4312 1733 4363 ut
1757 4330 1768 4342 ·

137 4377 259 4449 apellem
283 4377 337 4431 late
360 4374 503 4444 disputavit
524 4375 627 4431 Auctor
654 4378 735 4447 hujus
762 4378 832 4449 libri,
856 4386 883 4434 et
905 4384 933 4448 6,
989 4378 1077 4452 pides,
1093 4394 1144 4435 nee
1158 4376 1225 4433 adeo
1244 4376 1335 4446 llurae,
1356 4384 1387 4434 ut
1403 4384 1476 4433 terra
1493 4374 1641 4447 puiuerea;
1665 4380 1702 4434 ita
1719 4390 1767 4432 ιιι·

138 4459 165 4505 et
177 4449 223 4505 lib.
240 4464 272 4531 n.
287 4446 349 4526 cdo.
367 4447 545 4504 Marcionem.
568 4445 706 4529 Consentit
727 4449 754 4531 in
777 4449 820 4504 his
843 4451 933 4506 omni·
988 4451 1054 4507 sculi
1070 4450 1190 4506 medium
1205 4457 1247 4505 est
1261 4448 1331 4506 iuter
1345 4447 1531 4528 ligamentum,
1569 4447 1768 4515 uoddurau,el

137 4519 373 4594 husEprphanrus,
392 4527 572 4589 praeterquam
586 4519 658 4588 quod
672 4518 829 4578 interrorem
851 4521 934 4578 deum
988 4537 1109 4592 nervum,
1125 4520 1171 4592 qui
1189 4519 1303 4586 mollior,
1324 4524 1352 4574 ut
1374 4517 1502 4591 expandit
1522 4464 1644 4576 ederus
1656 4514 1769 4577 limais

137 4597 286 4674 nuncupet,
298 4604 377 4660 quem
398 4587 501 4643 Auctor
524 4590 659 4670 anqelam
684 4591 798 4662 igneam
814 4612 824 4648 .·
851 4609 934 4666 quem
987 4608 1041 4650 asu
1052 4596 1130 4666 part.
1142 4599 1169 4647 et
1185 4589 1306 4647 Vesalius
1316 4590 1363 4648 lib.
1377 4605 1397 4645 ιι
1407 4590 1441 4646 da
1457 4590 1769 4663 Corporisltumonih·

135 4659 735 4789 li⁹ilr⁹ll⁵l⁰¹aliisallis.'‘s'’
749 4664 934 4793 {tillia
985 4663 1084 4791 itu
1099 4655 1769 4802 aulierllillnlliiiet31:¹⁸⁹*

135 4804 279 4885 Gratianus
294 4800 322 4855 in
340 4802 469 4883 dololoqo
494 4800 620 4873 ltoerrlt'c.
644 4773 702 4860 lioc
718 4805 855 4874 peculiare
874 4808 934 4863 du·
1021 4777 1193 4877 (dlll'dliom
1213 4805 1322 4862 dream
1343 4803 1466 4885 papillas
1487 4803 1613 4862 mentm
1640 4804 1769 4878 qeoodm

134 4882 214 4940 ctorr,
230 4871 302 4946 quod
317 4871 351 4952 de
374 4873 544 4952 poentientia
563 4874 659 4944 angeli
674 4879 809 4934 creatoris
821 4880 876 4948 jam
890 4879 931 4936 di·
985 4875 1255 4948 dttreclatapapilla‚
1274 4875 1310 4930 Se
1331 4880 1421 4930 umius
1438 4872 1574 4947 grumulis
1595 4873 1770 4947 glandium

133 4952 207 5001 ctum
222 4954 280 5014 est,
308 4949 428 5024 srcutrct
451 4942 527 5022 illud,
553 4943 626 5014 quod
653 4948 775 5019 figuram
798 4950 932 5007 erraticae
984 4947 1149 5004 duriusculis
1162 4946 1267 5020 impleri
1285 4893 1337 5001 sigi
1351 4961 1462 5001 manum
1475 4955 1608 5000 senserat.
1626 4945 1675 5006 Sic
1700 4947 1770 5005 {inu

132 5012 741 5158 tituleturulturus.atr
755 5020 930 5150 dilue
983 5015 1815 5164 ¹¹rlenterlutlitaerlem·'alanni¹

131 5164 271 5239 peccatore
296 5155 331 5209 ad
354 5155 809 5240 paenitentiam·conversoquam
837 5172 930 5220 eontra
984 5161 1131 5233 ligamenta
1157 5160 1322 5217 solidissima
1347 5158 1457 5215 humani
1475 5104 1602 5231 eorpoiis
1627 5149 1769 5229 nomed
1813 5148 1815 5157 ¹

130 5231 226 5284 malurl
242 5227 351 5308 ,Auctor
377 5235 550 5311 ruterpretari
583 5230 617 5286 de
644 5231 753 5301 homme
785 5231 872 5305 lapso,
901 5242 929 5294 ot
983 5235 1018 5289 ab
1046 5233 1180 5307 aliquibus
1203 5231 1280 5289 uersi
1303 5238 1444 5298 vocantur,
1473 5228 1522 5286 aed
1549 5245 1607 5286 uon
1633 5225 1768 5301 sarmit

129 5317 178 5374 per
191 5300 321 5356 christum
350 5306 492 5372 requisito,
523 5301 602 5355 sicuti
634 5301 719 5356 otiam
747 5302 793 5359 alii
822 5315 928 5363 veteres
983 5303 1082 5375 quibus
1097 5304 1193 5361 Galen.
1210 5303 1257 5360 lib.
1274 5301 1395 5359 xxxrde
1410 5301 1594 5373 lociaaffect.
1609 5300 1680 5363 Lae.

128 5387 233 5430 omnes.
250 5371 321 5454 Pant
495 5441 500 5451 ¹
1018 5376 1075 5448 (ιι)
1091 5380 1128 5434 Dc
1143 5373 1410 5449 septemtrionibus,
1422 5376 1451 5430 et
1466 5371 1604 5446 Vergiliis,
1619 5380 1652 5433 et
1662 5368 1769 5435 smera

162 5444 220 5516 (16)
237 5443 333 5525 Omnis
345 5444 518 5514 paenitentia
532 5443 727 5567 congemiscat
738 5443 845 5502 delicti.
865 5448 926 5506 Nou
981 5446 1081 5504 Stellas
1101 5448 1162 5504 illas
1178 5445 1252 5517 dicit,
1272 5460 1332 5518 qoae
1347 5459 1433 5518 propo
1448 5443 1545 5502 unam
1559 5444 1699 5505 minorem
1710 5443 1771 5519 1119·

125 5528 192 5588 ergo
215 5512 316 5596 suflicit
338 5513 549 5569 lutheranorum
596 5512 722 5573 efinrtro:
751 5516 924 5592 Poeuitanlia,
980 5518 1028 5574 stri
1052 5517 1166 5590 figuram
1188 5516 1320 5589 raserunt,
1344 5530 1406 5590 quae
1433 5513 1655 5588 septemtriones
1682 5516 1771 5576 aira!

126 5599 196 5644 nova
211 5595 275 5641 uta·
290 5584 361 5640 Pau·
490 5654 497 5668 ι
979 5588 1163 5648 formaboum
1176 5590 1333 5659 iunctorum
1346 5587 1395 5660 qui
1418 5584 1532 5657 triones,
1554 5587 1639 5661 quasi
1652 5588 1769 5649 samm·

155 5655 217 5728 (17)
233 5655 279 5715 Aa
294 5653 412 5729 sciolas
430 5656 593 5717 neironem.
618 5656 774 5720 Promethei
793 5659 921 5721 fabulam.
977 5661 1035 5724 sira
1052 5668 1185 5734 asoptem
1199 5659 1343 5731 trionibus,
1370 5655 1496 5733 moniam
1517 5654 1572 5717 tria
1599 5659 1711 5736 trigon
1730 5669 1770 5716 rt·
