3840 6134
90 293 144 359 itt
695 299 793 364 tuta
812 299 856 361 bit
873 297 983 362 umus
1001 299 1139 365 amari.
1686 311 1739 374 798

92 424 165 481 tione
181 422 376 496 promissurum
394 423 585 483 charismatum
600 425 749 484 admiserit.
764 426 807 484 Ad
824 444 885 486 om·
902 442 926 525 Ι
942 429 1066 488 caesariae
1089 431 1238 491 curiositati
1262 436 1441 495 satisfecimus
1464 441 1499 496 ³⁴.
1518 442 1628 500 Enormi
1647 451 1738 501 autern

91 529 165 584 nam,
180 521 210 569 ut
223 514 347 585 arbitror,
361 515 506 572 humanam
520 531 601 586 super
614 515 704 573 anima
718 517 884 589 opinionem,
941 521 1076 579 atotiosoe
1099 530 1201 582 tentum
1229 524 1314 582 decrit
1336 528 1453 597 discere,
1468 540 1597 601 quantum
1627 533 1738 594 libuerit

91 619 123 662 ea
144 603 266 660 doctrina
283 603 344 661 fidei
367 605 517 677 congressi,
532 605 612 675 iustas
634 605 774 665 dumtaxat
794 623 827 665 ac
841 623 889 664 ne-
941 610 1087 683 inquirere.

779 707 876 774 Variae
896 712 1050 775 lectiones.

126 783 150 823 Ἀ
168 780 388 842 Satislccerimus
402 785 464 842 cod.
485 787 586 844 Woare.

92 933 1735 982 mma—*mmmm

193 1147 268 1299 Q.
339 1148 585 1281 SEPT.
671 1150 924 1285 FLOR.
990 1154 1627 1295 TERTULLIANI

824 1424 1007 1513 creua

604 1646 686 1750 liii
723 1641 934 1757 CARNE
966 1647 1228 1758 CHRISTI.

361 2009 606 2069 ARGUMENTUM
903 1971 926 2051 Β
941 2032 958 2089 d
975 1943 1042 2044 Cap.
1056 1943 1140 2044 XVII.
1156 1940 1249 2089 opiter
1264 1941 1382 2016 probans
1394 1957 1428 2000 ea
1441 1939 1589 2016 scripturis
1601 1942 1739 2001 Christum

609 2050 617 2066 ·
960 2049 975 2090 e
992 2049 1098 2109 srrqrnc
1110 2048 1182 2090 nascr
1197 2049 1287 2090 nram.

124 2116 193 2187 Cap.
217 2116 239 2173 1.
262 2116 305 2175 De
327 2116 417 2174 carnis
443 2115 544 2174 Christi
570 2115 681 2175 ueritate
704 2116 888 2191 disputaturus
975 2121 1739 2193 CaleilltNoncompetereetiamsxseminabumano

90 2202 279 2271 Tertullianus,
303 2204 436 2279 imprimis
462 2207 554 2278 scripti
581 2205 754 2263 occasionem
782 2206 887 2279 signifi·
939 2212 988 2270 Dei
1010 2213 1105 2269 Filium
1125 2211 1214 2282 nasci;
1239 2228 1274 2268 ne
1293 2210 1317 2267 si
1335 2222 1408 2269 esset
1426 2220 1499 2270 totns
1519 2211 1591 2269 filins
1611 2210 1739 2279 hominis,

90 2304 143 2362 cat;
163 2294 249 2368 quod,
272 2295 319 2370 qui
342 2296 547 2354 resurrectionis
580 2294 660 2352 tidem
695 2297 885 2370 inquietarent,
938 2302 1015 2373 juxta
1024 2300 1153 2358 Hebionis
1168 2301 1400 2372 opinionem,nou
1413 2302 1568 2358 crederetur
1577 2302 1626 2358 ilci
1646 2301 1740 2358 Filius.

90 2382 168 2441 etiarn
181 2399 290 2441 mmem
303 2385 402 2441 Christi
415 2384 612 2458 quaestionibus
624 2385 813 2444 distraherent.
976 2393 1043 2463 Cap.
1058 2391 1135 2447 XlX.
1149 2391 1243 2463 Neque
1256 2399 1344 2448 tamen
1359 2391 1501 2449 Valentino
1518 2390 1610 2448 lavere
1630 2389 1696 2446 iilud
1707 2389 1741 2445 ab

121 2472 189 2543 Cep.
205 2473 241 2530 11.
259 2474 302 2531 dd
325 2472 477 2531 institutum
501 2483 590 2531 autern
614 2475 741 2542 veniens,
759 2475 888 2534 adsersus
941 2494 973 2535 eo
992 2479 1172 2537 adulteratum
1195 2497 1201 2537 ι
1224 2479 1285 2537 Non
1307 2496 1340 2537 ex
1366 2480 1509 2553 sanguine,
1526 2495 1576 2536 nec
1599 2495 1632 2536 ex
1652 2476 1742 2534 carnis

89 2560 260 2630 hannem,
274 2561 320 2635 qni
335 2565 395 2633 ejus
413 2562 552 2622 historiam
571 2579 608 2620 ex
621 2562 769 2637 Evangelio
784 2562 889 2620 aulerc-
941 2567 1090 2634 uoluntate,
1103 2584 1155 2625 nec
1168 2584 1202 2624 cx
1217 2567 1277 2638 viri,
1293 2566 1340 2625 sed
1356 2584 1389 2625 cx
1406 2570 1463 2625 Deo
1477 2573 1632 2624 natusest·

89 2649 141 2720 bat,
166 2651 317 2709 traditionis
359 2651 516 2724 apostolicae
554 2653 758 2726 prescriptione
789 2650 888 2710 Christi
977 2656 1044 2730 Cap.
1059 2657 1125 2722 XX,
1141 2657 1220 2717 XXi.
1237 2659 1321 2714 Porro
1340 2657 1473 2713 adversus
1491 2656 1602 2713 eosdem
1621 2669 1676 2711 non
1692 2670 1741 2724 per

89 2739 252 2799 nativitatem
271 2742 376 2814 probet.
941 2744 1086 2818 uirginem,
1102 2747 1150 2802 sed
1165 2763 1199 2802 ex
1217 2745 1322 2819 virgine
1341 2752 1434 2800 natum
1450 2742 1595 2809 Christum,
1610 2742 1741 2798 latissime

120 2829 187 2901 Cap.
211 2829 260 2887 111.
285 2829 387 2888 Deinde
408 2844 496 2904 neque
516 2830 715 2903 impossibilem
738 2830 821 2888 luisse
843 2836 889 2888 aut
943 2849 977 2890 cx
990 2834 1326 2908 scripturisdemonstrat.

95 2917 323 2978 inconvenientem
336 2922 405 2979 Deo.
978 2922 1150 2990 Cap.XX11,
1166 2923 1268 2979 XXlii.
1285 2922 1401 2980 Proinde
1421 2921 1561 2993 ndimpleri
1584 2919 1611 2976 in
1626 2921 1667 2978 his
1682 2936 1741 2977 om-

125 3008 190 3078 Cap.
217 3008 265 3064 IV.
295 3010 389 3082 Neque
415 3009 497 3067 ctiam
528 3011 586 3067 ileo
611 3008 771 3082 indignam,
800 3023 889 3082 neque
944 3009 1023 3066 nibus
1046 3012 1229 3083 propheticam
1261 3026 1356 3067 vocem
1386 3011 1521 3068 Simeonis
1544 3010 1577 3066 de
1601 3009 1706 3068 Christo
1732 3026 1740 3066 r

91 3095 208 3153 stultam.
943 3100 1014 3156 Ecce
1038 3098 1081 3154 hic
1103 3098 1206 3168 positus
1227 3108 1268 3154 cst
1292 3099 1319 3154 in
1343 3099 1451 3172 signnm
1474 3099 1517 3155 cui
1536 3098 1739 3156 contradicetur.

123 3186 189 3258 Cap.
214 3185 246 3242 v.
267 3187 329 3242 Non
351 3186 440 3259 itaque
468 3188 497 3247 in
529 3188 728 3260 phantasmate,
752 3187 800 3246 sed
821 3203 886 3246 rere
980 3187 1044 3260 Cap.
1070 3185 1171 3244 XXlV.
1189 3188 1225 3243 Et
1247 3184 1408 3261 suggillatos
1429 3202 1491 3243 csse
1515 3185 1657 3244 haereticos
1681 3186 1742 3243 illos

91 3273 246 3332 crucifixam
267 3282 295 3331 et
317 3285 454 3335 mortuum
477 3275 663 3350 (quantumvis
681 3277 762 3333 etiarn
785 3276 814 3332 id
836 3291 889 3334 ne·
905 3275 928 3355 c
942 3293 1048 3344 omnes,
1065 3278 1263 3350 praedictosque
1276 3276 1305 3339 in
1322 3275 1480 3347 Scripturis.

91 3375 164 3435 garet
176 3365 321 3436 himcion),
337 3382 398 3423 rere
413 3381 523 3439 quoque
538 3374 631 3423 natum
647 3366 794 3424 Christum.
976 3364 1043 3440 Cap.
1054 3366 1145 3423 XXV.
1158 3366 1280 3438 Denique
1293 3364 1395 3438 epilogi
1404 3365 1462 3423 nica
1476 3373 1601 3437 repetens
1610 3363 1674 3437 quid
1689 3366 1741 3419 hoc

122 3462 189 3534 Cap.
208 3463 252 3520 Vi.
266 3465 325 3521 lam
339 3464 467 3522 adversus
481 3464 603 3536 Aprilem
617 3463 736 3533 deducit,
750 3463 887 3520 cirrisrurn
941 3455 1009 3513 libro
1018 3455 1183 3529 probaverit,
1194 3456 1230 3512 ad
1240 3463 1399 3529 sequentem
1410 3454 1444 3511 dc
1455 3455 1665 3514 resurrectione
1679 3468 1741 3510 cor·

91 3551 124 3607 de
138 3552 275 3610 sideribus
290 3561 318 3610 et
331 3552 490 3612 substantiis
504 3553 655 3625 superioris
670 3553 763 3610 mundi
778 3568 886 3609 carnem
941 3547 986 3604 rats
1000 3546 1100 3602 librum
1116 3545 1258 3601 transitum
1273 3544 1346 3602 lacit.

91 3654 141 3696 non
160 3657 221 3697 esse
236 3650 398 3700 mutuatum.
806 3658 811 3666 ·
977 3634 1108 3691 Ceterum
1132 3633 1327 3701 Tertullianus,
1343 3644 1522 3707 preterquam
1543 3633 1615 3706 qnod
1640 3632 1742 3687 librum

123 3731 191 3802 Cap.
208 3732 267 3788 vii.
289 3732 464 3802 interserens,
480 3731 548 3787 nihil
570 3748 619 3804 pro
638 3731 691 3788 illie
714 3731 803 3788 faeere
822 3729 888 3787 illud
940 3724 994 3794 jam
1011 3723 1112 3780 dictum
1127 3722 1161 3779 de
1180 3724 1394 3782 Resurrecticnc
1411 3725 1512 3781 Carnis
1529 3723 1594 3778 citat
1608 3720 1678 3777 intra
1693 3720 1741 3777 lib.

91 3819 209 3877 Christi:
226 3820 293 3891 Quae
313 3821 377 3877 mibi
392 3829 487 3888 mater,
505 3821 593 3893 etqui
607 3820 673 3877 mihi
688 3820 806 3879 iratres?
942 3830 959 3868 v
974 3813 1036 3868 adv.
1053 3812 1227 3882 Marcionem,
1243 3811 1270 3868 in
1290 3812 1340 3869 ilio
1359 3815 1440 3870 ctiam
1461 3810 1615 3886 argumenti
1630 3818 1656 3866 et
1671 3808 1742 3867 tituli

123 3906 192 3980 Cap.
210 3908 280 3966 vill.
295 3908 417 3974 Addens,
432 3909 558 3982 angelum
573 3909 649 3965 iilum
668 3909 777 3981 igneum
798 3906 887 3979 apel·
940 3902 1025 3973 hujus
1047 3899 1078 3956 lit
1098 3901 1212 3959 menno.
1239 3922 1252 3954 ι
1274 3898 1430 3974 Pmpterea,
1445 3900 1543 3974 inquit,
1558 3918 1582 3958 c.
1600 3916 1631 3968 n,
1646 3907 1673 3956 et
1692 3914 1744 3957 nos

88 3998 265 4067 iscianorum,
281 3997 430 4055 secundum
452 4012 500 4054 eos
524 3998 604 4055 etiam
627 3997 750 4055 coeiestia
773 4013 806 4054 ex
826 4013 888 4068 pm·
940 3992 1067 4048 uolumen
1087 3991 1267 4063 praenisimus
1281 3993 1315 4049 de
1330 3993 1422 4050 Corrtc
1439 3993 1556 4058 Christi,
1571 4006 1626 4063 quo
1642 4004 1703 4046 eam
1716 3997 1744 4044 et

88 4087 199 4143 nitemia
224 4086 313 4144 delicti
334 4086 493 4156 instituisse,
510 4094 591 4160 atque
611 4088 680 4142 adeo
700 4085 723 4140 si
740 4085 774 4140 de
790 4083 888 4141 sideri-
941 4080 1054 4135 solidam
1076 4080 1226 4150 prohemus
1252 4080 1397 4140 adversum
1421 4081 1616 4151 phantasmatis
1643 4079 1743 4135 natisi-

91 4176 141 4234 bus
152 4184 261 4244 sancta,
275 4176 454 4249 peccatricem
469 4175 550 4233 luisse
561 4191 668 4232 carnem
685 4174 795 4230 Christi.
941 4176 1033 4235 tatem,
1047 4179 1075 4222 et
1096 4169 1240 4225 humanam
1257 4168 1428 4225 vindicamus
1448 4169 1579 4224 aduersus
1602 4165 1744 4238 qualitatis

122 4264 259 4338 Cap.1X.
283 4266 316 4320 Et
340 4279 414 4331 vero,
433 4265 525 4320 omnia
545 4278 617 4320 verae
640 4260 730 4318 carnis
753 4259 835 4334 signa
858 4258 886 4315 in
942 4255 1143 4329 proprietatem.
1166 4279 1179 4306 r
1199 4257 1232 4312 Et
1253 4271 1362 4312 rursum
1385 4273 1392 4310 e
1420 4275 1433 4308 a
1456 4257 1544 4330 Igitur
1564 4263 1695 4327 quantum
1709 4255 1743 4311 ad

89 4352 194 4409 Christo
205 4351 301 4411 luisse.
941 4345 1091 4411 hereticos,
1115 4344 1361 4403 demonstravimus
1392 4359 1447 4417 quo
1479 4359 1566 4401 cuneo
1595 4359 1741 4403 occurren-

125 4440 190 4511 Cap.
204 4440 241 4497 X.
258 4442 387 4512 Rursum,
403 4441 531 4500 adsersus
550 4439 617 4496 alios
636 4437 780 4510 quosdam,
794 4451 886 4511 neque
940 4437 1004 4492 dum
1023 4434 1057 4490 sit
1077 4451 1093 4491 a
1113 4434 1200 4502 nobis,
1214 4441 1242 4489 et
1264 4448 1407 4490 occursum
1430 4441 1471 4490 est
1488 4433 1545 4502 jnm
1565 4449 1615 4490 suo
1633 4450 1743 4507 quoquc

88 4527 230 4586 animalem
243 4528 327 4586 luisse
338 4530 439 4586 Christi
454 4544 563 4586 carnem
577 4526 696 4586 deducit.
902 4558 926 4637 n
942 4525 1020 4580 titulo
1044 4523 1076 4581 dc
1093 4526 1183 4582 Carne
1197 4522 1312 4580 bomini
1325 4522 1458 4579 aduersus
1472 4521 1607 4586 iterares,-
1621 4523 1654 4581 ad
1674 4524 1745 4582 hanc

122 4616 188 4690 Cap.
204 4618 255 4677 XI.
271 4618 368 4691 Neque
382 4618 463 4675 etiarn
477 4616 622 4674 carnalem.
943 4615 1059 4673 maxime
1078 4614 1255 4689 quaestionem
1280 4613 1503 4686 prestruendam.
1523 4632 1534 4663 s
1556 4613 1742 4687 Praeterquam

122 4706 189 4779 Cap.
205 4706 269 4763 Xli.
283 4707 398 4765 Venisse
414 4707 495 4763 etiam
514 4706 661 4774 Christum,
677 4718 733 4763 non
750 4710 783 4763 ut
795 4705 886 4763 anima
942 4715 1042 4772 antem,
1059 4706 1130 4778 qnod
1150 4721 1200 4762 ms.
1226 4703 1352 4761 viderunt
1373 4701 1438 4758 olim
1462 4702 1533 4758 hanc
1556 4702 1656 4759 librum
1680 4704 1741 4760 Tri·

82 4794 207 4867 seipsam
225 4802 414 4869 cognosceret,
430 4795 478 4852 sed
499 4802 527 4850 ut
546 4796 635 4866 ipsam
656 4791 756 4852 salvam
775 4795 885 4852 laceret.
942 4795 1059 4852 themius
1073 4796 1157 4850 abbas
1171 4801 1198 4849 et
1217 4790 1365 4849 Politianus
1384 4790 1452 4846 locis
1468 4806 1540 4862 saepe
1559 4789 1662 4860 citatis;
1681 4791 1741 4848 edi-

122 4883 191 4953 Cap.
206 4884 277 4940 Xiii.
295 4884 390 4943 Fuisse
408 4886 472 4941 item
489 4886 515 4941 in
540 4884 648 4942 Christo
671 4884 794 4942 diversas
817 4885 887 4942 aab·
941 4885 980 4941 dit
996 4885 1098 4958 primus
1110 4884 1138 4939 in
1151 4882 1282 4938 lucemex
1296 4878 1483 4952 hirsaugiensi
1493 4887 1521 4933 et
1535 4879 1734 4937 Paterniacensi

82 4973 212 5044 stantius,
226 4988 333 5031 manem
347 4981 374 5031 et
388 4975 515 5031 animam.
941 4976 1084 5031 Rhenanus
1106 4990 1167 5030 cunr
1191 4969 1312 5034 scholiis,
1335 4968 1435 5025 deinde
1470 4976 1496 5025 et
1518 4969 1739 5027 annotationibus

122 5063 189 5136 Cap.
206 5061 279 5119 xlv.
295 5061 390 5119 Solam
410 5064 490 5119 etiarn
514 5062 650 5119 Christum
669 5061 753 5119 luisse
769 5063 887 5121 salutili·
941 5063 1103 5119 illustratum
1125 5059 1268 5132 castigavit
1289 5074 1326 5115 en
1348 5058 1487 5115 Gorziensi
1511 5059 1616 5115 codice.
1633 5062 1736 5116 interea

83 5161 220 5219 caturam,
235 5168 290 5209 noo
304 5154 442 5226 angeium.
941 5167 1018 5220 vcro,
1033 5151 1106 5222 quod
1121 5150 1322 5207 desideraretur
1340 5148 1367 5204 in
1384 5147 1503 5203 Leiandi
1524 5147 1679 5205 Britannico
1693 5162 1742 5205 co·

126 5240 192 5314 Cap.
216 5240 279 5300 XV.
304 5242 443 5299 Adversus
469 5250 558 5298 autem
586 5239 771 5308 Valentinum,
790 5240 890 5301 Christi
940 5240 1009 5307 dioc,
1025 5256 1085 5298 corn
1100 5256 1115 5295 a
1129 5239 1244 5297 Gelonio
1258 5253 1313 5295 non
1331 5238 1366 5294 sit
1382 5236 1549 5311 recognitus,
1569 5253 1661 5310 opere
1676 5254 1740 5310 prc-

85 5344 197 5386 camcm
212 5331 359 5402 spiritaiem
375 5346 429 5387 non
444 5329 539 5398 luisse,
557 5330 740 5401 prosequitur.
943 5332 1010 5387 tium
1024 5330 1074 5387 init
1099 5328 1183 5387 754
1201 5328 1325 5388 conlcrre
1349 5344 1413 5386 cum
1428 5327 1512 5385 trihus
1527 5344 1593 5383 mss.
1608 5327 1739 5386 vaticanis

128 5416 291 5488 Cap.XV1.
316 5420 399 5476 Sicuti
432 5420 513 5476 ctiam
545 5420 674 5477 adversus
705 5419 890 5479 Alexandrum
943 5421 1098 5488 Codicihus,
1115 5421 1244 5492 equibus
1263 5436 1317 5477 nou
1339 5434 1438 5490 panem
1463 5418 1538 5474 locos
1555 5415 1739 5487 restituimus;

83 5507 244 5579 quemdam,
270 5508 453 5579 peccatricem
483 5506 569 5566 758
598 5522 652 5563 non
676 5505 760 5562 luisse
780 5523 888 5567 carnem
942 5510 1040 5566 additis
1063 5510 1142 5566 etiam
1177 5515 1334 5584 argumento
1364 5522 1446 5580 novo,
1471 5514 1498 5564 et
1520 5502 1742 5561 adnotationibus

85 5595 200 5662 Christi,
216 5604 253 5659 et.
266 5598 371 5656 etiamsi
385 5615 441 5659 non
454 5613 489 5658 ex
504 5597 617 5665 semina,
631 5610 721 5656 verant
736 5604 837 5656 tamen.
857 5620 860 5624 ⁸
942 5599 1053 5658 nostris.
1068 5599 1140 5654 Pau.
