3840 6134
129 326 180 392 891
477 330 695 396 thuribulam
713 334 843 399 orthhll
862 334 947 400 raas
965 336 1000 400 ll.
1019 369 1054 382 -
1072 336 1183 403 statas
1200 334 1221 409 l,
1241 335 1417 401 tumulat.
1722 336 1780 400 892

129 469 224 519 totum.
240 460 368 538 ingerens
393 461 532 538 amplius:
552 464 650 524 llaec⁶⁹
663 468 706 525 est
720 465 815 525 Patris
831 467 928 525 uoton-
943 484 968 572 p
982 464 1015 523 ad
1031 466 1166 524 interitum
1195 475 1223 525 et
1246 465 1330 525 tinem
1355 462 1498 540 utriusque
1517 464 1674 524 substantie
1702 468 1775 524 arri·

130 554 254 628 tomba),
269 558 303 612 ut
324 554 561 630 omniaqoicidet
575 542 601 596 i'0
614 557 720 615 Filiam
741 563 770 616 et
792 558 882 616 credit
895 559 928 615 in
981 558 1057 630 piet,
1085 571 1139 617 uon
1162 557 1196 614 ad
1221 557 1394 632 supplicium,
1418 554 1496 629 quasi
1518 556 1773 630 consumendarum,

128 665 204 717 eum,
224 646 325 705 habeut
339 648 765 714 ottumoetarracm,etsaseitem
779 650 864 708 illum
878 668 929 708 ao·
981 663 1036 705 uon
1064 647 1142 720 quasi
1184 648 1407 722 puniendarum,
1425 646 1580 705 recordetur
1602 643 1693 719 ignem
1723 664 1775 721 ge·

129 738 245 794 vissimo
260 737 306 796 die
320 759 330 807 ,·
344 737 541 810 plenitudinem
558 738 672 795 exstruit
695 739 926 797 resurrectionisz
981 737 1076 794 henum
1090 746 1220 794 aeternum
1233 737 1373 811 praedicari
1392 738 1420 794 in
1448 751 1556 811 poenam
1575 737 1714 803 aeternam,
1749 736 1776 792 et

129 825 267 883 distribuit
279 829 353 883 enim
368 826 478 901 utrique
501 826 659 884 substantiae
683 844 730 899 per
752 827 841 886 officia
869 844 929 901 pro-
980 823 1046 882 inde
1074 826 1250 884 aeteruitatem
1277 826 1425 885 occasionis
1451 832 1594 902 agnoscat,
1632 833 1778 897 propterea

130 918 216 991 priam
243 917 267 957 7¹
296 917 448 974 mercedem
469 915 574 985 salutis,
604 924 631 973 et
657 917 746 975 carnis
773 935 823 991 per
845 935 928 992 quam
982 914 1127 986 humanae,
1150 922 1179 971 ut
1212 915 1375 988 temporali,
1407 914 1623 988 praetimendam.
1651 913 1728 970 Tunc
1752 921 1779 970 et

128 1005 200 1062 tilius
211 1006 237 1046 ³²
250 1005 440 1079 aspiciebatur,
451 1013 478 1062 et
491 1006 587 1061 animm
599 1022 646 1078 per
660 1022 742 1079 quam
756 1006 926 1064 credebatur.
981 1011 1096 1060 eternas
1111 1003 1273 1060 substantias
1292 1004 1393 1071 credet,
1417 1019 1531 1075 quarum
1554 1009 1653 1058 aeterna
1675 1002 1712 1058 sit
1733 1017 1778 1060 oc·

77 1089 373 1170 ',Ergo,dices,illis
388 1095 586 1167 eritpromissa
600 1111 694 1163 res,a
716 1097 818 1169 quibus
845 1097 928 1154 Chri·
982 1090 1047 1148 cisio
1062 1091 1089 1145 in
1104 1108 1222 1164 poeuam.
1259 1092 1337 1150 Certe
1369 1108 1430 1149 cum
1463 1098 1524 1165 post
1549 1090 1777 1148 resurrectionem

111 1185 346 1249 ,stustidebatun
362 1185 402 1242 Sit
418 1184 498 1257 plane
527 1184 573 1255 ita,
601 1192 673 1244 utet
692 1186 726 1242 ad
753 1201 804 1244 nus
832 1186 928 1243 eadem
981 1183 1256 1254 corpuscumanima
1275 1181 1361 1240 occidi
1389 1182 1520 1238 habenta
1546 1183 1605 1237 beo
1627 1181 1653 1219 ³⁸
1682 1181 1711 1236 in
1726 1198 1776 1255 ge·

129 1285 192 1344 spes
206 1273 269 1331 inde
292 1275 450 1331 manaverit.
475 1275 576 1331 Namsi
600 1275 762 1345 videntibus,
787 1274 929 1334 etidcirco
982 1271 1109 1338 hennam,
1134 1272 1198 1330 881ῑῦ
1226 1273 1260 1330 de
1275 1283 1392 1344 utt0tl¹¹0
1404 1270 1547 1338 constabit,
1573 1277 1600 1326 θῑ
1624 1272 1657 1326 de
1675 1271 1776 1327 tertuli

128 1364 312 1437 credentibus,
328 1364 467 1421 lmctuosa
482 1364 662 1421 tuncluemnt
676 1381 759 1438 opera
781 1365 871 1423 carnis
885 1373 927 1422 at·
982 1361 1180 1420 resurreetione
1213 1370 1240 1419 et
1271 1362 1305 1418 de
1344 1368 1444 1418 veterna
1475 1360 1633 1417 occisione.
1670 1359 1777 1415 Absur-

128 1469 182 1525 que
195 1453 302 1520 animae,
319 1453 503 1527 multomagis
517 1454 606 1510 nobis.
623 1453 771 1512 Feliciores
790 1454 871 1525 anim,
888 1454 930 1510 in·
982 1447 1123 1505 dissimum
1137 1450 1268 1525 alioquin,
1284 1451 1306 1506 si
1322 1450 1421 1508 idcirco
1440 1449 1598 1506 resuscitata
1615 1462 1679 1505 caro
1702 1448 1777 1504 neci-

82 1569 87 1573 ·
129 1541 200 1613 quit,
215 1541 262 1620 qui
285 1557 338 1599 non
357 1542 537 1610 videmut'13,
557 1549 585 1599 et
603 1549 717 1600 credunt
733 1561 741 1611 3
755 1543 865 1614 quando
878 1543 928 1599 etsi
982 1535 1101 1594 daturin
1115 1541 1277 1611 gehennam,
1292 1541 1333 1597 uti
1358 1537 1475 1608 finiatur,
1491 1537 1565 1610 quod
1581 1543 1609 1593 ct
1623 1551 1679 1592 non
1697 1552 1777 1592 resu-

128 1629 182 1686 illis
197 1642 342 1707 negaretur
364 1632 454 1690 carnis
478 1632 650 1701 resurrectio,
663 1644 737 1690 certe
760 1630 928 1689 felicioribus
982 1627 1075 1685 scitata
1098 1635 1241 1700 pateretur.
1258 1631 1288 1685 lu
1303 1629 1355 1685 hoc
1369 1626 1470 1687 scilieet
1483 1626 1643 1693 reficietur,
1669 1641 1704 1681 ne
1730 1623 1777 1695 sit,

129 1720 312 1790 competisset.
324 1718 467 1789 Quomodo
485 1719 556 1775 euim
568 1719 668 1788 telices,
685 1720 708 1777 si
723 1737 756 1776 ex
769 1729 846 1794 parte
860 1722 930 1794 peri·
983 1717 1027 1775 cui
1040 1733 1094 1775 non
1109 1733 1168 1774 esse
1186 1720 1242 1789 iam
1255 1717 1356 1775 evenit.
1380 1717 1474 1774 Eidem
1496 1732 1548 1773 nos
1571 1715 1630 1788 spei
1662 1712 1778 1771 fulciens

129 1808 180 1864 turi
196 1810 210 1865 1
946 1782 968 1862 Β
982 1822 1122 1878 passerum
1133 1823 1240 1882 quoque
1254 1808 1395 1884 subjungit
1411 1807 1436 1847 ⁷⁹
1450 1806 1615 1878 exemplum,
1646 1803 1720 1876 quod
1743 1819 1778 1862 ec

403 1895 520 1954 CAPUT
530 1896 648 1954 XXXV.
981 1895 1085 1956 duobos
1099 1914 1156 1957 nort
1170 1899 1253 1955 eadat
1267 1914 1343 1955 acus
1353 1896 1418 1954 in⁸⁰
1434 1892 1779 1954 terramaioellcioolua·

166 1984 220 2041 Sed
235 1991 263 2041 et
273 1984 475 2056 praecipitarem
494 1989 588 2060 potius
603 1987 780 2060 timendum,
799 1990 849 2064 qm·
867 2007 930 2051 ω).
983 1988 1062 2043 tote:
1079 1993 1275 2054 utetcarnem,
1286 2001 1346 2060 qum
1362 1985 1525 2043 cecideritin
1539 1992 1648 2049 terram,
1665 1980 1780 2056 proinde

128 2091 183 2148 pos
198 2076 227 2130 et
240 2074 370 2131 aatmom
378 2075 491 2134 occidat
501 2075 557 2148 (6⁰)
572 2078 605 2135 in
614 2077 928 2152 pelteanomidestlio·
982 2076 1076 2132 credas
1091 2083 1118 2134 et
1129 2091 1273 2151 resurgere
1287 2090 1369 2149 posse
1388 2091 1434 2145 par
1448 2075 1570 2146 ejusdem
1591 2073 1640 2130 Dei
1654 2072 1777 2130 volunta-

130 2161 234 2218 miuum
250 2161 349 2234 solum;
364 2179 421 2222 uon
433 2167 484 2239 qui
496 2168 747 2240 corpasoccidoat,
763 2170 929 2227 caimoeuo·
983 2171 1047 2224 tem.
1070 2166 1140 2223 Nam
1163 2167 1213 2223 etsi
1227 2165 1380 2238 passeribus
1401 2153 1458 2221 ⁸hoc
1480 2180 1532 2221 non
1562 2163 1635 2229 licet,
1651 2161 1700 2218 sed
1729 2178 1778 2218 noa

131 2253 189 2309 tem
199 2251 276 2309 nibil
288 2269 390 2322 nocere
402 2255 552 2328 possintid
561 2263 613 2324 est,
629 2256 762 2313 humanas
772 2265 928 2329 potestates.
983 2253 1073 2311 multis
1094 2254 1250 2326 passeribus
1277 2255 1446 2324 antistamus,
1475 2269 1508 2310 eo
1541 2251 1613 2325 quod
1652 2250 1777 2308 cadentes

130 2336 207 2395 Adeo
221 2341 264 2397 hic
277 2348 304 2397 et
317 2342 405 2397 anima
419 2342 578 2401 immortalis
592 2356 685 2401 natura
700 2346 906 2423 recognoscitur
921 2387 929 2413 ,
983 2356 1168 2415 resurgamus.
1185 2343 1306 2414 Quorum
1317 2343 1432 2416 denique
1451 2341 1563 2413 capillos
1574 2338 1670 2411 eapitis
1683 2354 1777 2395 omues

132 2445 194 2499 qnae
207 2443 261 2484 non
273 2427 359 2502 possit
373 2429 459 2486 occidi
473 2430 506 2486 ab
529 2430 699 2502 hominihua3
720 2441 747 2490 et
769 2434 932 2493 camiseam
983 2440 1136 2487 numeratus
1150 2432 1174 2470 ⁸¹
1203 2430 1343 2488 affirmans
1357 2432 1391 2496 ⁸²,
1412 2431 1501 2487 salvos
1519 2429 1610 2500 utique
1629 2426 1776 2500 repromit-

132 2515 332 2586 mortalitatem,
360 2519 438 2590 cujus
457 2518 492 2575 sit
506 2518 606 2576 occisio
626 2528 732 2593 ;atque
757 2521 794 2578 ita
817 2539 932 2579 resurre-
983 2517 1025 2572 tit.
1041 2517 1179 2576 Perituros
1196 2519 1268 2576 enim
1282 2535 1343 2590 quae
1366 2518 1473 2575 raticio
1489 2532 1632 2573 numerum
1658 2514 1778 2588 redegis-

133 2604 249 2661 ctionem
278 2621 388 2679 quoque
427 2614 593 2665 mortuorum
614 2608 706 2666 earnis
733 2625 792 2667 asse
813 2626 874 2683 quae
903 2611 931 2666 in
984 2615 1034 2673 set,
1050 2607 1102 2665 nisi
1117 2609 1246 2683 quiahoc
1259 2619 1309 2674 est,
1330 2613 1452 2667 ratumne
1466 2605 1777 2681 quodl’otermt'ltidc·

133 2694 295 2766 gehennam,
316 2695 370 2751 nisi
396 2695 567 2768 resuscitata,
582 2713 637 2754 non
655 2698 754 2770 poterit
767 2699 862 2756 occidi.
878 2699 932 2756 Sed
984 2695 1037 2767 dit,
1053 2715 1110 2756 noa
1125 2699 1241 2772 perdum
1255 2714 1292 2755 ea·
1305 2715 1336 2757 eo
1350 2699 1504 2773 quidquem
1518 2695 1670 2768 (tuamor),
1685 2693 1776 2761 idest,

134 2785 265 2855 quoniam
289 2795 316 2841 et
345 2785 390 2842 hie
422 2785 456 2843 de
479 2785 700 2859 interpretatione
729 2789 851 2861 corporis
874 2789 931 2862 (61)
986 2801 1034 2842 uec
1048 2787 1183 2860 capillum,
1199 2786 1267 2844 sicut
1281 2803 1332 2844 nec
1353 2784 1472 2852 oculum,
1496 2802 1546 2841 uec
1563 2782 1776 2841 dentemicae·

134 2873 251 2943 quaestio
265 2873 416 2942 eavdlutur,
433 2890 500 2951 ergo
528 2891 632 2948 corpus
647 2876 765 2934 hominis
789 2893 843 2934 non
858 2878 931 2934 aliud
986 2883 1071 2930 terum
1086 2876 1159 2932 unde
1182 2877 1233 2932 erit
1261 2875 1350 2946 tletus,
1373 2884 1400 2932 et
1418 2874 1536 2930 dentium
1550 2872 1663 2929 frendor
1686 2871 1716 2927 in
1735 2888 1779 2945 gc·

134 2960 313 3034 intelligam,
344 2981 428 3038 quam
453 2981 561 3022 omnem
588 2967 666 3023 istam
695 2975 797 3024 struem
819 2968 928 3034 carnis,
984 2961 1083 3031 henna,
1102 2963 1154 3022 nisi
1174 2965 1309 3021 exoculis
1333 2975 1359 3020 et
1372 2962 1398 3002 ³³
1420 2959 1676 3020 dentibnsiocciao
1704 2960 1778 3018 scili·

134 3065 248 3122 quoquo
284 3068 386 3124 genera
435 3054 609 3111 materiarum
641 3057 818 3115 concinnatur
844 3067 927 3129 atque
983 3059 1025 3107 cet
1051 3051 1130 3108 etiam
1158 3066 1275 3124 corpore
1302 3053 1329 3108 in
1357 3053 1532 3127 gehennam,
1557 3059 1583 3107 et
1608 3051 1723 3107 detruso
1751 3050 1777 3107 in

134 3138 252 3220 variatur
278 3141 313 3209 ti,
338 3145 413 3216 quod
425 3141 533 3201 videtur
546 3143 580 3212 ⁷⁵,
607 3146 682 3217 quod
708 3151 824 3211 tenetur,
853 3144 927 3217 quud
987 3143 1115 3198 tenebras
1142 3141 1301 3208 exteriores,
1323 3157 1386 3213 qum
1414 3141 1553 3197 oculorum
1581 3140 1692 3214 propria
1717 3145 1779 3196 aunt

133 3225 251 3299 denique
264 3230 298 3286 ab
308 3230 464 3290 hominibus
478 3233 620 3292 occiditur.
636 3233 681 3291 Sic
705 3242 732 3291 et
754 3183 965 3307 parietisoorc
982 3230 1239 3305 tormentumque
1263 3231 1291 3285 in
1311 3230 1411 3302 nuptiis
1427 3229 1515 3286 miuus
1532 3228 1631 3300 dignis
1651 3228 1781 3300 operibus

133 3331 185 3387 pus
198 3333 253 3374 non
266 3319 338 3376 aliud
352 3321 490 3379 admittam
505 3339 586 3395 quam
603 3333 744 3393 cementa,
755 3340 837 3398 qnam
852 3339 927 3392 saxa,
949 3326 959 3345 ‘
983 3315 1192 3401 fueritindutus,
1206 3318 1433 3392 constringendus
1447 3318 1535 3375 statim
1551 3316 1676 3373 manibus
1692 3314 1782 3375 ΟΜ

133 3421 213 3476 quam
234 3405 342 3465 latores.
363 3404 449 3468 sae
473 3410 501 3468 Si
516 3410 714 3485 qnisaroanum
729 3411 842 3483 aliquod
870 3426 931 3469 cor-
984 3406 1148 3480 etpedibus,
1166 3407 1321 3480 utpotequi
1351 3420 1413 3462 cum
1436 3421 1549 3478 corpore
1577 3405 1706 3462 surrexit.
1735 3405 1780 3462 Sic

133 3493 306 3567 pusinducit,
334 3499 469 3567 ostendat,
494 3500 606 3569 revelet,
634 3499 732 3572 probet
757 3502 849 3573 ipsum
867 3515 930 3556 esse
983 3510 1049 3570 ergo
1066 3503 1093 3551 et
1114 3496 1271 3553 recumbere
1295 3495 1384 3569 ipsum
1407 3495 1436 3551 in
1454 3494 1503 3550 Dei
1520 3509 1617 3566 regno,
1637 3502 1664 3550 et
1681 3493 1777 3552 sedere

132 3582 209 3638 etiam
223 3586 297 3656 quod
312 3587 449 3644 occidatur
463 3589 498 3646 ab
511 3588 632 3656 homine,
648 3597 674 3647 et
699 3590 734 3647 de
758 3590 805 3646 illo
820 3588 873 3647 erit
887 3589 930 3644 di·
984 3583 1011 3639 in
1032 3585 1135 3641 thronis
1149 3586 1174 3626 ⁸⁴
1200 3585 1310 3653 Christi,
1331 3593 1356 3641 et
1384 3584 1509 3642 assistere
1530 3591 1594 3639 tunc
1615 3582 1651 3639 ad
1679 3582 1776 3641 dexte·

132 3680 215 3727 ctum.
232 3674 298 3728 ltem
318 3674 341 3731 si
361 3676 457 3733 animae
481 3692 581 3749 corpus
604 3677 751 3750 opponitur
774 3678 810 3743 ⁷⁶,
823 3679 931 3737 vacabit
982 3688 1039 3728 ratu
1054 3674 1079 3712 ⁸⁵
1093 3674 1135 3730 vel
1154 3673 1298 3741 sinistrum,
1314 3683 1342 3731 et
1355 3674 1436 3730 edere
1450 3673 1484 3729 de
1499 3673 1574 3746 ligno
1588 3671 1663 3742 vitm,
1685 3687 1780 3743 corpe

133 3759 239 3817 astutia.
265 3760 332 3817 Cum
355 3762 428 3818 enim
453 3773 599 3836 utrumque
625 3766 807 3836 proponitur,
831 3780 930 3838 corpus
983 3761 1046 3816 ralis
1058 3759 1242 3833 dispositionis
1255 3759 1414 3817 fidelissima
1424 3759 1523 3816 indicia
1533 3767 1606 3815 sunt.

132 3856 213 3917 atque
242 3848 370 3916 annnam,
398 3851 496 3908 occidit
518 3853 547 3908 in
574 3854 736 3925 gehennam,
756 3854 930 3928 distinguitur

132 3952 231 4007 eorpus
253 3938 287 3993 ab
301 3938 400 4009 anima,
422 3946 449 3995 et
468 3939 629 4013 relinquitur
655 3944 770 4018 intelligi
789 3960 888 4018 corpus
902 3944 928 4002 id
1240 3965 1352 4021 (3ng
1384 3964 1513 4021 xmp,

133 4025 205 4095 quod
220 4025 245 4080 iu
262 4036 392 4100 promptu
406 4028 440 4085 sit
456 4047 463 4095 ;
484 4044 547 4087 caro
569 4031 680 4103 scilicet,
695 4050 755 4107 qum
769 4035 838 4090 sicut
856 4035 930 4092 occi·

131 4112 210 4168 detur
223 4114 247 4154 ⁷³
262 4114 290 4170 in
306 4116 468 4188 gehennam,
483 4118 508 4174 si
525 4135 579 4177 oon
598 4121 685 4195 magis
698 4138 712 4177 a
727 4124 787 4180 Deo
811 4123 929 4181 timuerit
1019 4118 1164 4175 Videamus
1192 4135 1265 4176 nunc
1288 4135 1322 4174 an
1349 4129 1376 4175 et
1396 4117 1604 4175 Sadducaeorum
1632 4117 1779 4173 versutiam

132 4203 227 4271 occidi,
245 4204 282 4259 ita
306 4211 334 4262 et
362 4205 541 4263 vivificabitur
572 4208 600 4264 in
626 4208 707 4265 vitam
731 4218 879 4282 aeternam,
904 4211 927 4269 si
981 4209 1095 4277 elidens,
1110 4221 1228 4265 nostram
1243 4209 1331 4282 magis
1350 4209 1510 4266 senteutiam
1525 4205 1653 4263 erexerit.
1670 4205 1778 4273 Caussa,

133 4291 256 4347 maluerit
270 4294 303 4348 ab
324 4294 480 4351 hominihus
503 4296 594 4367 potius
618 4297 744 4356 interlici.
772 4299 887 4357 Proinde
906 4302 928 4358 si
982 4298 1097 4370 opinor,
1128 4299 1287 4372 quaestionis
1309 4299 1361 4356 fuit
1387 4298 1535 4355 destructio
1563 4296 1778 4354 resurrectionis.

132 4379 193 4451 quis
206 4380 374 4447 occisionem
396 4385 484 4440 caruis
511 4387 703 4455 atquaanimoe
724 4387 753 4444 in
777 4390 928 4461 gehennam
982 4388 1120 4460 Siquidem
1148 4389 1313 4457 Sadducaer,
1347 4403 1436 4460 neque
1459 4387 1556 4443 animae
1581 4385 1664 4457 (62),
1694 4400 1779 4459 nequa

645 4540 650 4547 .
814 4477 910 4542 Variae
928 4479 1082 4542 lectiones.

167 4549 193 4631 ⁶?
207 4550 264 4606 lloe
273 4551 358 4609 alea.
372 4554 456 4612 Semi.
472 4554 498 4593 ⁷⁰
510 4553 613 4622 Aspicit
627 4556 715 4612 libeat.
732 4557 816 4614 Semi.
829 4558 852 4595 ³¹
861 4558 954 4614 Priora
968 4560 1034 4613 Por.
1051 4559 1076 4596 ³²
1090 4557 1211 4614 llomiuis
1226 4559 1290 4616 odd.
1302 4558 1389 4614 littera.
1405 4556 1430 4597 7³
1444 4555 1541 4612 Vident
1556 4557 1646 4614 littera.
1657 4554 1744 4614 Semi.
1757 4553 1779 4590 a

132 4620 257 4676 varietur
272 4625 364 4680 Veraci.
384 4625 524 4684 mendose.
539 4626 565 4664 '1³
578 4626 655 4694 Quod
670 4627 775 4682 videtur
787 4628 893 4685 obsunt
906 4647 924 4684 a
943 4631 1006 4685 (επ.
1018 4629 1042 4667 ⁷⁰
1056 4628 1175 4700 opponit
1189 4632 1269 4686 Pom.
1281 4633 1365 4695 From.
1382 4630 1406 4668 Π
1416 4628 1553 4686 Occiditur
1564 4631 1624 4701 lito.
1640 4629 1704 4686 Vera.
1722 4624 1778 4680 ”A

133 4691 189 4747 Deo
205 4696 300 4752 omitt.
318 4696 403 4753 litteo.
416 4698 501 4753 Semi.
516 4697 542 4735 7⁹
554 4696 696 4768 Subiunxit
710 4699 772 4770 Rip.
789 4699 851 4757 Vera.
867 4700 894 4738 ³⁰
907 4701 1084 4757 Alteromaea
1098 4704 1203 4771 preter
1216 4702 1283 4756 tort.
1300 4703 1323 4739 ⁰¹
1340 4703 1519 4757 Enumeratos
1532 4702 1593 4770 llio.
1614 4698 1712 4756 ternu
1722 4697 1778 4753 ad-

133 4763 219 4819 firmat
232 4767 294 4838 llio.
315 4769 377 4825 ten.
393 4767 418 4805 ⁸³
432 4768 472 4822 Ex
487 4768 551 4824 redd.
564 4768 652 4826 litera.
669 4770 754 4828 Semi.
764 4770 789 4809 ⁰⁴
807 4771 954 4828 Duodecim
970 4772 1034 4827 odd.
1046 4771 1134 4828 Fron.
1148 4770 1174 4808 ⁸³
1187 4772 1229 4827 hd
1243 4775 1382 4829 dexterum
1398 4779 1462 4828 tunc
1476 4772 1536 4842 nto.
1559 4772 1621 4828 l'crt.

617 4893 620 4900 .
978 4848 1030 4904 tri
1072 4890 1078 4903 .

168 4917 225 4988 (69)
241 4918 462 4973 lloecestPotr-is
480 4919 621 4978 volutatos.
637 4920 693 4977 lloo
717 4928 760 4977 est
778 4841 1084 5018 votnfirfflffimuin
1109 4921 1223 4977 alienam
1247 4934 1273 4979 et
1301 4924 1446 4980 absurdam
1474 4904 1704 4996 significationem
1723 4917 1778 4975 dis·

131 4988 211 5043 toan.
225 5002 264 5048 vr.
280 4988 314 5069 itt
333 5004 340 5042 ι
355 4986 432 5041 Τοῦτο
442 4987 469 5042 δὲ
480 4987 531 5045 ἔστι
544 4994 571 5044 ri
585 4992 688 5064 θέλημα.
704 4993 766 5051 lire.
984 4993 1126 5049 trahebant
1146 4994 1225 5049 novis
1252 4995 1467 5052 cavillationibus
1489 5002 1515 5050 et
1530 4991 1687 5066 sophisticis
1710 5006 1781 5047 com·

168 5058 224 5125 (66)
249 5058 303 5126 Qua
328 5062 612 5131 corporetoatmom
631 5063 751 5130 occidat,
772 5071 823 5122 eto.
850 5063 930 5122 Vocis
980 5065 1200 5121 mentationihus.
1234 5065 1263 5120 S.
1294 5064 1473 5136 Hieronymus
1500 5064 1560 5123 adv.
1590 5064 1670 5120 ioan.
1691 5063 1781 5135 Hiero

133 5129 235 5185 Graecae
259 5129 479 5213 tertiusnullum
499 5133 724 5206 significationem
752 5136 794 5192 hic
822 5145 849 5192 et
877 5137 929 5192 suh
984 5135 1112 5218 solymit,
1138 5138 1170 5192 ad
1201 5137 1411 5203 Pammachium,
1434 5152 1528 5194 severe
1543 5134 1571 5191 in
1595 5135 1640 5192 illo
1662 5133 1781 5192 crimina·

133 5199 215 5256 tinem
230 5215 291 5271 cap.
307 5201 437 5269 reddrdrt,
458 5216 567 5261 vertens
583 5206 717 5271 occidere,
733 5221 783 5277 pro
798 5221 832 5264 ao
855 5207 931 5277 quod
985 5215 1030 5264 tur
1055 5208 1185 5264 tudrcram
1210 5210 1414 5279 usurpationem
1435 5207 1510 5265 vocis
1529 5223 1560 5264 co
1615 5207 1666 5276 ris,
1697 5213 1784 5262 utne

133 5287 193 5343 cap.
218 5272 334 5343 praeced.
359 5272 449 5342 aliam,
479 5291 577 5346 nempe
602 5277 730 5401 perdere,
756 5292 817 5333 cum
848 5277 932 5332 inter·
984 5288 1062 5352 garet
1075 5287 1193 5336 nostram
1208 5295 1318 5335 carnem
1333 5289 1556 5350 resurrecturam.
1593 5293 1640 5334 aa.

134 5351 211 5413 prete
224 5343 343 5418 vulgato,
356 5343 419 5400 dum
434 5345 468 5401 de
481 5346 571 5405 aalma
584 5348 599 5402 d
613 5347 657 5414 cit,
667 5351 701 5403 ot
714 5347 828 5421 perdito
838 5347 932 5404 crede·
1022 5350 1080 5421 (66)
1096 5352 1241 5425 Siquidem
1252 5351 1413 5421 sadducei,
1429 5367 1520 5424 neque
1542 5352 1658 5415 onimoe,
1676 5353 1734 5406 etc.
1747 5346 1785 5402 lle

135 5418 186 5471 tur
199 5416 231 5471 ia
240 5418 414 5545 peltensium.
430 5416 500 5474 Pax.
830 5447 836 5464 ·
985 5419 1039 5475 illis
1053 5422 1187 5479 haereticis
1197 5439 1250 5478 non
1267 5423 1349 5480 semel
1366 5425 1416 5480 hoc
1430 5425 1456 5479 in
1476 5429 1601 5496 opereat
1613 5421 1678 5476 aliis
1693 5417 1786 5477 monui

170 5485 224 5556 (61)
259 5489 476 5568 edqaoaicmet
490 5486 576 5546 hicde
590 5488 827 5564 interpretatione
841 5505 872 5548 eo
907 5507 933 5547 o·
986 5492 1083 5550 alicubi
1108 5494 1203 5551 animm
1224 5495 1464 5564 immortalitatem,
1485 5503 1682 5567 etcorporum
1697 5505 1786 5550 resur·

134 5560 386 5623 rn,etc.1nsrnuat
404 5558 536 5631 effugium
559 5558 759 5629 hereticorum,
782 5567 814 5616 ut
838 5562 881 5617 elu
900 5572 931 5617 e·
986 5565 1131 5624 rectionem
1143 5582 1264 5639 negasse.
1279 5567 1317 5622 La
1330 5567 1382 5626 Pn.

135 5639 196 5685 rent
213 5630 399 5687 auctoritatem
413 5629 489 5687 illam
515 5629 667 5705 Evangelii,
689 5631 736 5705 qui
755 5647 850 5692 vocem
867 5649 933 5694 cor·
