3840 6134
147 359 201 419 sos
337 330 340 335 ⁴
497 344 716 408 cantantum
734 344 869 408 ornauit
887 346 971 411 rsus
990 349 1024 410 ιι.
1043 380 1079 393 -
1097 348 1221 410 saurus.
1233 349 1255 419 ι,
1270 346 1442 409 romulos.
1738 344 1795 407 aas

146 480 231 539 don
246 492 354 552 quoque
368 473 556 550 interroganti.
575 475 650 530 lites
670 472 818 530 Christus?
832 472 945 545 proinde
960 498 985 578 fl
1000 475 1074 537 horae
1093 484 1177 533 sextae
1199 472 1484 549 significationem),et
1504 470 1717 532 centetum-atie
1741 486 1801 547 qq.

148 573 186 628 Pu
206 570 298 635 etiaim
321 581 354 622 oe
381 573 454 621 metu
482 561 622 634 potcstatis
652 561 805 619 viderentur
828 562 943 634 amplius
997 571 1182 639 parternum.
1202 565 1322 623 Scissum
1337 573 1379 621 est
1401 569 1429 620 et
1450 562 1543 636 templi
1559 563 1674 630 selum,
1704 562 1796 638 angeli

145 657 327 731 respondisse.
348 653 515 710 Constitutus
529 661 570 706 est
592 650 676 722 igitur
696 649 829 707 Dominus
843 650 871 706 in
896 651 944 722 ju·
996 655 1149 728 eruptione,
1163 653 1379 726 derelinquentis
1403 653 1497 723 filiam
1513 653 1607 709 sienis
1631 651 1700 725 (isa.
1729 666 1751 717 t,
1767 651 1796 724 8)

145 746 226 803 dicio.
238 749 273 802 et
282 745 387 801 statuit
401 738 548 813 injudicio
562 739 806 810 poputumsnum.
816 740 877 812 lpse
887 743 943 797 Da·
998 749 1137 818 tanquam
1152 746 1185 800 in
1199 746 1281 801 vinea
1294 741 1487 815 speculam,et
1499 741 1532 796 in
1541 742 1737 798 cucumerario
1744 755 1795 796 ea-

144 838 242 893 miaus
257 835 288 888 in
301 830 535 904 judiciumoenit
549 827 573 863 ¹⁰
586 842 651 882 cum
667 828 839 899 preshyteris
852 834 881 885 et
894 846 943 887 ar·
997 835 1101 890 satam.
1125 833 1148 890 Ο
1176 841 1306 904 quantum
1336 831 1523 904 perseveravit
1550 830 1629 886 etiam
1657 829 1796 887 tricesimo

146 923 294 983 clientilus
315 919 427 994 populi,
447 914 595 974 secundum
611 914 707 971 isaiam
721 916 774 989 (ιιι,
788 918 843 989 ld).
857 920 944 990 hique
999 922 1102 993 psalmo
1124 923 1263 980 Cirristum
1296 921 1384 994 ipsum
1412 918 1525 977 reddere
1539 920 1553 975 i
1567 917 1740 978 Vociferatur
1762 918 1796 975 aa

146 1015 243 1072 exinde
265 1027 346 1069 omne
369 1008 498 1079 scriptum
514 1004 647 1078 passionis
671 1021 727 1061 suae
740 1004 874 1079 implevit.
893 1010 946 1064 Pio·
999 1012 1106 1068 Patrem
1120 1022 1149 1067 ut
1163 1021 1190 1068 et
1208 1011 1327 1067 moriens
1341 1009 1433 1065 ultima
1454 1024 1519 1066 roae
1540 1008 1686 1081 prophetas
1709 1006 1796 1064 adim·

146 1104 304 1161 muttuotoe
318 1100 387 1156 sunt
401 1096 500 1153 ibidem
511 1095 687 1161 nationesmt
699 1096 801 1169 popuii
812 1098 947 1154 meditati
997 1101 1093 1173 pleret.
1119 1100 1175 1156 lloc
1189 1098 1265 1155 dicto
1279 1098 1426 1170 exspiravit
1444 1096 1512 1167 Quis
1527 1097 1541 1152 i
1561 1096 1674 1169 spiritus
1700 1103 1799 1153 semet·

146 1197 220 1251 sunt
232 1190 342 1248 inania.
368 1186 530 1244 Astiterunt
548 1200 625 1257 reqes
640 1188 735 1249 terra,
748 1188 776 1241 et
797 1184 949 1244 archontes
999 1189 1102 1260 ipsum,
1116 1204 1151 1244 an
1164 1203 1227 1246 earo
1240 1187 1365 1261 spiritum
1380 1187 1394 1240 i
1408 1187 1462 1244 Sed
1490 1185 1600 1258 spiritus
1621 1185 1796 1259 semetipsum

148 1276 433 1354 conpreqetisuntin
446 1291 539 1332 unum
554 1274 688 1332 aduersus
703 1274 854 1332 Dominum
869 1276 948 1333 etad·
1001 1279 1138 1351 exspirare
1153 1293 1206 1335 non
1224 1278 1321 1350 potuit.
1345 1276 1424 1332 hlius
1448 1282 1488 1332 est
1511 1275 1558 1347 qui
1578 1275 1707 1349 exspirat,
1728 1275 1798 1331 alius

147 1385 243 1429 versus
264 1368 404 1427 Christum
421 1366 483 1436 ejus
506 1365 581 1420 Psoi.
601 1378 631 1432 n,
661 1366 697 1430 l,
732 1363 782 1435 b):
812 1364 945 1432 nationes,
1000 1366 1048 1438 qui
1083 1366 1246 1436 exspiratur.
1274 1364 1302 1421 si
1333 1363 1444 1436 spiritus
1475 1363 1636 1435 exspiratur,
1667 1362 1701 1418 ab
1743 1362 1798 1418 alio

146 1457 263 1518 Romani
284 1455 330 1531 qui
362 1469 426 1512 cum
452 1453 538 1509 Pilato
566 1451 693 1521 lueraut;
722 1451 840 1524 populi,
861 1454 947 1509 tribus
999 1453 1147 1526 exspiretur
1178 1469 1289 1510 necesse
1323 1462 1374 1510 est.
1402 1451 1482 1522 Quod
1515 1453 1539 1509 si
1574 1452 1650 1511 solus
1684 1450 1798 1522 spiritns

147 1547 279 1613 lsraelis;
308 1558 397 1617 reges,
422 1540 450 1597 in
470 1539 577 1597 Herode
592 1559 600 1610 ;
615 1539 767 1607 archontes,
784 1540 812 1594 in
834 1540 947 1596 summis
1000 1542 1276 1612 inisset,discessisse
1302 1542 1394 1614 potius
1419 1541 1563 1610 diceretur,
1592 1555 1673 1616 quam
1698 1540 1800 1613 exspi-

148 1635 344 1696 sacerdotibus.
359 1632 428 1687 Nam
442 1638 469 1686 et
490 1627 591 1684 Herodi
609 1627 685 1683 uelut
701 1642 832 1685 munusa
858 1627 944 1685 Pilato
999 1649 1084 1690 rasse.
1114 1634 1181 1705 Quis
1204 1631 1285 1706 igitur
1310 1632 1428 1704 exspirat
1451 1631 1597 1705 spiritum,
1626 1631 1679 1688 nisi
1703 1630 1800 1687 mro?

147 1728 256 1793 missus,
275 1722 345 1780 Osee
371 1717 484 1778 uocibus
507 1714 586 1772 tidem
613 1711 750 1783 reddidit,·
778 1717 811 1771 de
835 1716 943 1772 Christo
996 1737 1057 1795 quae
1071 1728 1097 1778 et
1111 1722 1203 1791 spirat,
1220 1718 1328 1792 quando
1355 1719 1431 1789 illum
1453 1720 1557 1789 habet;
1586 1726 1613 1775 et
1642 1718 1681 1775 ita
1704 1730 1797 1787 eunt,

148 1816 222 1874 euim
237 1811 440 1884 prophetaverat
454 1804 496 1877 (x,
511 1806 538 1876 6)
555 1804 750 1861 :Etuinetam
764 1819 829 1861 eum
839 1806 945 1864 aucant
961 1810 983 1884 fl
998 1826 1060 1866 eum
1075 1808 1182 1878 amittit,
1195 1808 1322 1880 exspirat.
1343 1808 1474 1882 Denique,
1491 1808 1515 1864 si
1537 1822 1601 1865 oaro
1621 1823 1676 1865 uon
1694 1806 1747 1863 fuit
1760 1807 1796 1874 22,

149 1905 268 1968 aenium
281 1897 352 1970 reqi.
378 1893 531 1951 Delectatus
550 1891 720 1966 estdenique
748 1893 867 1950 Herodes
888 1894 946 1953 visa
1000 1899 1048 1956 sed
1067 1900 1225 1971 phantasma
1251 1897 1352 1964 caruis,
1380 1900 1538 1970 phantasma
1561 1904 1649 1954 autem
1681 1895 1800 1970 spiritus

147 1991 223 2056 lesu,
244 2001 294 2043 nec
326 1998 420 2041 uocem
443 1981 525 2038 ullam
560 1979 594 2036 ab
609 1995 643 2038 ιο
659 1981 780 2039 audivit:
805 1984 946 2056 Tanquam
1000 1989 1060 2061 tuit,
1088 1987 1200 2060 spiritus
1240 1995 1330 2044 autem
1362 1987 1534 2058 semetipsum
1569 1986 1741 2060 exspiravit,
1771 1992 1799 2044 et

147 2094 238 2153 aquus
248 2075 321 2133 enim
330 2090 425 2132 eoram
434 2072 625 2140 tondente‚sie
634 2073 813 2146 nonapemit
822 2089 945 2133 ossuum
999 2077 1161 2148 exspirando
1187 2075 1333 2146 discessit,
1357 2076 1416 2133 sine
1444 2077 1527 2132 dubio
1554 2077 1716 2149 phantasma
1742 2075 1800 2132 dis·

147 2166 215 2241 (lsa.
244 2179 307 2233 ιιι,
322 2165 370 2237 7);
390 2162 453 2236 qnia
471 2162 608 2220 Dominus
621 2161 739 2218 dederat
751 2161 799 2218 itti
817 2163 945 2234 linquam
997 2167 1088 2240 cessit,
1109 2182 1173 2224 cum
1188 2165 1312 2240 spiritus,
1332 2166 1380 2237 qui
1399 2166 1646 2238 eratiphantasma
1661 2164 1799 2238 uscesdt,

147 2248 946 2330 disciptinoe,atsciretquomodoeumoporteretproterre
999 2264 1026 2312 et
1055 2271 1190 2328 nusquam
1219 2256 1371 2327 comparuit
1407 2258 1567 2328 phantasma
1583 2270 1653 2313 cum
1685 2254 1796 2327 spiritu.

148 2342 379 2415 sermonemllso.
399 2358 425 2410 n,
443 2342 480 2412 t).
503 2339 578 2394 iham
592 2338 695 2394 scilicet
717 2339 844 2411 linguam,
865 2354 945 2411 quam
999 2345 1072 2402 Nihil
1086 2359 1152 2418 ergo
1166 2346 1296 2402 remansit
1308 2344 1336 2401 in
1352 2345 1456 2418 ligno?
1478 2346 1549 2402 nihil
1564 2345 1694 2420 pependit
1717 2344 1798 2401 etiam

147 2435 176 2491 in
184 2434 289 2491 Psalmo
304 2435 391 2505 (suut)
404 2429 604 2504 agglutinatam
623 2427 726 2501 gutturi
738 2443 787 2484 suo
798 2435 862 2484 tunc
878 2443 944 2500 pro·
998 2443 1060 2507 post
1083 2434 1316 2505 exspirationem?
1330 2434 1398 2491 nihil
1425 2435 1460 2491 de
1483 2437 1570 2493 Pilato
1597 2434 1797 2507 postulatum?

146 2523 238 2593 babet,
253 2536 309 2578 non
331 2520 475 2593 loquendo.
504 2516 540 2572 Et
562 2515 694 2573 Barrabas
710 2517 821 2588 quidem
843 2531 945 2574 nocen-
998 2523 1064 2581 nihil
1077 2523 1112 2579 de
1134 2523 1256 2592 patibulo
1279 2524 1448 2581 detractum?
1463 2524 1665 2588 nihileindone
1691 2521 1799 2582 inuolu-

147 2611 292 2679 tissimus,
321 2610 376 2667 ritu
403 2614 433 2664 ut
454 2607 542 2663 bonus
568 2606 708 2671 donatur;
731 2604 853 2661 Christus
878 2621 943 2664 sero
998 2612 1082 2670 turni
1106 2612 1173 2669 nihil
1191 2613 1315 2684 sepulcro
1337 2628 1409 2671 novo
1430 2613 1598 2676 conditum?
1616 2615 1720 2687 atquin
1744 2627 1799 2670 non

145 2699 322 2773 justissimus,
350 2704 382 2755 ut
409 2694 542 2753 homicida
569 2693 649 2751 morti
672 2694 867 2766 expostulatur.
892 2694 945 2752 Sed
997 2701 1075 2759 nihil.
1089 2699 1160 2770 Quid
1174 2701 1256 2773 igitur
1279 2702 1342 2758 illud
1359 2701 1439 2760 fuiti
1457 2703 1486 2760 Si
1501 2704 1695 2775 phanstasma,
1711 2702 1800 2760 adhue

146 2798 175 2848 et
197 2791 252 2846 duo
275 2785 381 2846 scelesti
410 2783 633 2857 circumligantur
655 2783 694 2839 illi
719 2784 789 2857 (70),
817 2792 847 2841 ut
874 2783 945 2842 inter
997 2805 1064 2864 ergo
1078 2791 1164 2847 inerat
1196 2798 1223 2848 et
1249 2791 1385 2848 Christus.
1413 2791 1441 2849 Si
1464 2792 1627 2851 discesserat
1650 2791 1796 2860 Christus,

146 2881 258 2952 iniquos
267 2878 369 2937 scilicet
380 2878 564 2949 deputaretur.
580 2872 714 2930 Vestitum
733 2874 813 2945 plane
837 2875 897 2946 eius
920 2875 944 2915 ¹⁹
998 2895 1065 2954 ergo
1089 2879 1237 2936 abstulerat
1260 2880 1430 2953 phantasma.
1461 2880 1591 2953 Superest
1618 2880 1799 2954 impudentiae

147 2968 281 3023 militibus
290 2965 409 3023 divisum
422 2964 458 3033 ²⁰,
478 2963 575 3035 partim
594 2969 667 3019 sorte
694 2979 862 3036 concessum,
882 2965 948 3020 Mar·
1001 2967 1135 3026 haereticae
1170 2967 1282 3037 dicere,
1319 2970 1477 3042 phantasma
1508 2970 1565 3026 illic
1602 2969 1800 3041 phantasmatis

147 3057 209 3114 cion
219 3054 338 3122 abstuht,
350 3052 498 3123 respiciens
508 3051 609 3107 Psalmi
621 3053 694 3122 (ιιι,
711 3052 756 3125 ts)
767 3053 945 3124 prophetiam,
1002 3057 1170 3114 remansisse.
1200 3057 1254 3114 Sed
1278 3057 1317 3115 sic
1341 3058 1366 3098 ²²
1393 3066 1420 3115 et
1449 3060 1551 3130 ioseph
1584 3074 1684 3130 corpus
1712 3058 1801 3115 luisse

146 3145 298 3218 Dispertiti
308 3142 362 3199 sibi
374 3141 621 3198 suntosstimenta
640 3155 713 3214 meo,
724 3145 751 3200 et
767 3144 799 3197 in
812 3145 947 3200 vestitam
962 3116 985 3195 (i
1001 3156 1122 3218 nouerat,
1149 3146 1222 3218 quod
1249 3149 1306 3202 tota
1328 3148 1426 3218 pietate
1450 3143 1582 3218 tractarit,
1612 3147 1659 3204 illc
1685 3146 1799 3219 ioseph,

146 3251 242 3292 meum
256 3237 362 3292 sortem
374 3232 524 3289 miserunt.
535 3229 620 3287 hules
638 3230 722 3301 igitur
735 3238 762 3286 et
782 3246 892 3288 crucem
907 3231 949 3303 ip·
1001 3236 1048 3309 qui
1067 3252 1119 3293 uon
1134 3241 1308 3292 consenserat
1331 3236 1359 3291 in
1378 3235 1480 3293 scelere
1492 3236 1617 3293 iudeis:
1634 3239 1738 3295 Beatus
1755 3236 1801 3292 uir

37 3352 41 3361 ι
146 3341 215 3382 sam.
240 3325 315 3380 idem
343 3330 429 3377 tamen
448 3320 570 3377 Psalmus
597 3320 680 3391 (vers.
698 3322 741 3391 li)
767 3320 801 3376 de
830 3335 864 3377 eo
892 3335 948 3376 non
1001 3327 1052 3399 qui
1065 3324 1205 3384 nonohiit
1219 3325 1627 3398 incensitio[tmpiorum‚etin
1641 3326 1801 3399 oiapeeeo·

146 3421 236 3471 222022
265 3408 407 3473 Foderunt
421 3423 613 3467 manumitti
627 3415 657 3464 ⁶²
668 3408 750 3482 tedet
761 3422 835 3465 mett
846 3408 881 3465 ²¹·
897 3407 949 3466 Το·
1002 3420 1097 3472 torum
1115 3431 1173 3472 arm
1194 3417 1286 3486 stetit,
1306 3419 1335 3472 et
1349 3417 1382 3471 in
1401 3415 1536 3473 cathedra
1556 3416 1684 3489 pestium
1698 3414 1724 3453 ²⁵
1742 3429 1801 3471 nou

148 3510 192 3560 tus
207 3503 398 3560 inilloexitus
418 3500 517 3572 legitur
543 3501 627 3570 (vers.
652 3500 733 3565 8,13
761 3505 790 3554 et
808 3495 945 3568 passim):
999 3506 1073 3562 sedit
1087 3525 1098 3572 ,·
1119 3513 1278 3576 oportuerat
1295 3505 1378 3560 etiam
1405 3508 1572 3578 sepultorem
1597 3503 1705 3564 Domini
1730 3518 1800 3577 pro·

153 3591 406 3650 Circumdederunt
421 3606 466 3648 md
484 3604 580 3656 eoam,
591 3603 729 3661 2922290922
751 3587 947 3656 malssfiwrttm
1000 3594 1114 3667 phetari,
1134 3610 1165 3650 uc
1174 3595 1234 3665 iam
1249 3603 1311 3653 tune
1326 3597 1420 3653 merito
1435 3597 1569 3654 benedici.

150 3681 380 3739 circumvallavit
393 3694 449 3734 me.
460 3679 615 3751 omnesqui
629 3676 795 3751 spectabant
810 3694 865 3742 me,
876 3691 946 3732 naso
1274 3718 1388 3776 CAPUT
1404 3719 1469 3775 XLI

149 3772 307 3830 irridebant
320 3786 374 3826 me.
387 3771 484 3824 Laeuii
497 3772 568 3824 aunt
584 3767 677 3838 lobiis,
700 3773 729 3823 et
745 3767 842 3840 cupite
855 3779 948 3822 mooe·
1471 3759 1480 3778 ⁶

151 3864 232 3920 rant.
247 3860 376 3931 Speravit
389 3859 421 3914 iu
435 3858 534 3922 Deum,
552 3855 733 3913 libereteum.
750 3854 878 3926 Quoiam
896 3862 948 3909 tes·
1039 3843 1085 3902 Sic
1111 3843 1137 3884 ²⁶
1163 3858 1215 3901 neo
1236 3858 1381 3901 munerum
1414 3842 1521 3900 illarum
1559 3840 1680 3900 olhcium
1721 3843 1800 3916 (lue.

151 3948 292 4005 timonium
302 3946 523 4002 vestimentorum
534 3945 603 4001 habe
614 3943 638 3983 ²²
646 3944 705 4000 lalsi
716 3943 755 4002 tui
768 3944 948 4016 praedam,to-
1000 3935 1083 4005 xxiv)
1111 3932 1230 4005 praeterit
1252 3931 1404 4004 prophetia,
1420 3947 1481 4003 quae
1499 3939 1563 3988 ante
1595 3932 1684 3988 lucem
1707 3947 1794 3989 conse

151 4050 195 4097 tus
208 4037 329 4108 psalmus
342 4033 500 4091 vestimenta
518 4041 581 4090 sunt
599 4032 708 4090 Christi.
728 4035 799 4090 Ecce
814 4039 907 4088 autem
920 4039 946 4088 et
999 4032 1097 4080 nerunt
1109 4022 1142 4077 ad
1154 4024 1305 4093 sepulcrum
1319 4022 1505 4079 oumodorum
1524 4030 1660 4094 paratura.
1684 4019 1726 4078 Dc
1750 4021 1803 4078 hoe

151 4129 286 4185 elementa
299 4123 500 4184 concutiuntur.
514 4121 647 4179 Dominus
661 4122 733 4179 enim
749 4121 898 4195 patiebatur
908 4122 947 4193 ip·
999 4116 1069 4172 enim
1084 4128 1133 4185 per
1147 4111 1218 4168 Osee
1240 4111 1293 4184 (ut,
1315 4115 1327 4166 l
1344 4111 1434 4183 seqq.)
1449 4129 1455 4169 :
1475 4113 1508 4170 ut
1529 4116 1670 4185 querant,
1700 4110 1803 4182 inquit,

152 4232 257 4274 sorum.
270 4217 413 4286 Ceterum,
428 4211 582 4272 aduersario
597 4213 673 4284 laeso,
687 4213 785 4270 eoelum
798 4210 945 4269 luminibus
999 4206 1103 4278 faeiem
1109 4199 1804 4274 meam,antetaeemaiqttatantaomamioemea,

152 4309 308 4375 floruisset,
327 4306 415 4380 magia
429 4304 471 4362 sol
492 4303 576 4361 radiis
597 4304 761 4371 insultasset,
785 4301 874 4375 magis
887 4301 946 4358 dies
999 4295 1114 4358 comm,
1125 4293 1154 4349 ei
1167 4289 1409 4348 convertamurod
1422 4290 1654 4361 Dominamque
1668 4289 1731 4360 ipse
1745 4288 1805 4347 ιη’·

153 4400 291 4466 stetisset,
316 4397 429 4453 libenter
447 4405 573 4469 spectans
596 4394 758 4466 pendentem
774 4393 802 4447 in
827 4389 947 4461 patibulo
1003 4385 1079 4457 puit,
1097 4386 1125 4439 et
1142 4380 1331 4450 curabituos,·
1336 4381 1485 4454 percussit,
1496 4383 1524 4436 et
1534 4376 1720 4437 miserebitur
1738 4393 1806 4436 nos·

153 4488 288 4545 Chrbtum
302 4486 456 4544 Marcionis.
481 4486 544 4543 Deae
570 4492 728 4556 argumenta
750 4496 857 4554 quoquc
883 4478 951 4535 mihi
966 4458 989 4539 ὓ
1007 4470 1184 4542 tri3sanaln't
1195 4485 1244 4527 nos
1255 4470 1451 4545 posthumum,
1462 4470 1495 4525 in
1509 4469 1555 4526 die
1569 4469 1805 4542 tertioresurqe-

155 4576 346 4650 competissent
375 4575 424 4632 etsi
460 4591 514 4632 non
551 4574 665 4630 tuissent
684 4569 769 4628 ⁴¹65
794 4569 946 4642 predicata.
1001 4579 1077 4620 mua.
1087 4557 1155 4628 Quis
1164 4560 1235 4616 euim
1248 4556 1334 4616 466
1346 4560 1406 4616 haec
1428 4573 1483 4615 non
1497 4557 1591 4616 eredat
1604 4556 1632 4612 in
1647 4556 1805 4630 recogitatu

158 4668 274 4735 delum,
290 4664 389 4736 inquit,
404 4664 497 4724 Isaias.
513 4671 549 4735 (n,
566 4664 593 4735 3)
613 4662 733 4720 vestiam
748 4658 879 4718 tenebris.
900 4656 951 4712 liic
1002 4651 1146 4709 mulierum
1161 4649 1268 4707 illarum
1282 4649 1411 4718 volutata,
1426 4648 1497 4705 iuter
1520 4646 1644 4704 dolorem
1658 4645 1805 4718 presentis

154 4758 207 4816 erit
220 4757 288 4824 dies,
303 4755 336 4811 de
354 4769 408 4827 quo
423 4762 450 4811 et
463 4757 548 4811 hmos
562 4753 637 4825 (vrit,
661 4751 689 4822 9)
702 4769 709 4807 :
722 4753 756 4806 lit
774 4750 828 4808 erit
841 4748 894 4805 illa
907 4747 952 4806 die
1006 4737 1187 4797 destitutionis
1195 4752 1249 4812 qua
1264 4752 1401 4810 pcrcussae
1411 4736 1463 4793 sibi
1475 4735 1634 4796 videbantur
1648 4730 1805 4799 aDomino,

156 4851 226 4907 dicit
253 4848 411 4914 Dominus,
445 4843 551 4905 occidet
585 4844 627 4899 aut
667 4838 784 4897 meridie
807 4838 902 4911 (habes
927 4843 956 4895 et
1006 4836 1036 4889 et
1063 4845 1139 4902 spem
1166 4826 1369 4886 resurrectionis
1405 4825 1493 4899 ipsius
1533 4840 1587 4896 qua
1612 4820 1724 4880 restitui
1750 4819 1805 4908 rite

832 4972 930 5039 Varia
963 4971 1120 5040 laedones.

193 5086 217 5127 ¹²
229 5081 326 5144 Veniet
342 5081 428 5138 Fran.
445 5074 469 5116 ¹⁹
478 5076 589 5134 tlara.
606 5073 698 5133 Rhea.
709 5074 795 5138 smt.
810 5078 922 5141 Olentis.
940 5079 966 5120 ²⁰
979 5073 1081 5136 Partim
1094 5067 1159 5129 aaa.
1174 5067 1237 5126 tat.
1248 5060 1272 5104 ²¹
1286 5061 1359 5119 Meas
1371 5059 1466 5139 omiti.
1481 5053 1571 5114 liltett.
1584 5048 1671 5110 Semi.
1690 5045 1805 5134 Oberth.

155 5158 181 5199 ²²
195 5159 284 5213 Habes
298 5153 387 5211 him.
402 5151 496 5206 tatia.
512 5149 537 5186 ²³
550 5148 659 5204 Fuisset
671 5150 701 5205 ol
714 5170 724 5218 ,·
737 5150 915 5211 alterutrum
928 5152 1030 5212 omitte
1040 5146 1129 5207 hoen.
1145 5138 1230 5201 Semi.
1247 5134 1358 5196 Oberth.
1369 5133 1394 5173 22
1408 5131 1438 5189 St
1450 5131 1490 5187 al.
1504 5127 1530 5168 ²⁵
1539 5127 1615 5185 Psoi.
1631 5140 1651 5182 ι.
1667 5122 1805 5181 Pestilen-

157 5232 203 5289 tiae
221 5228 262 5286 at.
276 5227 301 5266 ²⁶
315 5225 344 5281 Si
363 5225 415 5290 at.;
429 5222 608 5291 atterutrum
622 5220 677 5280 dat.
691 5223 760 5280 tun.

854 5317 1105 5388 Commentarius.

191 5469 248 5544 (ib)
260 5464 349 5527 sede
362 5451 951 5535 duosoelesiieireumfiqunturiiil.Graece
1002 5453 1105 5511 Lucam
1120 5445 1237 5508 habetur
1251 5458 1312 5515 cap.
1327 5450 1386 5497 xxti
1403 5448 1409 5497 ι
1426 5434 1463 5496 Ει
1477 5430 1555 5520 inter
1577 5422 1731 5519 iniquos-d
1786 5452 1803 5469 ·

155 5555 199 5602 est
210 5545 340 5669 Ὕῦργοι
354 5538 425 5611 apud
438 5537 548 5607 Lumm,
564 5550 613 5608 pro
631 5550 686 5607 quo
704 5541 776 5591 recte
789 5531 877 5598 vertit,
889 5545 949 5586 see·
1004 5531 1083 5585 tatus
1099 5526 1150 5590 est,
1167 5521 1263 5579 Graeca
1280 5513 1354 5589 apud
1368 5509 1574 5584 evangelistam,
1592 5502 1657 5578 μετὰ
1674 5522 1726 5559 sus

158 5611 231 5673 iesti.
269 5622 279 5667 t
294 5611 381 5739 ιιιιὶἰι
394 5625 427 5667 ea
440 5608 529 5667 versio
544 5609 691 5692 respondet
704 5602 852 5680 prophetiae
874 5602 951 5658 lsaiae
1003 5619 1068 5674 pos.
1080 5597 1154 5655 Pstt·

156 5701 215 5756 ιιιι,
242 5702 321 5757 quam
363 5699 387 5739 tc
409 5681 498 5754 ailert,
522 5696 599 5756 quast
629 5688 756 5753 repetens
782 5674 857 5751 quod
881 5667 952 5748 apud
