3840 6134
133 317 188 382 ur
335 293 342 304 '
741 318 806 385 un
826 319 861 385 rv
879 318 959 386 nor.
979 322 1174 391 hieoronrn
1725 311 1827 386 nef

85 522 95 545 ι
133 453 240 519 quantae
274 441 311 502 sit
345 441 573 519 interpretationis
599 462 665 524 erga
701 447 807 520 species
844 446 930 521 ipsius
945 480 969 564 Α
985 453 1128 512 creatoris.
1148 453 1218 512 Satis
1241 454 1389 528 respondi3
1405 453 1453 512 sed
1476 454 1523 527 qui
1545 448 1668 522 credidit,
1695 447 1779 507 intel·

136 535 210 602 vitii,
249 544 277 593 et
305 535 511 608 inspectationis
546 540 645 597 summi
679 539 840 612 sacerdotis,
873 555 927 595 uo·
983 541 1041 617 tigit
1066 544 1147 601 etiam
1170 546 1249 604 altius
1273 545 1384 618 aliquid.
1411 545 1492 602 Disce
1518 543 1598 617 igitur
1620 549 1647 599 et
1670 555 1774 599 causas·

135 632 221 681 strum
249 625 304 682 erit
334 626 423 697 κοῖτος
460 629 614 696 hlarcionis,
643 628 827 686 morositatem
863 628 931 701 legis
986 636 1019 690 le
1040 635 1179 693 Samaria
1200 637 1359 710 ropionibus
1374 652 1417 693 res
1431 634 1570 708 agebatur,
1590 631 1731 687 undeerat
1749 631 1777 687 et

135 722 330 784 opponerent
349 723 378 772 et
395 715 440 772 bic
463 717 599 774 Christum
622 716 749 774 emulum
771 718 830 787 ejus
853 715 931 773 aflir·
984 739 1059 782 unns
1078 726 1198 784 interim
1213 742 1249 783 ex
1267 726 1392 800 leprosis.
1410 723 1530 782 Samaria
1542 729 1630 778 autem
1651 717 1776 775 descive-

134 811 190 859 met
204 804 415 872 prevenientam
441 805 570 862 solemnia
592 807 664 881 legis
682 807 764 862 etiam
793 807 820 862 iu
848 821 930 862 cura·
985 814 1079 870 catab
1104 814 1210 883 israele,
1234 817 1336 872 habens
1358 814 1477 871 schisma
1497 811 1564 868 illud
1585 825 1618 865 ex
1647 808 1738 864 decem
1752 806 1778 845 22

134 889 208 947 noue
221 892 318 949 decern
335 892 519 967 leprosorum,
531 912 599 969 qnos
615 896 813 956 tantummodo
826 896 932 966 ineius·
990 903 1127 971 tribubus,
1142 921 1210 977 quas
1221 907 1327 962 avulsas
1341 920 1392 975 per
1407 903 1517 960 Achiam
1532 899 1702 973 prophetam,
1717 895 1777 951 col·

134 993 180 1034 ⁵⁰⁵
193 984 224 1033 ¹¹¹
236 996 267 1037 ⁸0
280 981 462 1041 Wdfffni
475 1000 555 1041 22222
556 985 666 1042 dotibus
689 985 769 1057 (luc.
793 987 874 1054 2221),
898 986 931 1040 itt
984 991 1119 1051 locaverat
1140 996 1211 1068 apud
1226 995 1373 1052 Samariam
1386 994 1530 1050 Jeroboam
1545 990 1605 1059 (lll
1617 989 1682 1059 liep.
1705 1000 1733 1040 ar
1752 992 1779 1040 et

134 1068 239 1126 itincre
248 1073 396 1143 perperit,
411 1073 469 1128 sine
493 1079 563 1130 tactu
579 1076 636 1143 jam
655 1082 684 1130 et
696 1076 755 1131 siue
776 1074 871 1147 verbo,
885 1081 931 1128 ta·
984 1082 1058 1154 xvi),
1074 1083 1128 1139 Sed
1147 1092 1174 1140 et
1195 1085 1261 1141 alias
1285 1098 1391 1155 semper
1406 1084 1458 1139 sibi
1473 1082 1610 1151 placentes
1634 1081 1712 1132 erant
1724 1073 1777 1129 Sa-

131 1156 184 1212 cita
210 1166 356 1229 potestate,
390 1170 417 1218 et
449 1162 506 1218 sola
530 1164 684 1233 volrtntate3
713 1165 793 1236 quasi
819 1177 931 1219 necesse
985 1170 1106 1226 marinoni
1128 1172 1163 1226 dn
1186 1173 1323 1228 montibus
1345 1179 1373 1227 et
1399 1169 1488 1243 puteis
1506 1174 1628 1238 patrnm3
1657 1159 1727 1215 sicut
1749 1154 1776 1209 in
1806 1160 1811 1167 “

132 1243 176 1311 222,
206 1246 293 1301 semel
320 1250 497 1306 remediatore
533 1251 697 1324 languorum
733 1260 760 1308 et
803 1251 929 1308 vitiorum
983 1259 1129 1331 Evangelio
1150 1260 1405 1331 interstrepis)
1423 1251 1649 1316 Samaritaueiila
1671 1248 1699 1303 in
1717 1244 1777 1301 col-

130 1334 293 1391 annuntiato
325 1348 352 1393 et
381 1338 416 1395 dc
443 1341 589 1399 effectibus
623 1342 751 1414 probato,
790 1342 824 1398 de
860 1356 929 1413 qua·
982 1348 1074 1421 loquio
1088 1351 1197 1407 Domini
1219 1352 1290 1422 apud
1305 1358 1415 1421 puteum
1432 1368 1439 1405 :
1456 1350 1504 1406 Noe
1519 1347 1543 1386 ³0
1559 1350 1592 1401 tu
1615 1340 1708 1411 major
1726 1335 1776 1400 sis,

129 1421 248 1478 litatibns
282 1427 452 1487 curationum
485 1432 623 1489 retractari
652 1448 659 1486 ε
694 1437 740 1487 aut
775 1431 928 1487 Creatorem
983 1444 1129 1495 properem,
1144 1439 1177 1496 Ep
1191 1456 1305 1496 rursusg
1322 1441 1420 1496 patre,
1434 1436 1526 1493 nostri
1547 1435 1579 1489 tn
1602 1433 1657 1487 isto
1680 1426 1777 1483 leonte

131 1510 158 1566 in
187 1513 298 1571 Christo
325 1517 359 1571 ad
387 1519 477 1594 legem
505 1521 672 1595 provocari:
701 1522 724 1576 si
751 1519 816 1593 quid
851 1518 930 1573 aliter
983 1526 1272 1593 commentandum
1282 1527 1377 1583 dicitis
1387 1513 1777 1598 quiellicrosotymiaoportet

126 1616 210 1672 qnam
241 1602 302 1677 lege
327 1605 462 1679 distinxit,
491 1611 549 1681 ipse
578 1609 691 1683 perfecit
720 1627 727 1664 :
757 1625 821 1666 cum
849 1607 927 1662 aliter
983 1616 1110 1674 adorare,
1128 1618 1232 1687 ltaque,
1249 1618 1335 1688 quipp
1353 1630 1401 1685 per
1414 1612 1534 1669 hmos³¹
1551 1611 1602 1679 (pp,
1620 1607 1658 1678 r);
1677 1597 1776 1687 oedi-

127 1689 221 1761 uti⁴i¹¹⁹
247 1692 481 1770 1³⁰¹¹¹i¹¹¹1⁵²⁶ltt³r
502 1698 677 1770 semeiiiium
702 1705 840 1769 ⁰l³0i⁸¹⁰i2
867 1695 927 1751 Sile
980 1705 1049 1760 xerit
1064 1710 1113 1773 eis,
1125 1708 1174 1778 orti
1184 1706 1357 1776 confiderent
1370 1704 1395 1741 ³²
1411 1703 1543 1758 tumente
1559 1694 1697 1756 eumerio
1707 1685 1774 1756 (5⁰),

130 1793 182 1850 per
211 1778 320 1846 Filium,
350 1785 428 1841 aliter
457 1803 505 1858 per
540 1789 685 1860 prophetas
712 1786 829 1843 famulos
857 1799 922 1840 suos
943 1771 1035 1861 Bjam
1050 1803 1077 1851 et
1092 1795 1176 1867 ipsam
1193 1797 1336 1851 restituere
1352 1793 1490 1864 dignatus,
1507 1789 1542 1843 dc
1566 1781 1706 1844 industria,
1728 1778 1775 1846 ju·

136 1866 260 1923 maximae
292 1872 315 1910 22
353 1875 516 1931 documenta
555 1877 664 1933 virtutis
702 1885 729 1931 et
765 1873 926 1945 potestatis;
982 1883 1227 1941 praeostendere&
1247 1880 1439 1946 saoerdotihus,
1456 1880 1549 1948 utique
1565 1872 1678 1946 quinon
1702 1872 1777 1920 crunt

137 1968 200 2026 quac
222 1965 252 2012 ut
267 1959 376 2017 clariora
395 1972 423 2020 et
445 1965 582 2030 validiora,
612 1982 665 2038 qua
687 1966 806 2036 propria,
828 1963 929 2018 distare
981 1969 1033 2026 nisi
1048 1973 1095 2027 ubi
1109 1981 1136 2028 et
1154 1973 1300 2045 temptum
1323 1969 1473 2043 subjiciens
1488 1961 1646 2022 Samaritam
1671 1953 1776 2017 ludeo,

136 2057 153 2096 ⁸
183 2043 284 2102 '5⁰¹³ss
311 2049 351 2105 fis
378 2060 428 2108 222·
459 2052 514 2108 Sed
551 2053 684 2124 2325222022
717 2061 743 2108 22
769 2049 834 2106 tlibi
872 2050 930 2118 12222
982 2061 1108 2131 quoniam
1123 2078 1155 2118 ex
1173 2060 1274 2117 ludaris
1298 2062 1370 2116 salus
1396 2057 1566 2114 lsraelitaeet
1587 2043 1725 2105 Samaritae
1740 2040 1774 2091 ³³.

133 2129 207 2187 dicta
234 2144 307 2206 sunt,
335 2139 363 2196 in
399 2140 561 2198 documentO
588 2141 732 2212 ὓῑψθῐίθῐῑ·
767 2141 844 2196 Nunc
880 2135 930 2194 2222
983 2149 1052 2204 Tota
1066 2150 1138 2205 euim
1156 2139 1301 2222 promissio
1317 2146 1399 2204 tribui
1420 2145 1496 2200 ludre
1519 2139 1643 2198 Christus
1658 2132 1729 2198 tuit;
1747 2135 1777 2184 ut

133 2221 263 2290 praefatus
275 2238 326 2296 est,
343 2231 450 2287 maltos
466 2234 535 2287 tuuc
557 2233 646 2302 [uisse
662 2233 781 2303 leprosos
795 2228 870 2302 opud
888 2228 930 2282 ls·
983 2237 1084 2293 scirent
1096 2237 1290 2309 Hierosolymis
1304 2253 1364 2294 esse
1378 2244 1406 2291 et
1418 2232 1574 2290 sacerdotes
1591 2235 1619 2284 et
1632 2220 1774 2293 tempium.
1877 2296 1883 2309 ⁵

127 2309 237 2366 rectem
265 2315 299 2370 in
327 2315 422 2374 dietus
437 2319 549 2376 ttettsoet
562 2319 720 2391 proptera,
741 2322 770 2375 ct
784 2316 930 2375 canitiem
983 2331 1010 2380 ct
1024 2326 1163 2382 mauicem
1178 2326 1327 2399 religionis,
1344 2335 1371 2381 ct
1386 2325 1500 2393 iontem,
1512 2335 1568 2377 nou
1591 2323 1714 2387 puteum,
1730 2322 1775 2362 sa-

132 2412 232 2456 eorum
255 2409 414 2476 perpetum
432 2407 491 2464 uisi
517 2409 645 2465 Noouion
660 2409 762 2481 Syrum
784 2409 859 2478 tlte·
888 2420 926 2469 tv,
983 2412 1056 2470 lutis.
1080 2416 1115 2470 Et
1138 2415 1209 2481 ideo,
1225 2423 1255 2470 ut
1279 2415 1346 2471 vidit
1372 2412 1514 2487 agnovisse
1540 2407 1603 2463 illos
1632 2403 1722 2474 legem
1740 2396 1775 2463 ³⁴2

132 2488 179 2558 27)
194 2507 202 2543 :
219 2505 274 2547 uon
297 2493 390 2564 utique
404 2496 429 2534 ²⁸
443 2511 572 2552 numerus
595 2497 673 2553 faciet
697 2497 730 2552 ad
751 2493 929 2552 differentiam
982 2500 1175 2575 Hierosolymis
1202 2502 1424 2575 expungendam,
1453 2517 1486 2557 ex
1513 2496 1565 2553 fide
1590 2494 1647 2567 jam
1675 2485 1776 2559 justili-

131 2573 254 2647 deorum,
279 2579 306 2634 in
331 2582 540 2642 destructionem
561 2585 704 2651 Creatoris,
732 2600 815 2639 uuum
838 2599 929 2638 reme·
983 2593 1084 2648 candos
1097 2593 1156 2649 sinc
1169 2593 1239 2668 legis
1254 2591 1349 2648 ordine
1365 2588 1532 2648 remediavit.
1549 2585 1627 2642 Unde
1650 2585 1677 2635 et
1690 2589 1776 2633 uuum

130 2663 242 2732 dientis,
258 2677 285 2724 et
302 2672 488 2743 praelationem
510 2676 569 2743 ejus
588 2675 634 2747 qui
657 2675 750 2732 decem
764 2673 927 2730 emundarit.
982 2679 1060 2736 illum
1073 2683 1192 2737 solutum
1205 2680 1230 2720 ³⁵
1245 2697 1278 2738 ex
1291 2681 1393 2745 decem,
1410 2692 1554 2733 memorem
1568 2671 1664 2730 uiriuae
1683 2663 1777 2739 gratiis}

130 2753 200 2822 Quis
213 2756 286 2812 enim
308 2758 439 2817 dubitabit
462 2764 554 2834 plures
576 2764 698 2835 potuisse
722 2764 810 2820 curari
834 2763 868 2818 ab
883 2777 927 2829 ee,
983 2769 1134 2825 Samariten
1157 2768 1278 2836 miratus,
1301 2783 1356 2825 non
1379 2765 1488 2822 mandat
1508 2761 1607 2818 offerre
1622 2769 1719 2813 munus
1741 2765 1777 2805 ex

129 2844 177 2914 qui
191 2860 275 2901 unum
289 2859 420 2918 curasset,
438 2869 517 2924 qnam
541 2855 575 2909 ab
594 2854 641 2911 illo
656 2855 761 2925 decem,
785 2854 830 2927 qni
855 2869 928 2907 nun·
982 2859 1057 2928 lege3
1072 2858 1136 2931 quia
1149 2857 1214 2915 satis
1228 2859 1282 2927 jam
1292 2856 1437 2921 obtulerat,
1448 2851 1563 2926 gloriam
1577 2849 1635 2904 Deo
1649 2841 1774 2902 reddens,

130 2948 214 3002 quarn
226 2946 299 2994 retro
315 2943 424 2996 unum?
439 2941 492 2998 Sed
505 2943 557 2999 hac
579 2960 641 3000 oum
663 2944 779 2999 manure
804 2958 928 3014 pronun·
982 2946 1034 3000 hoc
1050 2954 1077 3002 ct
1091 2945 1207 3000 Domino
1222 2946 1326 3000 volente
1338 2941 1509 3013 interpretari
1523 2941 1623 3008 legem.
1636 2935 1670 2990 Et
1687 2939 1777 2987 tamen

132 3020 244 3079 tietioue
258 3026 436 3083 diffidentiam
452 3031 558 3088 israelis
572 3033 613 3089 vel
637 3033 793 3104 superbiam
817 3031 927 3103 pulsat,
983 3033 1027 3090 cni
1055 3034 1113 3089 Deo
1132 3034 1246 3106 gratiam
1270 3032 1386 3086 reddidit
1413 3030 1569 3094 Samarites,
1594 3024 1702 3097 quaudo
1725 3035 1777 3075 nnc

131 3113 291 3181 quodcum
316 3117 393 3173 multi
415 3127 505 3174 essent
529 3120 583 3178 illic
598 3122 713 3193 leprosi,
729 3133 757 3178 et
782 3122 930 3193 prophetes
984 3122 1119 3177 israelites
1134 3122 1215 3175 alium
1239 3121 1326 3174 Deum
1339 3135 1426 3189 usque
1440 3118 1530 3173 adbuc
1543 3112 1703 3171 didicisset?
1726 3108 1776 3164 Cui

131 3216 188 3256 non
209 3203 328 3272 deesset,
347 3207 428 3262 etiam
452 3209 527 3268 edito
544 3210 716 3275 documento,
740 3225 819 3268 nemo
843 3211 928 3265 decu·
983 3211 1038 3275 alii,
1050 3225 1129 3282 quam
1145 3207 1189 3266 uui
1203 3223 1298 3263 omnes
1310 3205 1447 3263 remediati
1463 3214 1534 3261 retro
1545 3221 1560 3259 a
1570 3201 1698 3258 Christoi
1712 3198 1777 3252 Ideo

132 3294 264 3349 currisset
281 3295 316 3350 ad
332 3296 417 3352 [teum
431 3308 589 3370 operantem
617 3301 643 3355 in
667 3299 813 3372 prophetis.
831 3299 928 3370 Igitur,-
982 3300 1071 3365 Fides,
1088 3296 1171 3356 MS
1189 3298 1395 3354 teatcsolnum
1409 3297 1485 3367 fecit,
1502 3291 1595 3358 audit,·
1610 3291 1673 3363 quia
1693 3285 1776 3340 intel·

132 3378 218 3437 m
235 3383 365 3453 quoniam
383 3385 441 3455 ipse
464 3396 519 3441 erat
541 3388 711 3445 authenticus
735 3387 854 3460 pontifex
877 3385 928 3441 ltei
981 3388 1082 3445 lexerat
1096 3403 1188 3444 voram
1202 3402 1233 3444 se
1251 3389 1309 3443 Deo
1324 3383 1501 3455 omnipotenti
1516 3380 1691 3448 oblationem,
1705 3371 1777 3445 apud
1843 3439 1849 3449 ,

131 3469 227 3531 Patris,
243 3471 362 3543 inspexit
375 3472 594 3532 illossecnndum
608 3477 678 3547 legis
691 3492 829 3542 arcanum,
846 3475 928 3547 signi·
981 3494 1074 3534 verum
1090 3476 1221 3550 templum
1237 3486 1367 3532 etverum
1383 3472 1538 3546 pontificem
1558 3471 1617 3541 ejus
1639 3464 1787 3524 Christum.

130 3556 236 3615 licentis
249 3560 385 3617 Christum
407 3579 466 3620 esse
480 3581 572 3620 rerum
596 3565 805 3637 disceptatorem
829 3571 856 3619 ct
874 3565 927 3621 eli·
982 3566 1070 3623 iacere
1095 3566 1206 3622 debore.
1222 3565 1275 3620 Sed
1291 3580 1341 3620 nec
1364 3561 1492 3619 Pharisaei
1506 3564 1620 3632 possunt
1639 3553 1725 3612 rideri
1745 3553 1778 3605 dc

130 3662 262 3705 meterem
285 3650 458 3707 humanarum
477 3654 655 3710 macularum.
674 3655 726 3711 Sed
750 3662 778 3708 ct
801 3652 872 3726 quod
898 3653 926 3708 iu
980 3655 1091 3713 alterius
1113 3654 1163 3710 Dei
1188 3670 1271 3729 regno
1295 3652 1462 3711 cousuluisse
1485 3649 1647 3712 Dominum,
1670 3641 1777 3717 quando

130 3735 274 3794 manifesto
288 3738 339 3794 fnit
349 3740 426 3813 legis,
445 3742 567 3815 precipit
583 3746 653 3811 :lte,
674 3741 816 3802 ostendite
824 3762 870 3802 oos
884 3760 927 3802 aa·
980 3753 1125 3801 venturum
1141 3744 1184 3809 sit,
1200 3741 1330 3814 quamdin
1345 3741 1415 3798 alins
1436 3753 1451 3792 a
1471 3736 1578 3795 Christo
1592 3733 1682 3792 editus
1705 3731 1778 3784 Deus

130 3825 301 3884 wdoteus.
329 3828 393 3894 Cur,
407 3830 429 3883 si
453 3829 514 3887 illos
535 3838 597 3886 ante
623 3841 681 3888 erat
707 3833 926 3889 emundaturus?
980 3849 1034 3889 non
1058 3841 1124 3897 erat,
1150 3847 1201 3887 uec
1227 3831 1270 3886 ille
1294 3830 1328 3885 dc
1352 3827 1462 3885 alterius
1480 3840 1567 3898 regno
1591 3818 1776 3891 respondisse,

131 3915 174 3969 An
187 3917 265 3986 quasi
281 3916 347 3990 legis
362 3918 464 3986 illusor,
486 3929 513 3974 ut
535 3920 563 3976 in
587 3920 682 3977 itinere
706 3921 805 3979 curatis
829 3930 925 3978 osten·
980 3937 1061 3992 quam
1076 3920 1109 3974 de
1124 3921 1201 3988 eujus
1220 3919 1417 3976 consulebatur.
1434 3917 1494 3973 Noe
1508 3916 1597 3981 veuit,
1614 3906 1711 3980 inquit,
1732 3920 1777 3959 re·

129 4003 216 4075 dem,
238 4005 304 4060 nihil
326 4022 385 4062 esse
414 4008 500 4080 legem
526 4025 587 4066 cum
616 4011 682 4081 ipsis
709 4011 926 4067 sacerdotibus?
979 4026 1069 4082 purim
1095 4011 1145 4066 liei
1172 4026 1237 4066 cent
1261 4008 1474 4074 observatiorem
1494 4020 1546 4061 nec
1571 4003 1688 4065 dicent,
1709 3998 1778 4052 Ecce

128 4092 164 4148 Bt
184 4094 279 4166 utique
297 4095 406 4156 viderit.
432 4097 456 4152 si
476 4097 519 4153 cni
543 4106 597 4153 tam
626 4099 766 4170 opiniosus
793 4099 926 4157 videbitur
981 4098 1034 4163 hic,
1050 4113 1111 4154 ecce
1126 4098 1196 4162 illic,
1214 4098 1502 4166 licceenimrepuem
1518 4093 1721 4150 lleiirelrooos
1736 4087 1779 4142 est

129 4178 264 4238 Christus.
280 4182 337 4238 lmo
359 4184 482 4255 digniora
507 4193 570 4241 sunt
591 4185 802 4257 interpretanda,
818 4195 844 4243 et
863 4187 925 4243 lidci
981 4188 1056 4259 ttae.
1076 4201 1149 4252 xvir,
1178 4190 1223 4241 20.
1245 4186 1302 4255 er).
1318 4186 1385 4254 Quis
1406 4199 1460 4238 non
1484 4183 1521 4236 ita
1543 4175 1777 4248 interpretabitur,

127 4269 255 4338 justiora.
276 4272 340 4328 idco
363 4274 425 4329 illos
446 4274 617 4339 remediatos,
644 4292 698 4347 que
723 4277 873 4332 secundum
887 4275 927 4333 le·
983 4278 1061 4333 intro
1078 4292 1124 4333 vos
1139 4280 1189 4337 ost,
1206 4275 1234 4328 id
1249 4285 1289 4330 est
1304 4274 1331 4328 in
1344 4288 1437 4340 mauu,
1451 4272 1478 4325 iu
1495 4274 1626 4341 potestate
1641 4271 1739 4332 restra,
1755 4261 1778 4315 si

128 4375 191 4432 gem
202 4361 272 4429 jussi
296 4362 372 4419 abire
390 4363 424 4418 ad
447 4365 614 4431 sacerdotes,
639 4365 818 4421 obaudierant
844 4383 850 4419 :
873 4382 926 4423 ne·
944 4324 967 4402 n
983 4363 1109 4429 audiatis,
1125 4364 1147 4420 si
1163 4361 1268 4417 faciatis
1278 4358 1521 4431 Deipraeceptumi
1535 4354 1613 4423 Quod
1627 4352 1652 4409 si
1665 4352 1692 4406 in
1708 4365 1778 4423 prae·

129 4462 184 4518 que
214 4449 287 4504 enim
314 4451 442 4507 credibile
465 4460 524 4519 est,
553 4454 700 4510 emeruisse
722 4453 885 4511 medicinam
913 4470 929 4509 a
982 4451 1173 4526 coptoestDri
1187 4466 1311 4521 reguum,
1327 4463 1448 4519 propone
1462 4445 1659 4518 igiturcontra,
1681 4454 1779 4496 secun·

128 4534 296 4596 destructore
314 4539 384 4612 legis
406 4540 595 4599 observatores
613 4542 690 4614 legis.
716 4541 769 4598 Sed
796 4557 845 4599 cur
868 4541 925 4611 pri·
980 4543 1044 4597 dum
1058 4552 1163 4599 nostras
1178 4534 1405 4607 antitheses(ttl),
1421 4536 1541 4605 Moysen,
1557 4540 1584 4588 et
1597 4546 1651 4586 una
1666 4536 1778 4584 seuten-

127 4625 201 4682 stino
215 4627 323 4699 leproso
334 4629 400 4685 nihil
416 4630 468 4684 tale
483 4630 637 4704 precepit?
652 4631 722 4702 Quia
736 4646 787 4688 nec
810 4631 927 4687 Elisaeus
982 4630 1017 4686 tia
1031 4637 1082 4685 cst.
1097 4630 1288 4701 Princeptcrn,
1304 4622 1390 4695 inquit
1400 4622 1491 4694 (Dent.
1510 4636 1582 4675 xxx.
1602 4616 1710 4685 inti),
1724 4629 1778 4668 ec-

128 4715 198 4784 syro
228 4716 365 4788 Naaman,
395 4726 423 4774 e't
449 4729 539 4775 tamen
567 4736 620 4776 non
648 4719 750 4778 idcirco
788 4736 842 4777 uon
870 4727 928 4778 erat
981 4721 1159 4777 celsnmnorr
1174 4720 1227 4785 est,
1243 4730 1295 4773 nec
1310 4715 1390 4787 torpe
1411 4716 1482 4770 ote.
1507 4711 1567 4767 Neo
1590 4712 1632 4767 est
1647 4707 1680 4763 irc
1699 4702 1776 4766 caeto,

817 4844 914 4910 Variae
932 4847 1087 4909 lectiones.

162 4943 189 4982 ²⁶
200 4945 273 5002 Alter
291 4947 331 5003 uti
345 4946 479 5012 Dominus
493 4946 550 5003 sire
568 4951 630 5005 lot.
646 4950 670 4989 22
684 4951 869 5023 tiarimetn'p.
886 4951 911 4989 2⁸
924 4948 957 5007 Et
968 4949 1033 5005 odd.
1050 4948 1135 5007 Semi.
1150 4947 1174 4986 ²⁹
1188 4947 1292 5002 Novem
1310 4943 1420 5002 oberth.
1437 4942 1462 4981 ³⁰
1471 4941 1513 4999 Ne
1528 4940 1616 4999 Semi.
1633 4937 1657 4978 ³¹
1679 4933 1777 4993 isaiam

129 5015 217 5074 iiten.
233 5017 258 5057 ³²
272 5017 413 5075 Conddent
431 5020 523 5077 Venet.
540 5019 565 5058 ³³
579 5020 752 5078 Samaritanae
771 5024 864 5081 leuet.
889 5021 1085 5096 ³⁸¹Legeurillcs
1101 5019 1187 5079 Seml.
1204 5018 1228 5058 ³⁵
1240 5017 1334 5074 Solum
1354 5017 1494 5074 Woewcr.
1765 5022 1771 5031 '

829 5145 1076 5211 Commentarius.

145 5262 219 5342 .i5⁰)
237 5267 291 5335 Qec
305 5265 481 5335 confiderent
494 5267 526 5322 ire
546 5272 643 5325 monte
664 5268 810 5325 Sontortoe.
835 5268 925 5325 ilisto·
1019 5269 1076 5341 (tt)
1103 5267 1264 5326 Secundum
1290 5269 1403 5323 nostras
1426 5264 1592 5322 antitheses.
1625 5260 1778 5317 Antitheses

130 5348 196 5388 riam
210 5335 283 5392 iliius
298 5337 453 5393 schismatis
477 5354 559 5408 supra
582 5338 679 5410 attigit,
703 5339 730 5393 in
752 5354 806 5410 quo
827 5340 926 5397 Hiero·
981 5347 1151 5411 competierat
1163 5339 1282 5396 Marcion
1297 5337 1324 5392 in
1348 5337 1445 5409 quibus
1468 5339 1557 5407 legem
1579 5334 1662 5391 iliosis
1685 5333 1776 5411 Evan-

128 5404 316 5464 boarudecem
333 5408 421 5463 tribus
443 5409 477 5463 ab
503 5410 563 5465 aliis
583 5412 690 5465 auulsas
714 5410 859 5466 Samariam
876 5411 925 5467 dr.-
981 5412 1054 5483 giulio
1078 5413 1244 5484 opponebat.
1267 5408 1449 5465 Tertullianus
1472 5408 1539 5464 alias
1565 5405 1711 5460 antitheses
1741 5416 1777 5480 its

127 5477 213 5543 duxit,
228 5480 275 5534 uhi
302 5494 352 5534 rex
380 5488 484 5536 creatus
502 5490 553 5536 est.
586 5483 706 5552 Reliquae
733 5482 803 5547 dnm,
829 5499 927 5554 nempe
980 5482 1117 5554 opposuit,
1134 5483 1268 5554 inquibus
1281 5481 1496 5553 legemrcterem
1514 5492 1576 5534 cnm
1591 5489 1660 5532 noxe
1682 5487 1776 5528 concr-

126 5548 203 5604 ludae
217 5558 245 5605 et
265 5551 417 5621 Beniamin,
443 5553 494 5608 sub
507 5553 647 5612 Roboamo
662 5562 875 5626 permanserunt.
894 5554 926 5611 ld
979 5554 1071 5612 liabat.
1086 5555 1126 5611 Le
1139 5555 1188 5611 Pe.

125 5618 483 5696 reterturrutteg.1.srn.
549 5624 552 5629 '
