3840 6134
156 269 226 333 roso
803 269 903 332 nram
917 268 960 331 ns
982 248 1177 339 boutema,
1732 238 1802 337 {ooo

151 396 224 470 apud
236 405 262 454 te
275 413 362 474 agape
380 397 408 454 in
421 395 528 454 cacabis
541 395 628 455 terret
640 395 710 469 (69),
725 394 794 453 fidas
809 395 837 453 in
849 395 948 455 culinis
961 411 987 492 Α
1001 411 1049 455 eos
1077 397 1124 471 qui
1143 398 1171 455 in
1193 412 1276 457 earne
1296 405 1370 468 sunt,
1399 395 1458 455 neo
1487 395 1593 468 placere
1619 412 1674 460 non
1705 416 1800 476 posse3

150 487 309 558 adstupes
326 487 354 542 iu
375 486 484 544 ferculis
506 486 586 558 iacet.
613 486 665 545 sed
689 487 781 559 moj0r
800 487 844 545 luis
866 486 949 544 ⁴³est
1004 502 1059 541 non
1077 488 1170 559 utique
1184 486 1211 541 in
1225 486 1250 525 46
1265 484 1527 552 substantiacarnis,
1543 487 1592 544 sed
1613 488 1640 544 in
1655 504 1732 560 cura,
1752 490 1802 548 sed

151 592 239 650 cpope
258 576 281 649 (Ι
302 578 363 634 Gor.
384 591 448 645 xm,
467 575 583 648 13),qui
602 591 651 647 per
674 576 746 647 bane
765 576 951 635 adolescentes
1002 573 1202 645 inaffectione,
1219 575 1310 632 sedin
1330 573 1497 646 operatione,
1518 578 1567 632 sed
1591 576 1618 633 in
1646 579 1797 637 voluntate.

151 667 190 721 tui
217 681 279 722 curn
315 665 455 723 sororibus
477 664 625 722 dormiunt.
649 664 821 737 Appendices
847 665 951 724 scilicet
1005 665 1103 723 lfacies
1120 681 1173 722 non
1188 664 1314 736 displicet
1339 664 1432 735 nobis,
1452 679 1540 735 neque
1554 666 1627 723 enim
1641 669 1676 724 ad
1695 672 1802 741 pondus

150 751 234 829 polae,
255 753 365 810 lascivia
387 760 469 826 atque
496 752 603 810 luxuria
623 753 662 823 44,
687 769 771 826 qnam
794 751 950 812 societatem
1002 755 1076 812 Deus
1088 770 1194 811 earnem
1204 753 1309 826 tribuit,
1323 754 1392 810 sient
1402 770 1453 814 ceo
1466 755 1605 828 spiritum
1633 758 1670 814 od
1684 776 1801 818 mensc-

151 852 180 900 et
190 841 337 914 Apostolus
346 844 446 912 sciens,
456 859 517 924 cum
532 843 726 914 praemisisset:
740 845 801 903 Nou
814 847 848 901 in
861 843 949 901 ebm'e-
1001 859 1076 915 rom,
1090 843 1194 901 facilius
1208 843 1231 901 si
1245 842 1314 899 forte
1336 857 1387 914 per
1405 852 1547 916 angustam
1567 844 1661 901 salutis
1689 848 1800 918 januam

148 932 266 996 tatibus,
282 948 334 989 nce
353 932 647 992 reconsecrationibus
662 951 672 1000 ;
688 932 835 1003 adjunxit:
851 948 902 989 nec
916 933 948 987 in
1002 933 1122 991 introibit
1135 948 1200 990 caro
1227 931 1336 1001 exilior,
1357 931 1437 989 citius
1462 932 1669 992 resuscitabitur
1680 951 1743 993 earo
1759 936 1801 993 le-

149 1017 285 1076 cubilibus
309 1026 334 1077 et
357 1020 518 1079 libidinibus
540 1021 631 1092 (Rom.
658 1034 722 1088 xm,
751 1020 805 1093 ld).
831 1019 875 1076 Ad
889 1020 949 1075 elo·
1000 1021 1068 1089 rior,
1084 1022 1186 1078 diutius
1199 1021 1227 1077 in
1249 1020 1386 1093 sepultura
1406 1020 1512 1077 durabit
1534 1037 1596 1080 caro
1617 1024 1729 1080 aridior.
1750 1026 1800 1081 Sa-

147 1105 226 1179 gium
240 1107 313 1178 gnlae
328 1117 381 1164 tuac
396 1108 522 1180 pertinet,
538 1108 610 1181 quod
625 1107 727 1180 duplex
740 1108 818 1182 apud
835 1116 947 1179 teprae-
1000 1111 1129 1186 pinentur
1157 1112 1263 1186 pugiles
1287 1118 1315 1166 et
1329 1116 1415 1183 pyctae
1434 1110 1569 1184 Olympici
1586 1129 1593 1172 :
1608 1111 1667 1169 illis
1689 1113 1801 1172 ambitio
1908 1111 1912 1115 ’

148 1195 299 1252 sidentibus
330 1199 418 1254 bonor
455 1197 528 1253 binis
559 1196 645 1255 9⁷8
676 1197 797 1271 partibus
830 1197 947 1270 deputa·
1001 1202 1124 1273 eorporis
1146 1199 1285 1271 competit,
1305 1198 1404 1269 quibus
1432 1205 1460 1254 et
1482 1198 1554 1256 vires
1578 1201 1748 1258 necessariae.
1762 1203 1799 1259 Et

147 1285 284 1356 tur[70);
306 1302 366 1342 cum
383 1286 533 1358 Apostolus
555 1287 692 1360 duplicem
711 1290 843 1345 honorem
858 1288 946 1345 dede·
1001 1288 1141 1345 tamenilli
1156 1303 1264 1361 quoque
1279 1285 1449 1356 xerophagiis
1464 1285 1643 1360 invalescunt3
1672 1292 1722 1346 sed
1746 1306 1801 1349 no·

146 1372 193 1445 rit,
224 1383 255 1431 ut
281 1383 307 1430 et
336 1374 463 1431 fratribus
491 1383 518 1431 ct
544 1377 710 1449 prepositis.
738 1373 806 1444 Quis
826 1375 947 1432 sanctior
999 1379 1121 1434 straalia
1136 1379 1243 1448 robora,
1264 1374 1475 1448 aliaequeuires,
1492 1375 1563 1432 sicut
1585 1384 1612 1432 et
1643 1377 1800 1436 aliacerta·

144 1460 288 1531 intervos,
311 1463 364 1519 nisi
388 1464 549 1521 convivandi
573 1463 755 1538 frequentior,
780 1464 833 1520 nisi
858 1464 944 1520 obso—
1001 1468 1088 1534 rnina3
1108 1465 1207 1538 quibus
1231 1478 1285 1520 non
1302 1471 1344 1518 est
1358 1463 1471 1520 luctatio
1486 1463 1618 1521 aduersus
1638 1481 1748 1523 earnem
1771 1475 1800 1525 et

145 1551 228 1607 nandi
244 1551 438 1624 pollucibilior,
447 1551 501 1608 nisi
515 1552 645 1609 calicibus
660 1552 841 1610 instructior?
851 1552 947 1609 Merito
1000 1556 1171 1628 sanguinem,
1188 1553 1235 1610 sed
1264 1552 1394 1610 aduersus
1418 1552 1511 1608 mundi
1532 1562 1683 1626 potestates
1695 1557 1731 1624 44,
1747 1557 1797 1613 ad·

146 1640 272 1698 borsines
286 1643 371 1700 solius
390 1643 488 1700 anima
505 1653 533 1699 et
555 1645 644 1700 caruis
658 1641 790 1717 spiritalia
803 1642 945 1699 recusatis.
999 1660 1098 1700 versus
1116 1643 1247 1715 spiritalia
1267 1640 1388 1708 malitiae,
1413 1642 1544 1698 adversus
1563 1645 1631 1713 baec,
1646 1661 1702 1700 non
1716 1660 1798 1702 carne

146 1728 262 1786 Talibus
276 1730 299 1787 si
315 1732 454 1804 placerent
468 1732 616 1804 propbetas,
640 1732 693 1788 mei
712 1747 769 1788 non
789 1738 874 1789 erant.
891 1733 948 1790 Cur
962 1699 985 1779 Β
998 1741 1027 1791 et
1053 1731 1205 1808 sanguine,
1233 1730 1282 1787 sed
1306 1728 1359 1786 fide
1380 1737 1408 1785 et
1431 1729 1526 1800 spiritu
1551 1732 1663 1789 robusto
1691 1741 1800 1804 oportet

147 1833 214 1892 ergo
225 1834 279 1874 non
293 1826 448 1878 constanter
459 1821 614 1892 praedicatis
631 1839 637 1878 :
656 1821 852 1879 lfocducmnus
861 1826 890 1878 et
904 1821 947 1879 bi·
1000 1823 1139 1881 adsistere.
1156 1822 1292 1878 Caeterum
1318 1817 1466 1890 saginatior
1489 1818 1515 1857 44
1536 1819 1707 1879 Christianos
1722 1824 1796 1882 ursis

146 1907 258 1980 bencus,
269 1924 332 1967 crae
342 1911 417 1968 enim
429 1911 588 1969 moriemur
600 1911 622 1982 (l
635 1912 696 1968 dor.
708 1926 760 1979 xv,
775 1911 845 1983 sm?
860 1910 946 1966 Sicuti
1000 1918 1029 1968 et
1043 1909 1168 1968 leonibus
1192 1908 1271 1979 forte,
1295 1920 1377 1978 quam
1392 1904 1460 1975 Deo,
1480 1904 1532 1960 erit
1554 1908 1732 1976 necessarius,
1744 1911 1797 1968 nisi

146 2010 199 2051 nos
224 2012 278 2054 nou
302 1999 457 2056 dubitamus
474 2007 581 2057 exserte
601 2001 729 2057 mandare
745 2018 753 2055 ι
772 2000 943 2070 ieiunemus,
999 2000 1073 2075 quod
1087 1999 1112 2039 ⁴⁹
1126 2007 1153 2057 et
1167 2000 1300 2058 adversus
1313 1994 1418 2054 bestias
1432 1993 1548 2054 maciem
1563 2010 1688 2055 excreare
1712 1999 1797 2058 deba·

143 2083 243 2140 fratres
256 2095 284 2143 et
306 2102 424 2156 sorores,
449 2103 484 2144 ne
505 2087 577 2145 forte
599 2104 661 2145 eras
674 2090 831 2146 moriamur.
853 2087 946 2146 Palam
998 2089 1048 2150 bit.

143 2172 300 2245 disciplinas
322 2186 430 2235 nostros
443 2176 469 2215 ⁴⁵
487 2176 667 2237 vindicemus.
692 2179 747 2237 Nos
761 2179 826 2237 certi
841 2193 943 2246 sumus,

836 2275 933 2340 Varie
958 2276 1114 2341 lectiones.

141 2478 168 2552 Q
181 2408 211 2535 ⁴8³3
220 2408 329 2538 lge'lileln.
345 2409 371 2448 44
377 2407 434 2479 Est,
459 2408 524 2466 odd.
542 2409 628 2467 Semi.
643 2415 669 2456 ⁴⁵
683 2416 793 2474 Vestras
808 2408 894 2470 Semt.
909 2409 935 2450 44
947 2409 978 2466 ln
993 2409 1069 2466 tellit
1093 2405 1178 2466 Semi.
1195 2406 1220 2445 44
1236 2405 1362 2461 Potentes
1384 2403 1446 2460 bct.
1459 2402 1485 2442 '⁸⁸
1506 2402 1650 2478 Saginator
1664 2407 1752 2468 Semi.
1768 2409 1795 2451 ⁴⁹

168 2496 187 2536 u
308 2521 315 2534 .

838 2602 1089 2668 Commentarius.

141 2726 210 2784 pore
233 2710 351 2768 lfontani
379 2710 558 2782 disciplinam,
587 2709 702 2784 ideoque
730 2710 936 2784 supradixit:
990 2708 1121 2782 vasquod
1144 2706 1303 2765 allemania
1329 2703 1471 2761 miliarium
1487 2703 1644 2786 dicebatur.
1672 2708 1713 2768 ba
1741 2712 1793 2772 pn,

144 2804 156 2832 ι
178 2783 215 2839 Et
227 2783 321 2839 merito
336 2790 362 2839 te
377 2783 494 2855 priorem
508 2781 623 2852 jactitas.
643 2804 654 2831 n
672 2783 735 2839 llus.
1026 2774 1793 2856 (lblbupleeopudtepraesidenlsbusbonorbinispar-

179 2853 236 2926 (69)
250 2856 341 2926 Apape
355 2854 388 2908 ic
405 2854 514 2911 coculis
533 2855 633 2925 feruet.
651 2853 748 2920 Pauli..
764 2851 785 2907 l.
802 2867 886 2908 xmus.
901 2851 937 2924 D,
992 2851 1068 2908 tibur
1082 2852 1249 2926 deputator.
1273 2849 1355 2931 Binas
1370 2856 1459 2931 portes
1484 2846 1611 2975 intelliffiit
1630 2858 1752 2910 uentrem
1766 2865 1794 2913 et

142 2923 220 2981 instr.
243 2926 326 2981 «Nec
343 2925 456 2981 multum
475 2924 555 2980 refert
568 2923 638 2980 inter
659 2927 774 2981 cacabos
787 2933 814 2979 et
827 2939 935 2989 mouns,
989 2931 1138 2990 veretrum,
1166 2925 1218 2978 boe
1240 2929 1291 2987 est,
1314 2919 1463 2993 ingluviem
1482 2926 1509 2974 et
1523 2917 1571 2974 libr
1593 2936 1675 2977 inem.
1699 2925 1792 2997 ltaque

140 2997 215 3068 quod
234 3012 316 3068 supra
336 2996 426 3052 focum
449 2996 571 3068 pendet:
592 2996 634 3051 bis
652 3010 725 3076 aquo
738 2995 773 3050 ad
788 2994 936 3065 potandum
989 2994 1124 3067 episcopis
1137 2994 1209 3066 apud
1223 2991 1372 3065 Psycbicos
1395 2988 1537 3071 duplicem
1566 2991 1680 3063 quidem
1702 2997 1791 3054 hono·

139 3066 239 3134 alent,
254 3069 282 3122 in
301 3066 353 3122 illis
372 3067 581 3138 pulmentarium
604 3076 739 3138 coquntur.
757 3086 769 3116 s
786 3066 935 3122 Commen-
988 3081 1047 3121 rem
1061 3064 1183 3121 exhiberi
1198 3063 1246 3129 ait,
1259 3063 1309 3119 scd
1328 3077 1383 3116 non
1407 3070 1437 3117 ut
1456 3059 1591 3141 fratribus
1605 3072 1633 3120 et
1657 3069 1792 3138 praeposi-

138 3147 211 3197 tator
238 3138 373 3196 luvenalis
413 3142 527 3196 cacabos
563 3139 711 3195 bascaudas
742 3137 934 3209 interpretatur
988 3136 1033 3203 tis,
1049 3135 1162 3209 qnodd
1200 3135 1285 3191 stolus
1315 3140 1485 3207 preceperit,
1506 3146 1601 3191 verum
1625 3146 1655 3194 ut
1682 3139 1746 3210 gula
1764 3149 1792 3197 et

137 3211 173 3266 ad
188 3217 270 3283 satyr.
296 3213 340 3278 ll,
362 3211 414 3266 boc
427 3219 469 3268 est
491 3225 554 3265 uasa
579 3209 607 3265 in
631 3209 731 3284 quibus
745 3208 843 3266 calices
858 3208 932 3266 lava·
987 3206 1169 3280 oinopotenti
1191 3223 1233 3263 us.
1249 3207 1313 3264 ltro.

136 3281 249 3347 bantur,
267 3280 351 3338 nolim
364 3281 392 3338 id
416 3282 516 3354 optime
529 3280 632 3338 dictum
650 3295 780 3338 asserere.
796 3281 847 3337 Est
859 3278 931 3336 enim
949 3256 972 3335 Β

311 3624 396 3788 o.
435 3621 671 3767 saun.
720 3614 1618 3890 unonspffnauummm

734 3976 814 4079 DE
850 3967 1179 4091 PUDlClTIA.

349 4357 437 4416 919
460 4358 716 4417 ARGUMENTllll.
948 4369 972 4449 ὓ
1021 4349 1067 4409 lv.
1087 4350 1377 4425 lamueropostquam
1392 4351 1494 4421 docuit,
1524 4353 1649 4411 moechiae
1676 4365 1703 4414 et
1726 4357 1785 4415 lor·

170 4450 192 4506 1.
216 4447 355 4507 Pudicitiae
374 4465 464 4507 amore
487 4449 665 4507 Tertullianus
686 4447 715 4503 in
736 4444 862 4502 baeresim
885 4445 930 4502 la·
986 4438 1128 4498 nicationis
1150 4438 1260 4497 nomine
1282 4456 1312 4498 se
1338 4441 1570 4513 comprehendere
1593 4443 1683 4500 omnia
1723 4445 1785 4503 libi-

132 4551 212 4610 psns,
226 4537 297 4594 libro
309 4538 363 4596 hoe
375 4554 494 4594 errorem
513 4537 632 4595 llonlani
648 4545 809 4609 prosecutus
823 4537 858 4593 de
873 4551 930 4592 non
985 4528 1079 4588 diuum
1093 4527 1200 4587 delicta·

131 4626 299 4700 recipiendis
316 4627 527 4699 penitentibus,
548 4627 642 4682 saltem
660 4625 773 4685 moeebis
796 4630 822 4681 et
845 4624 932 4682 forni-
1021 4620 1055 4676 ll.
1072 4620 1215 4678 bloecbiam
1228 4617 1387 4676 idololatriae
1406 4625 1434 4676 et
1456 4617 1602 4679 homicidio
1621 4625 1782 4696 comparari,

132 4716 280 4783 catonibus,
300 4716 383 4772 laude
405 4715 543 4787 pudicitia
565 4715 716 4788 praemissa,
735 4714 854 4786 idipsum
877 4713 931 4770 bn·
985 4726 1019 4769 ex
1034 4710 1179 4782 Scripturis
1192 4710 1321 4768 ostendit.

130 4807 179 4876 ius
193 4805 254 4862 libri
267 4819 458 4879 argumentum
483 4805 575 4877 paucis
588 4803 690 4863 indicat
714 4804 824 4879 (fassus,
841 4819 871 4861 se
884 4819 931 4860 re·
1020 4799 1067 4856 lll.
1083 4798 1140 4854 Etsi
1163 4812 1226 4856 vero
1247 4798 1278 4854 in
1299 4796 1392 4855 lleteri
1416 4798 1590 4853 Testamento
1613 4806 1719 4856 exstent
1740 4816 1784 4858 ex·

132 4899 188 4959 tro,
213 4908 311 4967 nempe
334 4910 395 4951 eum
417 4896 514 4951 librum
541 4893 575 4950 de
602 4895 767 4952 Poenitentia
787 4893 930 4961 scriberet,
985 4890 1074 4961 ampla
1088 4887 1176 4947 venia
1191 4902 1240 4958 pro
1254 4888 1381 4956 moechis,
1398 4886 1515 4944 inveniri
1531 4885 1612 4943 etiam
1624 4887 1735 4962 judicii;
1756 4896 1784 4948 et

130 4980 244 5039 alterius
270 4983 355 5042 fuisse
383 4984 556 5056 sententiae),
585 4984 702 5040 maxime
729 4998 792 5040 cum
823 4983 932 5043 eulmen
984 4976 1065 5034 aliam
1078 4993 1138 5035 esse
1151 4976 1224 5035 Noti
1238 4976 1404 5034 Testamenti
1418 4975 1563 5035 rationem·

129 5069 278 5129 eriminum
293 5081 404 5131 teneant
419 5072 535 5131 moecbia
550 5083 577 5130 et
591 5072 744 5131 fornicatio.
1019 5066 1080 5126 Vll.
1095 5066 1230 5138 Deinceps
1256 5065 1311 5122 late
1326 5066 1447 5138 disputat
1465 5066 1501 5124 de
1528 5067 1661 5138 parabola
1674 5068 1734 5128 oris
1755 5077 1783 5128 et
1809 5078 1810 5082 ’

165 5159 200 5216 ll.
221 5159 310 5233 Atque
332 5160 475 5231 imprimis,
497 5161 644 5232 scripturis
662 5161 819 5232 Scripturas
839 5176 931 5235 oppo·
983 5155 1121 5214 drachmae
1135 5156 1257 5228 perdite.

128 5262 207 5317 oens,
231 5249 294 5307 inde
312 5249 440 5324 colligere
467 5250 572 5317 nititur,
595 5249 695 5308 delicta
721 5250 847 5323 quadam
867 5265 931 5309 esse
1018 5245 1285 5304 lllll·1X.ltemde
1303 5244 1546 5304 duorunfiliorum
1560 5248 1699 5320 parabola.

129 5337 314 5407 remissibilia,
332 5339 383 5396 alia
397 5339 607 5397 irremissibilia.
1018 5334 1056 5392 X.
1077 5336 1264 5393 Poanitentiem
1288 5334 1361 5392 enim
1383 5335 1464 5394 etiam
1478 5336 1592 5395 ethnicis
1615 5343 1780 5409 competere.

165 5426 211 5483 lll.
235 5428 296 5486 Non
319 5436 411 5486 tamen
434 5438 579 5501 propterea
602 5428 793 5505 negligendam
815 5445 929 5504 prorsus
1018 5426 1070 5485 Xl.
1093 5425 1201 5485 Exinde
1223 5424 1340 5486 olfacta
1359 5426 1468 5486 Domini
1491 5425 1684 5500 peccatoribus
1706 5426 1781 5484 adite

125 5512 291 5575 delictorum
308 5519 488 5591 quorumdam
501 5518 697 5592 poedtenttrm.
981 5514 1124 5575 describit.
