3840 6134
128 251 181 318 ⁷6³
473 246 695 313 ttutmtlttll
708 247 847 315 oessablt
863 249 950 317 tltts
967 249 1002 315 tl.
1021 281 1058 299 -
1076 249 1192 315 samos
1211 249 1234 323 1,
1249 248 1424 314 mutulae.
1717 249 1773 313 'lbi

380 367 460 434 m
478 373 590 438 capot
612 376 673 436 xl..
819 428 835 441 ,,
937 392 963 476 Α
1158 399 1163 409 ·
1275 376 1388 436 CAPUT
1402 373 1474 439 att.

164 462 204 520 lta
235 460 324 523 omnis
356 462 446 524 anima
476 481 511 526 eo
529 482 619 541 usqne
645 467 673 524 ln
691 464 781 524 Adam
799 473 923 527 cenoetur
1012 467 1111 527 ddum
1137 467 1220 542 igitur
1244 467 1352 538 animae,
1372 476 1472 541 praeter
1502 463 1577 540 qnod
1595 481 1630 525 ex
1652 463 1775 525 obventu

74 628 81 637 υ
129 553 220 623 (Rom.
243 555 287 627 a),
311 552 398 614 donec
421 553 581 614 inebriato
604 565 797 625 recenseatur;
820 554 923 614 tamdiu
976 557 1088 632 spiritus
1112 573 1228 632 neqmm
1254 557 1458 630 superstruitur,
1491 571 1525 614 ex
1556 551 1673 631 originis
1703 553 1773 614 uilio

128 642 278 716 immunda,
304 645 433 719 quamdiu
457 654 631 704 recenseatur
651 646 810 719 :peccatrix
823 654 922 713 autem,
977 645 1120 713 antecedit,
1158 645 1280 704 naturale
1319 646 1517 719 quodammodo
1552 644 1620 719 (tt).
1654 645 1726 703 Nam
1745 653 1776 702 ut

128 730 191 802 quia
219 732 368 805 immunda,
402 733 538 806 recipiens
566 735 743 809 ignominiam
775 751 808 793 ex
834 735 925 792 carnis
977 735 1102 809 diximus,
1124 743 1228 794 naturae
1248 736 1385 810 corruptio
1406 736 1458 791 alia
1476 745 1572 792 natura
1598 742 1651 802 est,
1671 734 1776 791 habens

128 821 259 880 societate
273 823 342 897 (70).
355 824 425 881 Nam
439 823 492 881 etsi
522 839 587 883 caro
611 825 758 898 peccatrix,
775 824 925 882 secundum
977 840 1057 883 suum
1078 825 1158 884 deum
1179 833 1208 883 et
1220 833 1335 898 patrem,
1355 825 1444 898 ipsum
1467 823 1570 882 scilicet
1592 818 1776 895 corruptionis

15 940 18 947 ·
129 927 212 983 qnam
225 911 349 970 incedere
361 913 549 986 prohibemur,
563 915 644 986 cujus
666 928 750 986 opera
764 913 926 970 damnantur
978 923 1130 986 auctorem
1153 923 1293 974 attamen
1315 915 1379 971 insit
1400 924 1428 971 et
1448 915 1550 973 bonnm
1570 912 1679 980 animae,
1708 911 1776 970 illud

128 1002 346 1076 concupiscentis
359 1004 487 1062 aduersus
510 1003 645 1077 spiritum,
665 1007 702 1062 ob
715 1021 798 1077 quam
825 1021 923 1062 carna·
978 1002 1135 1076 principale,
1151 1002 1216 1060 illud
1231 1003 1352 1062 mainum
1371 1013 1451 1076 atque
1469 1016 1640 1074 germanum,
1660 1008 1690 1056 et
1707 1013 1775 1072 pro·

129 1094 169 1152 les
183 1102 310 1152 notantur
333 1094 369 1167 ²⁶,
385 1103 542 1154 nontamen
568 1111 618 1153 sno
634 1095 744 1153 nomine
765 1110 828 1153 caro
855 1093 924 1152 infa-
979 1092 1038 1165 prio
1052 1093 1184 1151 naturale.
1208 1091 1288 1165 Quod
1311 1091 1412 1149 enimc
1432 1092 1490 1149 Deo
1510 1099 1562 1159 est,
1576 1105 1633 1147 non
1658 1097 1714 1146 mm
1729 1105 1775 1147 ex·

130 1182 193 1240 mis.
209 1185 303 1257 Neque
317 1184 390 1242 enim
412 1184 446 1242 de
459 1183 569 1258 proprio
583 1184 653 1256 sapit
674 1185 750 1258 quid,
766 1192 813 1244 aut
834 1183 927 1252 sentit,
981 1182 1128 1257 stinguitur
1158 1184 1227 1255 (75),
1261 1199 1344 1255 quam
1376 1181 1565 1239 obumbretur.
1597 1180 1688 1237 Potest
1705 1178 1778 1236 enim

130 1273 164 1330 ad
178 1272 342 1330 suadendam
356 1273 399 1332 vel
412 1273 598 1347 imperandam
622 1274 796 1347 peccatelam.
816 1273 927 1345 Quidni,
982 1273 1148 1344 obumbrari,
1173 1273 1306 1347 quianon
1328 1281 1370 1330 est
1383 1272 1472 1344 Deus;
1496 1269 1632 1343 exstingui
1660 1284 1718 1327 non
1731 1283 1779 1341 po-

130 1379 192 1436 quaa
215 1361 393 1420 ministerium
415 1364 477 1422 esti
500 1374 529 1422 et
555 1362 746 1432 ministerium,
767 1379 822 1422 non
849 1363 928 1437 quale
983 1369 1044 1432 test,
1067 1363 1132 1436 quia
1153 1379 1169 1419 a
1187 1364 1245 1421 Deo
1277 1370 1328 1419 est.
1354 1363 1456 1435 ltaque,
1476 1360 1545 1418 sicut
1569 1360 1664 1418 lumen
1687 1357 1781 1433 aliquo

130 1467 235 1525 servus,
250 1453 293 1510 rel
307 1454 396 1512 minor
410 1452 511 1510 amicus
531 1453 596 1525 l'll),
610 1453 739 1511 animalia
767 1453 879 1511 nomina
892 1452 928 1520 ²³,
981 1453 1119 1511 obstaculo
1150 1453 1319 1526 impeditum,
1344 1463 1444 1522 manet,
1473 1449 1518 1507 sed
1543 1466 1599 1507 non
1626 1454 1779 1522 comparet,

130 1542 177 1598 sed
192 1542 273 1614 quale
287 1543 365 1612 calix,
375 1543 418 1602 rel
432 1543 498 1617 quid
511 1543 584 1599 allud
595 1542 730 1614 ejusmodi
746 1557 856 1616 corpus,
872 1557 928 1601 non
982 1540 1005 1598 si
1027 1547 1102 1599 tanta
1123 1540 1244 1601 deneas
1268 1540 1402 1600 obstaculi
1421 1539 1501 1597 fuerit
1515 1539 1557 1608 31;
1573 1539 1610 1592 ita
1637 1543 1666 1596 et
1678 1537 1782 1594 bonum

63 1662 68 1669 ·
132 1630 356 1692 animaruum
375 1632 635 1699 satieminietsrium
656 1630 847 1699 sitientisest;
876 1631 929 1688 nisi
982 1629 1011 1689 in
1038 1630 1165 1688 ammae
1190 1627 1261 1689 malo
1286 1644 1460 1704 oppressum,
1480 1643 1531 1701 pro
1555 1625 1684 1700 qualitate
1710 1625 1781 1696 ejus,

134 1730 223 1780 tamen
239 1723 286 1795 qui
300 1721 364 1789 sitit,
380 1722 494 1780 calicem
508 1714 560 1779 sibl
570 1721 789 1792 accommodarit,
804 1720 872 1780 nibil
884 1737 931 1778 ca·
945 1681 968 1759 Β
983 1726 1029 1778 aut
1043 1719 1072 1775 in
1087 1729 1170 1777 totum
1193 1728 1280 1789 vacat,
1296 1720 1429 1778 occultata
1451 1718 1512 1776 luce
1530 1716 1567 1786 ³²,
1581 1723 1628 1772 aut
1652 1729 1705 1787 qua
1729 1713 1783 1769 da-

133 1807 171 1865 lix
184 1808 356 1867 ministrabit.
379 1809 455 1867 Adeo
479 1809 554 1864 nulls
579 1808 731 1882 proprietas
754 1810 874 1869 hominis
903 1812 932 1867 in
985 1817 1028 1867 tur
1045 1809 1141 1880 radiat,
1162 1809 1272 1867 inventa
1285 1808 1418 1866 libertate.
1441 1806 1487 1865 Sic
1508 1803 1663 1879 pessimat
1687 1802 1785 1875 optimi

133 1897 242 1964 cboicm
257 1898 353 1956 oecita
367 1898 519 1955 carobomo
530 1903 659 1970 tanquam
669 1897 723 1955 alia
733 1898 774 1956 ris
784 1899 894 1970 animae,
903 1907 933 1958 et
985 1897 1105 1970 quidam,
1121 1905 1149 1956 et
1162 1897 1341 1956 nihilominus
1355 1913 1439 1954 unum
1463 1911 1559 1952 omnes
1572 1893 1670 1951 animer
1682 1907 1782 1965 genua.

134 1977 185 2042 alin
199 2000 329 2058 persona3
345 1987 394 2043 sed
408 2001 452 2044 res
471 1992 499 2043 et
513 1985 622 2044 alterius
636 1986 716 2058 plane
730 1988 890 2045 substantiae
905 1996 933 2047 et
986 1986 1031 2044 Sic
1044 1997 1072 2044 et
1085 1986 1113 2042 in
1127 1985 1253 2058 pessimis
1266 1985 1369 2060 aliquid
1382 1983 1459 2057 boni,
1472 1993 1501 2041 et
1510 1983 1539 2040 in
1552 1982 1664 2056 optimis
1678 1979 1782 2038 nonni·

134 2072 246 2132 alterius
269 2075 441 2145 conditionis,
469 2074 579 2133 addicto
601 2083 693 2133 tamen
716 2074 822 2143 animae,
839 2083 870 2134 ut
884 2092 931 2133 su·
985 2074 1021 2130 hil
1038 2074 1160 2146 pessimi.
1176 2073 1255 2131 Solus
1269 2074 1342 2132 enim
1357 2075 1431 2130 Deus
1459 2073 1517 2129 sine
1529 2079 1654 2145 peccato,
1667 2079 1697 2129 et
1711 2069 1784 2128 solus

135 2161 233 2236 pellex,
244 2171 275 2221 ut
287 2165 499 2224 instmmentum
507 2164 537 2222 iu
551 2163 759 2222 elficiaeritae.
770 2165 839 2223 Caro
850 2166 933 2239 igitur
985 2165 1068 2221 horno
1089 2164 1147 2220 sine
1170 2170 1282 2235 peccato
1306 2165 1362 2236 (76)
1395 2162 1530 2231 Christus,
1560 2161 1625 2235 quia
1655 2165 1683 2217 et
1711 2161 1784 2216 Deus

99 2303 102 2307 .
135 2253 329 2325 increpaturin
343 2257 502 2327 Scripturis,
517 2255 581 2329 quia
595 2255 765 2313 nibilenima
779 2257 838 2314 sine
853 2271 934 2314 carne
986 2252 1122 2310 Christus.
1148 2242 1193 2308 Sic
1220 2260 1246 2309 et
1274 2250 1400 2308 divinitas
1418 2251 1515 2308 animae
1549 2250 1580 2314 in
1607 2248 1743 2322 praesagia
1758 2247 1784 2286 ³³

137 2431 307 2502 idololatriae,
339 2435 503 2508 caetcrisqne
525 2433 690 2503 carnalibus,
713 2449 769 2490 non
796 2433 934 2504 sensibus,
988 2428 1141 2486 stimonium
1173 2429 1287 2500 prodit:
1302 2433 1376 2488 Deos
1405 2428 1509 2488 bonust
1528 2430 1601 2485 Deos
1627 2424 1721 2493 co'dct,·
1747 2429 1785 2493 el,

143 2520 192 2576 sed
224 2521 374 2579 effectibus.
396 2523 519 2595 Denique
541 2537 648 2589 sensus,
677 2520 836 2580 delictorum
866 2522 934 2593 (77),
991 2521 1044 2576 ileo
1055 2520 1227 2581 commendo.
1242 2519 1389 2592 Propterea
1401 2517 1475 2574 nulla
1485 2515 1576 2573 anima
1588 2513 1649 2572 sine
1660 2511 1786 2579 crimine,

136 2609 217 2665 etiam
232 2609 292 2667 sine
312 2611 463 2680 effectibus,
480 2611 607 2682 imputari
640 2608 730 2668 solent
756 2610 864 2668 animm.
884 2612 937 2682 Qui
988 2609 1053 2681 quia
1067 2608 1143 2666 nulla
1157 2610 1216 2666 sine
1233 2607 1298 2665 boni
1313 2608 1429 2666 semine.
1452 2605 1567 2665 Proinde
1581 2620 1645 2662 cum
1658 2603 1695 2660 ad
1708 2601 1787 2658 fidem

135 2698 431 2758 tridera’tomlierorre³³
445 2699 763 2772 adcoocopircentiom,
774 2697 937 2770 inmadulte·
989 2699 1114 2769 pervenit
1141 2699 1290 2755 reformata
1309 2714 1360 2771 per
1382 2697 1530 2754 meandum
1555 2691 1724 2752 nativitatem
1755 2705 1787 2748 ex

135 2787 204 2844 ravit
231 2787 259 2843 in
283 2789 375 2844 corde.
408 2788 552 2856 Caeterum,
582 2787 648 2858 quid
670 2800 734 2843 caro
754 2786 813 2842 sine
832 2786 934 2852 anima,
988 2802 1060 2860 aqua
1083 2794 1111 2844 et
1129 2802 1247 2859 superna
1275 2787 1372 2845 virtute
1398 2786 1434 2854 ³⁴,
1458 2785 1577 2841 detracto
1604 2779 1789 2854 corruptionis

136 2876 251 2948 perinde
266 2877 292 2932 in
303 2875 460 2946 opemtione
475 2874 630 2946 probitatis,
640 2875 762 2945 justitiae,
774 2873 935 2942 tolerantiae,
988 2875 1109 2949 pristinae
1123 2876 1221 2946 aulaeo,
1237 2883 1321 2932 totam
1347 2876 1434 2932 lucem
1454 2889 1530 2929 snam
1550 2869 1692 2942 conspicit.
1707 2866 1786 2923 Exci·

137 2963 293 3035 pudicitie?
308 2965 392 3020 Porro
415 2964 495 3036 quale
519 2970 571 3030 est,
587 2973 617 3019 ut
638 2962 682 3019 cui
697 2979 747 3018 nec
767 2963 838 3018 bona
852 2963 937 3019 docn-
990 2963 1065 3035 pitnr
1078 2965 1160 3021 etiam
1183 2980 1199 3020 a
1217 2962 1319 3035 Spiritu
1340 2970 1445 3033 sancto,
1466 2961 1536 3018 sicut
1554 2959 1584 3015 in
1604 2956 1721 3030 pristina
1741 2970 1790 3011 na·

136 3060 227 3107 menta
256 3051 368 3124 propria
390 3050 557 3115 subscribas,
587 3050 613 3106 ei
641 3049 754 3107 crimina
786 3049 938 3122 adpingas?
992 3051 1096 3110 tirilate
1117 3051 1243 3124 aspiritu
1265 3051 1380 3123 profano
1399 3052 1433 3109 ³⁵.
1454 3049 1582 3123 Sequitur
1610 3045 1729 3103 mimam
1744 3059 1788 3099 nn·

137 3140 189 3197 Sed
205 3157 236 3197 ea
260 3157 310 3211 per
324 3157 406 3212 quam
430 3140 608 3213 delinquitur,
624 3139 796 3209 convenitur,
820 3149 850 3196 ut
863 3140 938 3197 illua
992 3141 1101 3198 bcnlem
1126 3141 1232 3213 spiritui
1245 3157 1319 3209 caro,
1338 3150 1369 3197 ut
1392 3139 1480 3196 dotale
1503 3135 1678 3207 mancipium,
1694 3134 1787 3204 etjam

138 3247 192 3301 qna
223 3230 399 3302 delinquitur,
419 3239 556 3296 oneretur,
578 3229 656 3286 etiam
682 3228 709 3284 in
729 3227 870 3286 ministerii
889 3246 937 3287 ac·
993 3246 1049 3286 non
1064 3230 1162 3287 animae
1185 3228 1292 3299 famula
1309 3229 1357 3285 sed
1371 3228 1491 3299 spiritus.
1512 3225 1659 3284 Obeatum
1683 3236 1790 3280 connu-

137 3318 302 3376 cusationem
332 3318 367 3374 ³⁰.
396 3318 511 3377 Gravior
534 3316 634 3372 invidia
659 3324 701 3373 est
733 3315 760 3370 in
780 3316 936 3385 presidem,
990 3317 1079 3386 bium,
1095 3318 1118 3376 si
1136 3333 1191 3376 non
1203 3317 1344 3376 admiserit
1359 3314 1539 3372 adulterium!

141 3405 302 3466 Uwcum
329 3407 419 3466 officia
432 3407 575 3479 pulsantur
588 3405 656 3479 (73).
686 3404 750 3460 Plus
762 3404 876 3461 cuditur
890 3404 937 3478 qui
1235 3404 1314 3464 m
1333 3404 1445 3462 CAPUT
1462 3403 1547 3459 XLlI.

136 3494 223 3566 jubet,
241 3497 351 3569 quando
369 3512 421 3556 nee
433 3495 480 3570 qni
496 3493 667 3568 obsequitur,
681 3499 837 3553 excusatur.
1028 3497 1068 3554 De
1099 3503 1186 3554 morte
1215 3495 1273 3566 jam
1306 3498 1439 3567 superest,
1457 3500 1487 3550 ut
1514 3489 1570 3547 illic
1598 3488 1714 3547 materia
1744 3500 1793 3559 po·

826 3619 922 3683 Variae
944 3622 1102 3687 lectiones.

173 3731 199 3770 ¹³
216 3729 329 3786 Infamia
342 3729 406 3786 odd.
432 3730 517 3786 Semi.
543 3726 567 3766 ²³
590 3725 721 3783 Animalia
736 3724 843 3782 nomine
866 3726 953 3783 Seml.
968 3725 994 3766 ²³
1010 3726 1126 3785 Ollicina
1141 3730 1227 3787 Semt.
1240 3727 1266 3766 ²⁹
1280 3725 1419 3782 Mulierem
1436 3726 1532 3782 omitt.
1561 3726 1628 3780 Por.
1659 3719 1693 3803 ad
1724 3733 1791 3774 con·

142 3801 431 3929 isuimgrunicrzugss
451 3798 760 3925 acieicrilssitricigem'
783 3796 806 3837 ³¹
834 3796 883 3853 vla
901 3796 965 3857 odd.
981 3797 1039 3855 cod.
1066 3800 1198 3872 Aqobcrd.
1223 3799 1248 3839 ³³
1280 3797 1395 3856 Occulta
1417 3799 1504 3856 Fron.
1524 3796 1549 3838 ³³
1563 3795 1712 3850 Prmsentra
1731 3791 1792 3846 lca.

842 3938 1093 4023 Commentarius.

176 4075 232 4147 (70)
249 4075 394 4200 Rccafft'ertc
413 4073 603 4144 tpoominiom
623 4086 662 4128 ee
675 4072 773 4129 cornis
796 4072 941 4128 socictate.
997 4072 1045 4130 sed
1061 4073 1135 4148 quod
1149 4074 1251 4131 habitat
1276 4073 1305 4131 in
1318 4087 1373 4139 me,
1389 4073 1441 4128 boc
1455 4067 1537 4128 estin
1551 4084 1632 4126 carne
1645 4081 1718 4132 mea,
1735 4079 1796 4138 pec·

142 4147 209 4204 Cum
224 4148 305 4202 Terta
328 4145 406 4201 ianus
418 4144 510 4201 statim
525 4143 595 4200 dicat
622 4158 731 4199 carnem
746 4159 805 4199 non
824 4158 875 4200 atto
889 4160 943 4200 no·
998 4150 1097 4203 catum.
1118 4148 1186 4204 rm.
1720 4207 1725 4217 ¹

141 4221 219 4276 mina
233 4216 372 4287 infamem,
394 4214 513 4271 dubitari
529 4222 628 4284 potest,
654 4229 719 4270 num
734 4215 843 4270 sincero
861 4229 943 4270 sensu
1035 4218 1091 4290 (73)
1120 4219 1191 4276 Gom
1215 4218 1313 4290 officio
1330 4215 1498 4289 pulsantur.
1519 4212 1549 4267 ld
1576 4218 1628 4275 est,
1644 4206 1794 4265 Ofticrales.

141 4291 148 4345 l
190 4289 319 4345 ontiniam
360 4287 457 4344 animae
480 4286 582 4342 tribuat
614 4301 648 4340 ex
678 4284 816 4341 consortio
848 4284 939 4341 carnis
956 4304 978 4381 n
995 4289 1162 4363 Augustinus
1189 4289 1218 4345 in
1249 4287 1319 4346 Psal.
1335 4303 1411 4343 xxi:
1445 4285 1512 4356 Quis
1535 4283 1579 4340 bic
1600 4280 1668 4363 alter
1689 4279 1796 4350 episcc-

161 4366 281 4416 umtaxat
295 4368 407 4430 propter
433 4373 537 4413 meram
551 4356 694 4430 originem,
711 4371 744 4411 an
760 4355 823 4427 quia
836 4355 939 4412 instru-
995 4375 1049 4432 pus
1068 4367 1110 4417 est
1125 4361 1159 4416 de
1183 4368 1260 4432 parte
1274 4358 1392 4416 Donatif
1418 4354 1565 4427 Respondit
1581 4350 1701 4409 effictum
1719 4349 1797 4406 :Nos

142 4439 260 4488 mentum
276 4431 374 4487 babeat
401 4431 491 4485 anima
505 4427 688 4499 delinquendi,
705 4436 735 4482 ut
748 4442 811 4508 mox
831 4429 939 4496 probat.
997 4446 1051 4486 non
1073 4432 1197 4489 novimus
1211 4431 1265 4488 nisi
1281 4429 1420 4487 Aurelium
1435 4425 1606 4505 catholicum.
1621 4425 1687 4504 ilis.

142 4502 249 4574 Alioqui
282 4501 431 4559 secundum
450 4499 643 4557 Tertullianum
670 4498 730 4570 ipsa
745 4513 834 4553 amma
853 4497 881 4551 in
909 4513 940 4552 so
1033 4502 1091 4575 (74)
1108 4504 1248 4560 Naturale
1267 4498 1643 4576 quodammodo.1)istmgurt
1659 4491 1798 4552 camarata

144 4574 234 4630 trahet
246 4591 279 4630 ex
293 4574 397 4629 Adamo
411 4573 573 4643 originalem
594 4572 711 4640 culpam,
727 4584 790 4625 cum
805 4569 892 4639 ipsam
906 4584 941 4623 cx
1000 4574 1211 4648 quodammodo,
1227 4590 1243 4629 a
1257 4581 1361 4629 naturae
1392 4568 1569 4641 corruptione
1582 4565 1621 4623 sic
1636 4565 1752 4627 dictum,
1771 4566 1799 4618 ol

144 4645 255 4702 traduce
286 4645 382 4701 Ademi
411 4640 592 4726 proseminari
623 4647 752 4715 nugetur,
766 4640 839 4710 quod
871 4646 946 4696 notat
1002 4647 1140 4702 naturate
1165 4646 1291 4768 proprie,
1307 4642 1384 4715 cujus
1398 4641 1488 4722 adbuc
1518 4635 1798 4717 reliquiasagnoscit,

146 4716 275 4787 Magister
289 4716 413 4773 Senleut·
429 4715 479 4771 ltb·
494 4713 604 4786 11,d18l·
621 4713 665 4768 3¹·
681 4713 747 4768 [itc-
959 4756 964 4765 .
1004 4732 1100 4786 nempe
1119 4715 1183 4770 boni
1206 4717 1279 4769 illus
1301 4714 1374 4786 quod
1401 4708 1551 4838 principale
1584 4716 1684 4763 eratin
1712 4719 1800 4760 anima

180 4781 948 4861 (illflonqatolcscrooc,velmiooromicas.Minorem
1002 4794 1065 4843 ante
1077 4787 1183 4856 lapsum
1206 4785 1324 4842 hominis
1359 4785 1387 4839 in
1428 4781 1518 4840 omine
1531 4782 1586 4851 jam
1613 4784 1757 4848 cormpto,
1771 4781 1798 4829 et

145 4859 262 4915 amicum
286 4858 360 4925 dicit,
387 4857 432 4928 qui
447 4856 530 4928 longe
555 4851 736 4925 potentiorem
758 4853 879 4934 enricum
896 4854 947 4910 de·
1002 4873 1056 4913 non
1071 4865 1127 4912 tam
1146 4857 1308 4913 exstinctum
1321 4828 1387 4911 iilud
1401 4871 1482 4925 quam
1508 4848 1716 4931 obumbratum,
1728 4847 1796 4926 Pau.

146 4930 229 4985 misse
261 4928 325 4985 dolii
348 4938 374 4984 el
396 4929 532 4983 observat.
556 4925 710 4982 Amiculum
731 4924 800 4980 dixti
818 4923 947 4981 Horatius
1037 4927 1094 4999 (75)
1112 4927 1190 4998 Quod
1209 4931 1288 4985 enim
1309 4930 1394 4984 aDeo
1415 4930 1467 4990 est,
1483 4939 1541 4980 non
1560 4926 1620 4977 tam
1635 4922 1800 4990 exstuma-

148 5001 273 5072 ΕΡΜθῑιι
288 5000 325 5055 Μ
344 5001 480 5056 Sssoevam·
506 4998 671 5067 Elmajms
695 4995 806 5059 ibidem·
820 5012 872 5068 pro
892 5011 946 5068 po·
1003 5003 1072 5057 lor?
1085 5008 1138 5057 etc.
1153 4999 1241 5055 Sumit
1254 5000 1395 5070 pulcbmm
1408 4995 1592 5066 metaphoram
1606 5006 1622 5046 a
1635 4991 1700 5048 luce
1715 5007 1723 5045 ε
1740 5002 1801 5043 nam

148 5069 421 5126 ³³⁰³i0³ib1¹³³mici³
438 5085 445 5123 :
1001 5071 1011 5125 i
1031 5087 1060 5126 se
1089 5072 1203 5128 facielnt
1230 5071 1346 5125 animam
1374 5067 1505 5147 lucidam,¹
1518 5073 1547 5120 ut
1574 5078 1659 5145 supra
1676 5077 1752 5141 cap.⁸
1774 5061 1801 5113 9.

230 5176 261 5234 Et
272 5181 321 5234 scis
338 5197 389 5248 qno
404 5183 507 5233 tandem
522 5189 595 5246 pacto
613 5182 700 5233 deceat
712 5179 852 5246 mojoribns
869 5182 917 5234 nti.
1003 5144 1238 5271 “gfffglffbiffiffi'
1251 5130 1805 5281 fflfficetuff'ssfflagfflfflffif‘ihlffi

149 5285 242 5353 Μθδΐ,
253 5283 363 5347 amico,
378 5280 467 5353 inquil
479 5279 642 5354 POPphytiQ
662 5280 710 5337 scd
723 5282 757 5338 ira
769 5280 949 5340 comeatum·
1002 5284 1085 5357 mine,
1101 5294 1130 5342 ut
1143 5293 1265 5343 recentes
1279 5284 1366 5341 nostri
1376 5280 1497 5338 baeretici
1510 5273 1735 5336 maximevolnnt
1749 5285 1808 5347 nott

149 5374 199 5416 Μ(
212 5357 336 5426 77770768
350 5354 481 5411 dicimus
497 5354 561 5410 lim·
831 5420 866 5432 ..
1003 5364 1056 5411 tam
1071 5357 1252 5426 imminutum,
1269 5371 1350 5428 quam
1365 5354 1485 5410 deletum
1499 5365 1569 5408 esse.
1586 5351 1653 5406 Ltc.
1714 5416 1740 5428 ..

185 5429 242 5499 (Ὦ)
256 5427 381 5500 milui
405 5441 507 5482 ³³³⁸¹³³
531 5423 712 5501 mmm,
736 5428 791 5479 ³³⁰·
804 5421 877 5477 Nlbll
897 5423 950 5492 1¹0⁶,
1039 5430 1097 5500 (76)
1121 5429 1200 5487 Solus
1214 5430 1294 5487 bomo
1321 5427 1384 5484 aim
1407 5427 1531 5498 peccato.
1555 5421 1658 5479 Natura
1679 5416 1802 5497 sctlrcctl

150 5500 216 5556 facit
228 5508 259 5556 ut
272 5504 412 5572 peceatrrm
436 5495 477 5551 ori
499 5493 569 5550 'nde
582 5494 680 5551 animm
698 5495 858 5564 imputetur,
873 5493 949 5564 quia,
1004 5508 1108 5556 namet
1126 5500 1156 5556 a.
1173 5501 1256 5572 virgo
1280 5499 1340 5555 sine
1353 5504 1466 5569 peccam
1489 5493 1551 5560 fuit,
1575 5493 1623 5551 sed
1638 5506 1674 5549 ex
1704 5495 1802 5565 gratae

151 5571 239 5646 inquit
251 5573 348 5645 Apoet
376 5569 456 5627 Rom.
478 5512 510 5638 il,
523 5567 580 5639 jam
605 5581 661 5626 non
684 5580 849 5640 egooperor
869 5564 939 5624 illud
1004 5573 1088 5647 dono,
1103 5588 1159 5630 non
1172 5587 1206 5630 εχ
1219 5569 1312 5628 debito
1325 5579 1438 5627 num,
1454 5568 1527 5624 Eun,
