3840 6134
130 339 184 404 585
697 338 792 400 illitu
812 341 888 400 hilii.
913 340 1175 403 vutuurtlttthos
1717 341 1770 403 586

129 465 294 523 delibatione
308 464 526 537 transpunctoria
540 463 565 503 ⁴⁹
575 463 739 537 expugnatio
754 467 820 536 (31).
840 464 925 523 55⁰
940 489 963 568 Α
979 469 1053 522 lluuc
1079 465 1286 524 substantialiter
1314 466 1422 539 quidem
1442 467 1549 525 hittun
1562 467 1702 525 'FBhBltlll
1716 483 1768 538 ap·

128 552 338 627 Congressionis
364 552 497 608 lusionem
521 555 632 625 deputa,
661 553 755 617 laetor,
780 560 841 609 ante
869 569 924 624 pu·
980 556 1101 627 pellant,
1128 554 1205 612 55¹
1235 555 1413 626 personaliter
1445 572 1509 614 uero
1536 557 1712 614 llBBhPllllN
1741 563 1769 613 et

127 642 248 715 gnam⁵0
261 642 328 712 (38).
339 639 496 707 Ostendam,
507 640 556 697 sad
566 656 621 697 aon
636 640 788 711 imprimam
803 641 923 697 vulnera.
976 645 1044 699 ΤΗΝ
1059 645 1167 700 ΑΡΧΙΙΝ
1182 643 1250 716 (43),
1266 643 1345 701 etiarn
1373 645 1477 715 Bython
1502 645 1527 684 ⁵¹·
1554 645 1629 717 (tt);
1644 646 1717 716 qnod
1742 645 1769 701 in
1849 706 1852 711 ,

125 728 153 784 Si
182 738 210 785 et
237 727 368 784 ridebitur
395 726 503 796 alicubi,
532 727 652 784 materiis
686 727 752 797 ipsis
788 727 923 784 satisfiet:
976 732 1137 789 sublimibus
1165 732 1296 789 habitanti
1317 732 1427 789 minime
1442 733 1616 804 congruebat.
1633 734 1767 800 lanatum,

127 817 214 872 multa
236 822 299 871 suot
327 815 366 871 414
391 814 501 888 indigna
525 816 638 885 reuinci,
662 831 695 871 ne
712 815 841 889 grauitate
856 816 921 873 ado·
978 817 1150 890 immensum,
1193 819 1338 890 inlinitum,
1378 820 1553 892 invisibilem,
1588 828 1770 891 aeternumque

129 906 222 958 rentur
236 901 272 955 ⁵¹.
297 899 416 958 Vanitati
431 902 540 973 proprie
554 901 683 959 festivitas
700 903 780 959 cetlit.
796 904 925 977 Congruit
978 906 1109 965 definiunt
1134 926 1141 963 :
1156 909 1231 981 qnasi
1259 908 1350 964 statim
1364 909 1478 980 probent
1492 924 1552 966 csse
1566 909 1588 965 si
1604 909 1685 965 talem
1699 907 1769 964 deli·

128 988 273 1046 4144414411
289 987 388 1053 ridere,
405 988 468 1060 quia
485 989 594 1054 lateam
606 988 639 1044 da
657 989 760 1045 aemulis
773 992 831 1046 suis
845 990 925 1046 lude·
977 994 1052 1051 nient
1066 995 1172 1068 qualem
1186 995 1288 1053 scimus
1302 1012 1360 1054 esse
1379 997 1488 1062 debere,
1517 1006 1547 1053 ut
1564 997 1603 1054 sic
1618 997 1642 1036 ⁵⁵
1657 1004 1684 1052 et
1708 1006 1769 1054 aute

128 1092 166 1143 re,
180 1077 246 1146 quia
269 1091 365 1132 secura
390 1085 442 1132 est.
464 1076 620 1132 Curandum
641 1078 720 1146 plane
734 1093 767 1133 ne
782 1077 851 1133 risus
865 1078 926 1147 cius
977 1083 1067 1139 omnia
1095 1083 1179 1140 luisse
1203 1084 1317 1141 dicatur.
1342 1084 1397 1141 Sed
1419 1094 1448 1141 ut
1471 1084 1506 1141 sit
1529 1086 1671 1158 expostulo
1686 1084 1767 1158 (45);

129 1166 260 1231 rideatur,
289 1163 313 1217 si
341 1163 420 1219 luerit
446 1162 583 1234 indignus.
612 1163 746 1220 Caeterum
774 1166 926 1237 ubicunque
975 1186 1025 1228 nec
1039 1170 1111 1228 aliud
1127 1171 1214 1244 magis
1236 1172 1264 1229 in
1291 1173 1448 1243 hujusmodi
1475 1173 1573 1230 denoto
1596 1173 1666 1245 (46),
1688 1189 1770 1245 quam

127 1252 226 1325 dignus
241 1251 324 1320 risus,
343 1249 462 1308 osticium
485 1259 537 1311 est.
552 1252 674 1326 lienique
688 1255 741 1311 boc
755 1253 836 1313 modo
853 1253 925 1311 inci·
975 1258 1047 1331 quod
1068 1268 1128 1330 past
1142 1260 1232 1316 omnia
1246 1261 1426 1327 inueniuntur,
1443 1263 1490 1332 qni
1504 1267 1565 1317 ante
1579 1263 1669 1317 omnia
1687 1260 1770 1319 inisse

127 1340 212 1414 piam.
388 1396 391 1401 ,
975 1344 1108 1413 dicuntur,
1124 1348 1272 1420 etquidem
1288 1362 1340 1404 non
1357 1364 1413 1403 sua.
1430 1346 1470 1404 Sit
1485 1348 1575 1420 itaque
1594 1348 1696 1420 Bythos
1710 1348 1770 1422 (41)

430 1481 545 1539 CAPUT
563 1482 611 1540 vn
976 1434 1027 1491 iste
1046 1434 1157 1491 infinitis
1189 1443 1260 1492 retro
1288 1436 1352 1511 aevis
1379 1436 1407 1490 in
1432 1436 1546 1491 maxima
1582 1444 1607 1490 et
1639 1435 1769 1492 altissima

614 1521 622 1538 ⁸
976 1523 1075 1595 quiete,
1091 1524 1119 1578 in
1133 1523 1188 1579 otio
1209 1523 1334 1594 plurimo,
1347 1523 1460 1594 placidae
1491 1531 1528 1593 et,
1543 1532 1573 1581 ut
1587 1525 1623 1580 ita
1642 1523 1768 1591 dixerim,

159 1603 269 1661 Primus
283 1602 403 1660 omnium
417 1603 519 1660 Ennius
532 1613 612 1678 poete
626 1621 765 1674 romanus,
774 1606 925 1664 Coenacula
977 1610 1109 1682 stupentis
1136 1610 1294 1679 divinitatis,
1318 1611 1426 1685 qualem
1451 1612 1531 1683 jussit
1558 1611 1699 1682 Epicurus.
1733 1614 1769 1668 Et

127 1696 259 1750 44441444
280 1692 342 1749 44441
370 1690 527 1764 simpliciter
546 1692 736 1765 pronuntiavit,
751 1694 842 1750 delati
857 1694 924 1751 situs
977 1706 1065 1755 tamen
1084 1715 1165 1772 quam
1190 1700 1278 1756 solnm
1297 1700 1400 1769 uolunt,
1428 1699 1493 1755 daut
1519 1701 1544 1755 ei
1569 1701 1713 1756 secundam
1739 1700 1770 1757 in

130 1780 241 1839 nornine
264 1779 300 1849 ⁵²,
324 1778 368 1838 vel
394 1780 459 1852 quia
475 1781 569 1838 iovem
585 1782 639 1837 illic
658 1784 809 1854 epulantem
822 1782 924 1856 legerat
940 1773 963 1853 Β
978 1787 1037 1859 ipso
1050 1795 1149 1844 etcum
1167 1787 1226 1857 ipso
1242 1801 1392 1857 personam,
1408 1787 1542 1852 Ennoean,
1556 1801 1636 1858 quam
1653 1794 1679 1843 et
1695 1787 1768 1844 Cha·

133 1869 203 1940 apud
221 1868 380 1924 Bomerum.
411 1867 465 1924 Sed
483 1869 602 1927 haeretici
615 1876 729 1942 quantas
743 1871 924 1942 supernitates
976 1874 1018 1932 rin
1035 1885 1062 1933 et
1082 1876 1163 1948 Sigen
1189 1877 1300 1946 iusuper
1322 1875 1470 1932 nominant.
1493 1877 1528 1932 Et
1551 1874 1619 1931 sorte
1638 1875 1769 1933 accedunt

132 1956 337 2028 supernitatum
367 1965 394 2012 et
420 1965 536 2028 quantas
572 1957 748 2015 sublimitates
771 1958 923 2016 sublimita-
976 1963 1063 2019 inilia
1076 1963 1342 2021 commendatissima
1359 1963 1464 2035 quiete,
1486 1977 1597 2019 monere
1610 1962 1635 2001 ⁵⁵
1649 1977 1712 2018 eum
1733 1961 1767 2020 de

129 2052 184 2103 tum
198 2046 257 2115 (19)
272 2043 300 2098 14
327 2045 512 2101 habitaculum
527 2046 570 2101 dei
592 2045 636 2102 sui
659 2046 791 2118 cuiusque
810 2060 924 2117 suspen·
976 2054 1136 2124 proferendo
1162 2053 1272 2111 undem
1295 2052 1371 2109 initio
1397 2067 1487 2108 rerum
1500 2066 1516 2106 a
1530 2050 1690 2123 semetipso.
1710 2051 1768 2108 lloo

128 2132 226 2200 derint,
242 2133 397 2199 extulerint,
419 2132 607 2205 expanderint,
636 2133 733 2191 mirum
757 2143 808 2190 est.
833 2133 923 2191 Etiam
976 2142 1034 2199 viee
1058 2140 1168 2198 seminis
1192 2143 1220 2195 in
1248 2140 1328 2213 Siges
1356 2156 1422 2205 snae,
1451 2138 1533 2196 ueluti
1558 2138 1719 2212 genitalibus
1742 2137 1766 2177 ⁵²

128 2220 240 2279 imiimi
267 2229 361 2277 1¹⁰⁸F⁰
387 2221 508 2278 Enniani
528 2220 734 2292 eoenaeulsttot
753 2220 923 2278 118110414-
974 2227 1063 2287 ruluae
1086 2228 1162 2296 locis,
1191 2228 1312 2286 collocat.
1329 2228 1450 2300 Suscipit
1473 2227 1518 2283 illa
1532 2226 1632 2297 statim,
1648 2234 1675 2282 et
1688 2241 1765 2297 prae·

128 2324 186 2365 rum
199 2308 333 2379 disposita
347 2318 409 2365 sunt
436 2307 532 2380 torma,
557 2309 616 2364 aliis
630 2318 711 2381 atque
724 2308 784 2364 aliis
804 2310 923 2384 pergulis
975 2332 1063 2390 gnam
1095 2315 1218 2387 allicitur,
1246 2324 1273 2374 et
1300 2316 1370 2389 parit
1397 2316 1491 2390 ntique
1519 2315 1624 2372 silentio
1642 2314 1716 2388 Sige,
1740 2321 1769 2371 et

129 2398 336 2470 superstructis,
351 2405 379 2455 et
394 2397 541 2469 unicuique
568 2399 620 2455 deo
644 2412 693 2470 per
707 2396 818 2454 totidem
837 2398 923 2456 scalas
975 2420 1055 2479 quens
1069 2405 1141 2477 parit
1157 2406 1213 2461 Nus
1226 2411 1277 2472 est,
1294 2403 1461 2461 simillimum
1486 2404 1552 2477 patri
1566 2413 1592 2461 et
1611 2417 1768 2474 parumper

129 2487 289 2553 distributis,
304 2495 370 2560 quot
394 2488 513 2544 haereses
526 2486 635 2545 luerint.
656 2487 819 2543 lleritorium
834 2486 923 2547 iactus
976 2493 1075 2551 omnia.
1091 2492 1216 2564 Denique
1234 2492 1309 2549 solus
1323 2493 1367 2548 hic
1383 2507 1482 2565 capere
1496 2491 1594 2549 44111414
1608 2491 1766 2548 immensam

130 2577 314 2643 autmundus,
336 2574 617 2633 lasulamFeliculam
631 2575 656 2613 ⁵³
670 2575 764 2632 credas
778 2574 836 2648 (41)
851 2584 924 2633 tanta
955 2574 1051 2639 ¹illam
1065 2591 1093 2639 et
1105 2580 1403 2651 incomprehensibilem
1430 2580 1642 2654 magnitudinem
1670 2579 1765 2652 patris.

130 2667 241 2723 oanan
255 2666 403 2735 cereum
417 2664 507 2723 nesus
522 2664 566 2720 aot
584 2665 652 2738 (44).
678 2663 736 2722 run
767 2664 839 2722 snam
866 2666 922 2724 vs·
976 2670 1015 2727 tu
1047 2679 1074 2728 a
1101 2656 1270 2742 1444454
1297 2668 1494 2740 recreamur,
1514 2669 1621 2726 anisium
1635 2669 1766 2736 omnium,

129 2752 337 2813 unanimorum
371 2755 444 2814 Beus
472 2755 507 2811 ad
533 2768 653 2812 summas
680 2753 783 2827 tegulas
811 2753 918 2811 habitat
977 2763 1006 2814 et
1019 2757 1129 2831 propria
1142 2758 1319 2832 Monogenes.
1334 2756 1435 2831 Atquin
1461 2771 1516 2814 non
1533 2756 1656 2830 proprie,
1681 2754 1766 2830 siqui-

809 2852 906 2916 Variae
926 2856 1080 2919 lectiones.

158 2958 381 3017 Transiunetoria
399 2960 463 3018 len.
479 2958 674 3016 Deliberatione
689 2957 895 3014 transfunctoria
910 2960 989 3016 Pam.
1004 2964 1089 3018 Fran.
1107 2964 1171 3019 Par.
1186 2959 1387 3017 Deliberatione
1416 2956 1631 3033 transpunctoria
1644 2959 1713 3016 tan.
1734 2960 1762 3014 44

131 3047 257 3088 manusc
273 3031 298 3069 ⁵⁰
314 3032 400 3086 llaud.
435 3047 555 3105 ugnam;
571 3032 664 3096 Puris,
681 3029 742 3094 alii,
759 3045 791 3084 an
809 3045 944 3101 puguam;
960 3032 1013 3087 atii
1027 3040 1072 3088 aut
1089 3048 1215 3103 pugnam.
1232 3030 1255 3069 ⁵¹
1271 3032 1444 3087 Adornentur
1467 3034 1536 3087 iun.
1550 3030 1611 3085 ⁵²B
1631 3029 1676 3084 lati
1699 3028 1767 3084 situs

132 3103 217 3159 liban.
234 3103 320 3160 Semi.
338 3049 748 3181 5314114414444444414484441.
770 3100 880 3181 0144414.
896 3101 921 3139 51
934 3101 1058 3170 Bythion.
1075 3103 1160 3160 liban.
1187 3103 1271 3160 semt.
1299 3101 1408 3160 044441.
1423 3102 1448 3141 ⁵⁵
1463 3101 1498 3159 tu
1511 3101 1588 3159 abest
1601 3107 1619 3158 a
1632 3099 1721 3157 1114444.
1737 3103 1766 3156 41

131 3172 204 3232 otiis.
220 3172 245 3213 ⁵¹
259 3173 367 3231 llorere
382 3174 469 3230 uisu.
485 3176 566 3230 Fam.
576 3176 604 3228 44
618 3172 681 3229 atti.
697 3171 721 3210 ⁵³
737 3171 816 3228 Velut
828 3187 856 3227 ru
870 3172 1034 3244 genitalibus
1044 3174 1133 3230 11444.
1149 3176 1179 3231 44
1192 3173 1255 3229 alii.

822 3264 977 3333 Commeat
997 3273 1070 3332 rius.

162 3348 351 3418 (antiscanii
362 3348 528 3406 delibatione
538 3348 771 3422 transpunctoria
782 3362 923 3420 expugna·
938 3363 960 3441 c
977 3290 1105 3404 iteratur
1129 3354 1219 3404 autern
1250 3362 1300 3419 per
1332 3344 1531 3401 translationem
1559 3343 1657 3401 insulta
1686 3345 1766 3401 etiarn

133 3419 179 3475 tio.
200 3419 259 3475 iioc
281 3426 331 3487 est,
352 3419 534 3492 sugillabimus
546 3420 654 3491 quidem
668 3426 695 3474 et
710 3417 861 3487 libabimus,
872 3418 921 3472 sed
974 3420 1072 3475 domus
1086 3433 1126 3474 ma
1149 3434 1200 3489 nae,
1228 3418 1437 3488 circumquaque
1455 3416 1498 3472 uia
1516 3415 1624 3487 puhlica
1646 3414 1764 3472 cincta:

130 3502 183 3544 non
205 3500 335 3571 transpun
357 3506 441 3571 44444.
457 3490 599 3570 sugillatio
619 3489 724 3562 pnngit.
742 3488 920 3569 Ι1444444414
974 3492 1016 3546 hue
1031 3490 1086 3545 lere
1101 3436 1186 3546 soient
1201 3489 1323 3568 tabernas
1343 3486 1491 3543 institorias
1501 3501 1560 3568 'per
1587 3501 1668 3543 omna
1695 3485 1766 3541 14444

131 3566 309 3634 transpungu.
334 3505 383 3618 fite
397 3567 479 3633 igitur
492 3574 546 3616 nou
561 3569 614 3616 erut
633 3561 667 3615 de
689 3558 862 3642 sugillatione
876 3566 922 3614 aut
974 3561 1081 3616 habere.
1098 3561 1155 3617 lloc
1172 3575 1259 3634 genus
1290 3559 1409 3631 aliquam
1432 3572 1556 3626 suspicor
1583 3558 1676 3613 Bomae
1695 3555 1767 3612 aule·

131 3628 259 3688 libatione
276 3631 488 3702 transpunctoria
510 3633 681 3702 expugnatio.
710 3632 754 3686 Suc
778 3630 877 3703 legitur
891 3629 920 3684 iu
973 3630 1059 3698 brem,
1088 3640 1134 3686 aut
1161 3637 1233 3686 certe
1260 3629 1356 3685 Cartha
1379 3628 1449 3684 hiis.
1482 3626 1625 3684 Feliculam
1654 3628 1766 3699 apparet

132 3701 246 3770 antiquis
274 3703 526 3773 exemplariorum
547 3702 714 3758 verissimam
742 3715 803 3756 esse
824 3701 921 3756 lectio·
974 3701 1072 3757 dictam
1099 3716 1116 3756 a
1140 3701 1229 3757 Felice
1243 3699 1338 3755 insulae
1376 3698 1476 3766 omino,
1491 3699 1545 3755 nisi
1558 3697 1766 3769 marisacopia

132 3787 192 3828 nem
222 3771 358 3829 declarant
381 3788 442 3847 quae
464 3780 612 3843 sequuntur
641 3770 849 3839 :s0stendem,
873 3771 920 3827 sed
975 3772 1326 3831 rerumvtnattumunau.
1531 3774 1538 3788 '

132 3856 185 3899 nou
208 3842 360 3912 imprimam
375 3845 496 3901 uulnera.
510 3863 522 3894 s
538 3842 622 3913 Quasi
647 3842 750 3900 diceret
765 3859 772 3897 :
788 3842 920 3914 Pungam,
1011 3844 1068 3912 (11)
1083 3843 1176 3900 Nescio
1190 3843 1246 3901 uhi.
1263 3843 1326 3898 llaec
1343 3840 1514 3913 reperiuntur
1527 3839 1556 3896 in
1569 3839 1710 3898 codicibus
1718 3852 1767 3896 en·

132 3926 185 3969 uon
201 3914 374 3984 perfodiam.
390 3914 452 3970 Rtu.
975 3912 1066 3985 tiquis,
1082 3915 1128 3969 scd
1144 3913 1228 3968 nihilo
1244 3913 1330 3986 magis
1344 3913 1492 3979 probanda.
1507 3911 1571 3967 Bra.

164 3982 227 4056 (18)
242 3985 448 4057 Congressionis
464 3984 601 4040 lusionem
615 3982 730 4056 deputa,
745 3982 839 4048 lector,
855 3984 922 4039 anto
1011 3983 1068 4053 (13)
1097 3983 1272 4037 BPBAPllllN
1287 3992 1314 4040 et
1338 3984 1406 4038 'ltltt
1428 3982 1549 4036 hl’llBN.
1567 3980 1649 4038 Vetus
1670 3994 1765 4037 exem·

149 4070 265 4127 uquam
282 4055 513 4111 SiclrabeutliBri
539 4062 652 4110 ueteres.
678 4053 730 4109 Sed
745 4053 922 4109 nihilomiuus
975 4053 1033 4124 plar
1061 4054 1163 4110 Pithoei.
1192 4054 1366 4120 ΛΙΙΡΟΑΡΧῼ
1392 4051 1584 4119 llPhFPllllN,
1600 4053 1689 4108 4444444
1715 4053 1767 4122 Bp·

130 4071 286 4200 iigcndum,
318 4126 524 4199 Congressioni.
560 4124 664 4181 uitauit
689 4126 724 4180 ad
746 4126 922 4193 praelusioncs
975 4122 1067 4179 thien.
1093 4125 1131 4177 Br
1151 4125 1228 4190 cuias
1246 4125 1384 4194 scripturae
1398 4124 1518 4191 vestigiis
1532 4123 1674 4194 legendum
1689 4121 1767 4174 uide·

133 4197 325 4266 gladiuturum,
355 4212 414 4268 quae
446 4196 545 4253 lebant
571 4195 695 4252 rudibus.
724 4193 829 4248 Etenim
853 4194 921 4249 lusio
976 4201 1044 4258 tur,
1072 4193 1267 4250 llPtlllhTOPh
1295 4204 1321 4249 et
1347 4193 1534 4257 llPOAFllBN,
1570 4194 1657 4247 etiam
1684 4189 1766 4260 apti.

133 4273 195 4321 ante
213 4282 331 4339 pugnam
345 4279 385 4323 est
400 4267 534 4340 praelusio.
554 4267 597 4321 hu
621 4265 703 4333 igitur
718 4282 726 4318 ι
742 4266 815 4319 Hauc
837 4264 921 4320 lusio·
976 4263 1184 4318 transnaturus
1194 4268 1291 4320 autom
1304 4267 1332 4318 44
1346 4266 1504 4320 Proarclten
1518 4265 1546 4317 44
1560 4264 1717 4332 Propatora
1739 4261 1767 4314 44

132 4352 193 4393 nem
206 4348 269 4395 ante
292 4352 421 4410 pugnam,
449 4339 542 4403 lector,
571 4337 670 4409 deputa
697 4334 882 4406 congressioni
895 4340 923 4391 et
975 4331 1087 4406 Bython
1101 4337 1210 4399 vocant,
1227 4334 1332 4396 Graeca,
1347 4336 1418 4402 apud
1433 4332 1582 4403 Epiphan„
1596 4331 1697 4388 habent
1710 4340 1768 4387 tan-

132 4423 197 4467 1140
217 4409 367 4464 certamini.
382 4410 422 4465 lo.
977 4403 1428 4476 144411444444444441Β4114.1144.

164 4479 436 4551 (39)84441444“44444
456 4479 675 4535 sublimitatum.
692 4476 819 4540 lrenaeus,
834 4473 865 4531 in
879 4474 923 4530 in·
1014 4475 1070 4546 (44)
1088 4476 1182 4531 litium
1198 4474 1314 4547 Bython.
1344 4474 1415 4530 Bacis
1429 4470 1520 4527 dicunt
1544 4468 1631 4527 Graeci
1652 4467 1767 4540 prolun-

131 4549 282 4607 ristbiiibns
300 4549 558 4605 etineuarrabilibus
571 4547 763 4604 altitudinibus.
782 4564 794 4596 s
811 4545 853 4601 lo.
979 4545 1053 4601 dunt.
1068 4544 1122 4614 Qui
1135 4552 1222 4602 autem
1238 4543 1398 4626 sprofundo
1410 4542 1536 4599 conuenit
1555 4554 1654 4621 nomeu
1667 4539 1768 4596 habere

165 4620 402 4691 (nomenante.
419 4621 562 4677 Coenacula
580 4625 641 4674 suut
658 4616 800 4689 superiora
814 4617 923 4672 domus.
978 4631 1113 4672 summum
1139 4616 1387 4672 Valentinianorum
1413 4614 1503 4683 deum,
1531 4612 1696 4667 habitantem
1714 4624 1769 4665 uon

132 4688 633 4750 14414441441441144444441114444(
650 4689 716 4744 Cum
731 4687 813 4755 enim,
825 4686 921 4759 inquit,
939 4688 1004 4783 nin
1019 4685 1165 4758 prolundu,
1180 4687 1227 4744 sed
1242 4687 1269 4742 in
1288 4684 1455 4754 sublimibus,
1479 4691 1506 4739 et
1529 4683 1562 4737 ad
1577 4694 1697 4736 summas
1711 4694 1769 4762 cce·

132 4770 211 4818 aucto
225 4764 324 4818 mirum
343 4763 370 4818 in
394 4763 504 4817 modum
531 4762 652 4817 Romano
673 4757 782 4831 populo,
813 4773 924 4815 necesse
977 4757 1083 4812 lestium
1109 4757 1310 4813 coenaculornm
1338 4754 1451 4829 tegulas,
1483 4760 1514 4810 ut
1538 4752 1635 4826 jocans
1673 4752 1769 4806 scribut

133 4832 230 4889 luisset
250 4832 278 4888 in
303 4833 449 4890 coenaculis
474 4831 587 4886 habitari
611 4832 683 4899 (nam
704 4838 765 4885 ante
789 4843 849 4884 cum
875 4843 924 4899 per
976 4827 1090 4884 Tertull.
1115 4828 1223 4900 Bptlton
1244 4828 1363 4885 lrenaeus
1396 4832 1485 4884 vocat.
1508 4823 1690 4881 Tertullianus
1719 4821 1769 4893 Bp·

131 4902 265 4959 1441441444
281 4903 358 4961 urbis
380 4904 487 4967 licebat,
503 4903 582 4958 unius
595 4909 698 4956 tantum
716 4898 925 4972 contignationis
979 4899 1069 4955 thien.
1085 4898 1178 4955 uass.
1610 4961 1616 4974 ⁸

133 4980 209 5031 erant
229 4973 364 5046 edificia),
384 4976 416 5029 ad
437 4973 602 5030 edificiorum
615 4971 771 5028 altitudines
784 4973 925 5029 deventum
1014 4966 1661 5048 (444444444444444444411444411444444
1671 4960 1769 5019 aduer-

131 5052 159 5102 at
171 5042 273 5100 aedium
289 5044 474 5115 frequentiam.
486 5064 499 5096 s
512 5046 606 5100 Ruart.
979 5054 1026 5096 sus
1041 5056 1088 5097 eos
1100 5092 1103 5097 ,
1113 5041 1248 5097 contendo
1265 5057 1272 5094 a
1295 5040 1383 5095 Deum
1397 5043 1459 5095 aute
1473 5053 1563 5094 amara
1578 5036 1662 5117 14444
1676 5075 1684 5100 ,
1697 5032 1769 5114 quod

164 5116 208 5185 (41
253 5116 382 5171 lassatam
404 5115 559 5172 Feliculam
573 5115 677 5171 eredas.
699 5111 797 5168 lusulm
818 5110 926 5168 nomine
977 5119 1066 5168 444444
1092 5110 1144 5181 ipsi
1168 5111 1326 5182 negantqui
1340 5119 1502 5167 ooaemucam
1516 5110 1573 5165 Beo
1583 5114 1770 5163 4444144444-

136 5187 213 5269 appel
228 5193 308 5242 antur
319 5188 391 5240 aedes
403 5200 464 5257 quae
478 5201 532 5240 uon
546 5186 695 5256 iunguntur
706 5182 851 5252 parietibus
864 5198 925 5239 cum
977 5180 1064 5238 buunt
1077 5183 1207 5238 Bunoeam
1219 5183 1277 5237 site
1290 5183 1381 5252 Sigen.
1399 5182 1460 5237 liro.

133 5256 236 5312 4144414.
252 5258 316 5312 1144
330 5257 409 5328 igitur
433 5254 484 5312 init
496 5256 604 5327 insigne
626 5252 733 5323 aliquod
748 5254 924 5324 meritorium,
1013 5254 1059 5324 (41
1074 5251 1217 5312 Naoaliud
1226 5256 1315 5326 magis
1330 5254 1361 5308 in
1376 5246 1697 5324 hujusmodidanoto.1n
1717 5246 1770 5300 hu·

133 5324 160 5380 in
172 5342 229 5400 quo
243 5327 364 5383 tabulata
387 5326 596 5399 quamplurima,
611 5339 709 5379 nomen
734 5322 843 5380 domino
867 5324 924 5381 lor·
974 5322 1106 5394 jusmodi,
1123 5324 1350 5380 scilicetAEouum
1365 5322 1462 5378 fabula.
1480 5323 1519 5377 ln.

132 5402 192 5452 tuan
207 5397 322 5454 inditum
336 5397 428 5454 Felici.
444 5399 469 5453 ls
487 5412 552 5455 vero
566 5395 689 5452 Feliculae
706 5409 762 5449 444
776 5395 923 5451 tabulatum
1012 5394 1070 5467 (45)
1084 5399 1119 5452 Bt
1133 5395 1245 5467 quidem
1262 5394 1454 5452 monstrabit
1476 5388 1699 5466 itaquaBytltos.
1728 5383 1769 5466 lta

132 5482 290 5540 supremum
304 5467 449 5524 habitabat.
462 5468 509 5525 Est
523 5469 550 5523 in
567 5467 672 5523 Arriani
693 5464 843 5534 Epicteticis
864 5480 925 5521 ser·
978 5466 1086 5536 scripsit
1098 5467 1255 5530 Bhenanus;
1285 5480 1346 5520 cum
1361 5475 1437 5519 antea
1464 5462 1598 5535 legeretur
1622 5476 1629 5514 ε
1654 5460 1689 5514 ut
1704 5470 1768 5529 qut·

131 5539 158 5596 ri
182 5539 413 5605 nomen‚Felicio.
430 5540 493 5596 Bra.
508 5567 544 5582 -
559 5538 685 5596 lassatam
699 5536 862 5616 Feliculam.
879 5536 924 5593 Sic
977 5535 1040 5594 dam
1053 5550 1111 5595 non
1124 5552 1176 5595 sua
1188 5551 1226 5595 44.
1241 5537 1338 5611 ltaque
1350 5536 1462 5608 Bythos,
1469 5541 1521 5590 etc.
1531 5533 1573 5588 lo.

131 5608 301 5685 scripsimus,
325 5610 433 5683 quando
460 5610 632 5669 consentiunt
657 5606 820 5681 exemplaria
856 5622 923 5664 mss.

224 5716 348 5777 Persou.
365 5715 399 5773 ll.
1642 5705 1678 5762 ts
