3840 6134
71 266 127 328 (33
472 249 478 261 ‘
679 252 722 315 ott
740 250 827 316 loon
845 251 880 316 th
897 251 1156 320 Paastcdutotta.
1679 272 1731 334 134

70 389 196 450 osteudis
215 389 380 458 praeceptum
391 377 521 478 ,fugiendi
542 378 577 437 de
597 379 706 439 civitate
727 381 755 437 ιιι
779 380 874 439 ιιιιιι-
892 383 1154 474 Αιιιςιιθιιιιιιιι
1171 364 1333 444 versiculum
1356 389 1493 447 saecularis
1511 397 1649 454 sententias
1676 401 1730 459 ,ihi

72 491 126 537 tem
157 470 352 533 restaurasse?
384 482 445 538 quta
476 481 526 524 uec
554 469 703 541 potuissent
729 467 782 526 tale
808 469 875 543 quid
932 471 1081 530 adhibent:
1110 477 1162 546 Qui
1175 476 1311 549 sapiebat,
1339 494 1438 535 rursus
1457 483 1637 552 praeliabitur
1651 490 1710 560 (lt)

1719 508 1726 521 O

72 568 242 626 constituere
264 570 316 618 ιιιιι
342 555 507 657 wolfarium
535 558 666 629 exemplis
693 556 760 624 suit,
781 566 811 615 ut
832 559 878 614 iu·
931 569 960 617 ιιι
974 570 1001 620 et
1016 580 1112 623 rursus
1126 565 1241 623 forsitan
1254 565 1351 638 fugiat.
1365 566 1399 623 Et
1418 571 1528 640 quande
1550 575 1648 642 vincet,
1669 581 1727 650 qui,

72 676 136 734 gum
152 654 390 721 mandarent3qu1
414 662 474 704 cum
500 647 619 704 maxime
636 649 670 705 dc
693 648 808 706 vinculis
833 649 877 705 sel
930 665 991 706 cum
1017 652 1126 728 fugerit,
1152 654 1240 712 rictus
1264 654 1328 711 est?
1350 655 1456 711 Bonum
1485 658 1597 718 mihtem
1620 665 1730 724 Christo
1815 664 1822 690 '

71 746 178 812 insulis,
213 740 316 813 quibus
338 736 373 792 ob
402 735 612 803 contessionem,
638 752 693 792 non
720 738 755 793 oh
784 736 876 809 fugam
931 739 1286 816 imperatorisuepraestst,
1312 745 1427 815 quitum
1443 746 1525 817 plene
1547 751 1581 803 ab
1597 752 1729 823 Apostnlo

72 835 203 900 nominis,
231 826 450 891 continebantur,
487 824 522 880 ad
546 825 683 885 Ecclesias
713 825 876 883 scribebant.
931 841 1060 903 armatus,
1086 835 1150 889 tuba
1177 834 1372 905 persecutionis
1399 834 1502 905 audita,
1531 837 1603 894 dium
1631 843 1732 900 deserit

72 925 199 981 infirmos
223 917 356 976 sustinere
377 914 453 984 iubet
481 911 593 985 Paulus,
613 915 703 986 utique
725 914 797 970 enim
820 929 877 970 nou
931 922 1152 990 persecutionis?
1172 922 1352 994 Respondebo
1366 931 1394 980 ct
1416 940 1471 996 ego
1486 926 1519 983 de
1543 931 1647 986 saeculo
1677 933 1730 988 ali-

73 1015 213 1087 iugieutes
227 1009 237 1080 (
253 1005 389 1080 quomodo
404 1003 475 1058 enim
490 1003 692 1060 sustinebantur
707 1005 876 1076 absentesl).
931 1008 1012 1081 quim

73 1108 113 1160 tu
134 1097 271 1174 patientia
285 1093 349 1151 dicit
373 1090 556 1160 sustinendos,
579 1091 663 1148 sicubi
687 1108 736 1164 per
757 1091 877 1148 infirmi·
993 1115 1079 1182 pm,
1094 1118 1191 1171 adeone
1207 1119 1271 1169 mod
1284 1120 1406 1170 mimum
1425 1123 1480 1171 w?

73 1199 157 1247 tatem
186 1185 252 1244 fidei
283 1198 339 1239 ιιι)
359 1179 543 1237 οιιιιιιιιιιιιιι
570 1181 614 1236 Sic
641 1190 669 1237 et
692 1182 878 1255 pusillanimes
1306 1183 1389 1246 (vine.
1407 1184 1508 1236 AEsetd.
1524 1200 1572 1248 sn,
1587 1191 1643 1240 616.

74 1276 226 1342 consolari,
243 1288 299 1331 uon
313 1281 403 1327 mmeu
418 1269 446 1323 in
461 1268 555 1341 lugam
574 1268 654 1327 mitti.
679 1270 731 1327 Sed
749 1287 810 1327 cum
825 1273 877 1327 ad·
931 1279 1059 1336 Moriatur
1071 1294 1181 1352 quoquo
1196 1275 1666 1351 modopupvjctm,„uppicpohppa'm
1677 1299 1722 1347 eps

74 1374 170 1424 monet
185 1384 193 1422 2
210 1365 249 1421 Ne
266 1363 356 1418 locvm
370 1355 445 1413 ”¹⁰¹⁰
457 1357 555 1414 ‘lemni
571 1358 684 1429 (ΕΜ
700 1375 737 1428 Νι
749 1361 806 1429 27),
823 1373 877 1415 ⁰⁰¹1
932 1370 1058 1441 negando
1079 1369 1215 1436 ceciderit,
1236 1386 1296 1427 cum
1316 1373 1457 1427 tormentis
1474 1384 1563 1432 tamen
1580 1380 1731 1449 prelatus.

74 1458 148 1530 lugae
163 1446 453 1529 suggerilffissssffiumr
473 1445 522 1502 sed
543 1445 689 1503 ifflssussdiae
712 1447 789 1502 (Ῐθῢθῑ
809 1456 880 1504 itm·
932 1457 1001 1512 Malo
1030 1457 1212 1513 miserandum
1242 1460 1561 1531 quamerubescendum.
1591 1467 1732 1525 Pulchrior

75 1552 275 1623 paramentum.
286 1539 322 1594 ιιι
332 1534 558 1594 siredirnendurn
569 1540 677 1607 tempas
691 1535 756 1591 dicit
766 1535 877 1609 (Ephes.
933 1553 974 1602 est
991 1546 1070 1601 miles
1084 1545 1111 1600 iu
1132 1547 1226 1618 prelio
1241 1547 1366 1615 amissus,
1387 1563 1469 1619 quam
1483 1549 1511 1605 iu
1539 1552 1602 1624 inge
1627 1555 1729 1612 sulvus.

75 1655 101 1706 r,
117 1639 177 1708 to),
195 1631 265 1707 quic
278 1629 336 1686 dies
350 1642 472 1699 nequam
488 1629 577 1682 sant:
592 1639 646 1682 uou
656 1624 819 1699 perfugam,
830 1627 878 1683 sed
933 1635 1023 1690 Times
1039 1634 1187 1704 homiuem,
1212 1635 1371 1703 Christiane,
1398 1653 1479 1709 quem
1507 1639 1596 1697 timeri
1622 1650 1731 1713 oportet

76 1743 123 1799 per
156 1719 321 1797 sapientiam
355 1713 586 1781 contemtionis,
615 1715 714 1772 lucrari
735 1729 787 1772 uos
821 1717 879 1774 vult
933 1723 967 1778 ab
986 1722 1101 1794 angelis,
1124 1721 1257 1794 siquidem
1272 1724 1365 1797 agelos
1377 1725 1547 1794 judicaturus
1574 1743 1622 1801 es,
1648 1747 1730 1802 quem

77 1819 258 1871 commeatum
278 1808 348 1879 (13).
374 1805 517 1871 Caetemm,
542 1804 587 1876 qui
609 1802 702 1861 lucere
729 1818 779 1860 uos
801 1805 879 1876 jubet
932 1811 1023 1867 timeri
1038 1820 1171 1884 oporteta
1185 1811 1336 1879 demoniis,
1354 1812 1489 1884 siquidem
1510 1815 1578 1872 etin
1593 1819 1731 1878 daemonas

79 1901 161 1962 ¹¹2
176 1900 251 1958 velut
265 1896 335 1953 tilios
349 1892 425 1960 lucis,
451 1907 506 1949 nou
522 1892 600 1965 jubet
618 1891 683 1967 iuga
701 1893 831 1951 abscondi
851 1904 880 1952 ut
933 1899 1060 1972 accepisti
1083 1907 1258 1972 potestatem,
1274 1915 1355 1973 quem
1371 1901 1457 1958 timeri
1477 1911 1586 1974 oportet
1609 1907 1643 1961 ab
1667 1909 1731 1964 uni-

77 1990 346 2049 fitiosteuebrsrum.
363 1984 442 2041 51111
456 1981 609 2041 immobiles
626 1982 759 2055 ltraecittib
784 1985 879 2058 utique
933 2003 1012 2048 verso
1026 1988 1137 2057 mundo,
1154 1987 1325 2060 siquidemet
1352 1987 1380 2045 iu
1399 1996 1425 2046 te
1452 1991 1569 2049 muudus
1593 1994 1750 2066 judicatur·

76 2097 127 2139 uec
138 2081 205 2153 luga
218 2076 344 2144 mobiles,
361 2082 389 2130 et
407 2071 552 2140 accinctos,
567 2069 596 2125 iu
624 2069 716 2143 fugam
731 2087 765 2127 au
783 2073 811 2130 in
834 2090 880 2133 oo-
934 2077 1069 2134 Christum
1083 2074 1194 2132 indutus
1209 2092 1249 2148 es,
1272 2076 1406 2149 siquidem
1426 2077 1454 2133 iu
1481 2079 1619 2138 Christum
1633 2084 1732 2144 tinctus

76 2184 188 2227 cursum
208 2160 470 2237 Evangeliilhrma
488 2174 597 2231 quoquo
621 2160 796 2234 demonstrat,
818 2162 880 2235 qun
933 2179 973 2220 es.
990 2162 1042 2231 Qut
1061 2162 1133 2235 iugis
1154 2161 1300 2231 diabolum,
1330 2165 1489 2237 depreciasti
1511 2169 1657 2241 Christum,
1685 2175 1731 2246 qui

77 2256 207 2333 fugituris
228 2270 282 2311 nou
297 2258 391 2308 essent
408 2247 568 2314 necessaria,
594 2247 665 2303 iuter
687 2266 747 2320 quae
767 2258 794 2307 ct
821 2255 880 2325 cly-
933 2251 961 2307 iu
976 2259 1002 2306 te
1016 2257 1067 2305 est.
1082 2249 1236 2322 Fugitisum
1250 2266 1312 2307 cum
1327 2253 1435 2310 diabolo
1454 2264 1481 2311 to
1504 2256 1661 2320 reddidisti.
1677 2262 1732 2319 Sed

76 2363 167 2420 peuur,
184 2360 241 2419 quo
252 2341 368 2417 possitis
381 2338 554 2397 telcdiobolt'
569 2337 750 2410 exstinquere
764 2340 879 2413 (Ephcr.
934 2340 1080 2397 Dominum
1093 2339 1214 2415 lugiens,
1234 2340 1383 2412 exprobras
1402 2342 1529 2401 omnibus
1550 2346 1673 2421 fugitivis
1690 2349 1732 2406 sui

77 2456 116 2512 rr,
133 2439 193 2511 16),
204 2437 367 2492 resistentes
380 2429 438 2486 siue
451 2427 543 2494 dubio,
558 2434 586 2483 et
597 2427 762 2499 excipientes
772 2443 880 2487 omnem
933 2429 1080 2486 vanitatem
1090 2429 1207 2486 consilii.
1218 2431 1334 2503 Fugerat
1345 2440 1372 2488 et
1386 2433 1496 2502 quidam
1510 2437 1650 2496 animosus
1663 2456 1732 2511 pro-

75 2534 129 2586 sim
150 2529 238 2584 illius.
254 2522 373 2581 Proinde
392 2530 420 2578 et
432 2520 550 2576 loannes
563 2534 614 2590 pro
628 2517 756 2576 iratribus
771 2534 881 2595 quoque
934 2522 1028 2591 phetes
1045 2517 1285 2589 llssbomiuum,
1297 2523 1442 2593 trajecerat
1456 2523 1585 2598 abloppe
1600 2528 1732 2602 Tarsum,

81 2620 187 2674 animas
205 2613 349 2689 ponendas
370 2611 449 2668 docet
477 2610 608 2676 (llocn.
632 2625 672 2679 ιι,
690 2611 746 2679 ta),
780 2611 881 2667 nedum
934 2609 1008 2683 quasi
1024 2625 1039 2664 a
1058 2607 1114 2667 Deo
1132 2607 1334 2678 transfretaret3
1364 2611 1510 2668 sedilium
1536 2630 1592 2672 uon
1616 2618 1678 2675 dico
1704 2620 1732 2677 iu

82 2725 130 2783 pre
150 2706 284 2765 Domino.
305 2704 361 2760 Hoc
387 2716 404 2756 a
428 2698 594 2775 fugientibus
607 2714 663 2755 nou
686 2706 774 2770 potest
792 2701 881 2756 adim·
934 2698 1001 2754 mari
1014 2707 1041 2754 et
1060 2698 1088 2753 iu
1105 2709 1186 2767 terra,
1206 2713 1302 2756 rerum
1318 2700 1345 2754 iu
1366 2707 1444 2757 utero
1463 2704 1544 2759 etium
1572 2706 1666 2762 bestiae
1686 2708 1732 2765 in.

80 2798 159 2872 pIcri.
192 2795 319 2867 Denique
346 2805 451 2848 memor
482 2788 663 2862 Apocalypsis
686 2804 754 2855 suae,
783 2789 810 2844 in
828 2805 882 2862 qua
935 2787 1322 2860 venio,iuquonecmoriper
1337 2790 1452 2845 triduum
1467 2792 1677 2864 potuit,uecvel
1693 2799 1733 2855 sio

81 2888 243 2945 timidorum
258 2882 360 2941 exitum
382 2878 511 2948 audierat,
536 2879 571 2935 dc
593 2893 676 2936 sensu
698 2878 825 2935 admonet
855 2886 882 2936 et
936 2877 1019 2930 Deum
1034 2875 1158 2931 eradere.
1174 2875 1281 2944 Quanto
1295 2875 1390 2933 melius
1404 2878 1456 2933 Dei
1470 2880 1588 2939 servus?
1609 2884 1655 2955 qui
1675 2887 1733 2944 sive

83 2980 140 3049 ipse
152 2978 283 3032 timorem
303 2969 500 3042 rejiciendum:
519 2970 619 3034 linior,
641 2968 737 3040 iuquit,
758 2985 815 3026 non
835 2973 879 3026 cst
897 2965 1057 3053 cinimicus
1072 2963 1121 3020 Dei
1135 2965 1265 3034 imminet,
1282 2982 1335 3022 nou
1362 2965 1431 3039 fugit
1457 2986 1534 3038 ιιιιιι,Ι
1564 2973 1611 3028 sed
1639 2977 1733 3046 potius

90 3068 120 3119 in
134 3060 437 3121 mectsomscdcnim
446 3056 881 3132 persectadilectc'osorasmittit
936 3054 1092 3121 coutemnit,
1107 3052 1246 3109 confidens
1257 3055 1358 3111 scilicet
1373 3057 1407 3112 de
1436 3060 1519 3114 tutela
1534 3062 1659 3137 Domini,
1675 3068 1733 3125 sire

94 3156 229 3211 timerem
259 3152 283 3222 (1
298 3153 422 3216 luamus,
448 3150 512 3216 tol3
546 3146 610 3219 qnia
634 3147 714 3202 timor
738 3146 885 3219 supplicia·
937 3147 1025 3203 Deum
1045 3144 1212 3215 reformidat,
1241 3154 1343 3217 quanto
1373 3147 1461 3220 magis
1483 3151 1535 3205 sub
1561 3155 1646 3212 oculis
1673 3159 1733 3228 eius

89 3254 208 3298 mentum
244 3240 334 3307 hahet,
361 3241 454 3313 utique
481 3238 572 3310 iguem
597 3235 696 3310 stagni.
713 3233 765 3303 Qui
788 3242 878 3291 autom
938 3233 1033 3302 astitit,
1057 3232 1150 3288 diceus
1166 3249 1173 3289 ε
1190 3232 1321 3289 Dominus
1342 3244 1392 3304 est,
1416 3239 1515 3306 potens
1542 3249 1606 3296 est:
1639 3247 1733 3304 omnia

83 3334 168 3400 timet,
191 3347 249 3387 uou
264 3339 306 3387 cst
323 3331 468 3403 perlectus,
486 3328 512 3381 in
534 3325 679 3382 dilectione
693 3324 741 3380 Dei
770 3324 884 3381 scilicet.
939 3323 1012 3379 illius
1026 3332 1109 3378 suut:
1127 3321 1171 3377 ubi
1188 3322 1331 3393 obituaro,
1345 3323 1372 3377 in
1392 3339 1471 3378 mauu
1482 3327 1540 3396 ejus
1556 3344 1632 3398 sum,
1650 3331 1731 3390 iaciat

80 3423 176 3492 Porro,
192 3419 257 3492 quis
272 3418 360 3495 lugiet
374 3415 599 3490 persecutionem,
615 3411 670 3469 uisi
683 3413 730 3486 qui
758 3412 885 3470 timebit?
938 3412 1089 3485 quodvult,
1104 3427 1159 3466 uon
1174 3411 1299 3481 discedo;
1315 3412 1378 3468 etsi
1393 3415 1482 3484 perire
1503 3434 1546 3476 me
1560 3421 1640 3492 volet,
1670 3424 1730 3496 ipse

80 3511 149 3583 Quis
163 3510 281 3579 timebit,
296 3509 350 3566 uisi
363 3509 410 3583 qui
423 3520 479 3565 uou
498 3505 623 3562 amarit?
638 3504 769 3577 Spiritum
784 3519 847 3562 vero
862 3507 886 3562 si
938 3517 982 3557 me
996 3502 1103 3573 perdat,
1118 3501 1181 3554 dum
1200 3514 1244 3555 me
1267 3514 1318 3573 ego
1342 3516 1420 3559 servo
1435 3502 1485 3561 illi.
1513 3507 1582 3565 Malo
1605 3509 1733 3569 iuvidiam

82 3601 224 3670 consulas,
244 3599 312 3673 quid
326 3599 413 3673 magis
424 3610 550 3652 sermone
564 3594 612 3650 illo
627 3592 745 3666 Spiritus
765 3595 886 3666 probat?
938 3592 963 3647 ei
979 3590 1067 3648 iacere
1095 3606 1144 3662 per
1167 3589 1334 3648 voluntatem
1352 3590 1437 3665 ipsius
1469 3599 1618 3669 pereundo,
1652 3618 1733 3675 quam

82 3692 209 3762 Namque
224 3703 321 3745 omues
335 3703 403 3759 pene
417 3685 451 3742 ud
465 3684 624 3756 martyrium
647 3685 814 3750 exhortatur,
830 3697 885 3740 nou
939 3681 1027 3753 bilem,
1043 3697 1093 3755 per
1113 3695 1197 3738 meam
1208 3681 1355 3739 evadende.

84 3779 242 3851 adingam,
265 3787 336 3835 utet
355 3778 426 3833 illius
448 3789 704 3833 commemoremur:
727 3774 883 3846 Publicaris,
1240 3772 1355 3831 CAPUT
1379 3776 1427 3832 xl.

84 3869 185 3942 iuquit,
201 3869 303 3924 bouum
319 3867 368 3923 tihi
388 3876 438 3925 est.
453 3865 508 3936 Qut
522 3865 595 3921 euim
609 3879 664 3920 uon
691 3864 844 3937 publicatur
856 3865 886 3921 iu
975 3865 1032 3921 lloc
1046 3863 1148 3921 sentire
1166 3871 1194 3920 et
1217 3863 1304 3920 lacere
1328 3881 1435 3922 omnem
1459 3883 1565 3925 servum
1580 3873 1628 3928 Dei
1650 3888 1734 3947 opor·

85 3956 252 4024 homiuibus,
271 3956 422 4030 publicatur
438 3954 466 4010 iu
489 3954 617 4010 Domino.
637 3955 679 4009 Ne
702 3952 885 4022 conlaudaris,
940 3963 987 4023 tet,
1004 3953 1085 4011 etiarn
1101 3952 1212 4008 mineris
1231 3953 1294 4023 loci,
1310 3964 1340 4008 ut
1358 3953 1469 4028 maioris
1484 3957 1540 4014 lieri
1562 3962 1647 4031 possit
1667 3964 1732 4035 (15),

84 4047 189 4116 iustitia
214 4058 240 4103 te
256 4047 379 4120 producit
392 4045 421 4100 iu
444 4045 571 4101 medium.
601 4041 671 4112 Quid
698 4042 884 4112 contunderis,
939 4043 962 4099 si
975 4059 1058 4114 quem
1072 4043 1187 4116 gradum
1202 4057 1236 4097 ex
1254 4044 1451 4114 persecutionis
1475 4048 1616 4105 tolerantia
1637 4069 1736 4109 asceu-

85 4136 192 4194 lsudem
207 4136 327 4192 serens?
340 4137 462 4190 Potestas
474 4132 514 4200 fit,
530 4148 590 4189 cum
604 4132 769 4204 conspiceris
782 4132 816 4188 ab
830 4133 883 4188 ho·
939 4133 1016 4189 derit.
1033 4132 1085 4188 Sed
1101 4148 1162 4188 cunr
1179 4134 1230 4205 ipsi
1251 4143 1373 4189 auctores
1389 4136 1456 4207 (16),
1482 4137 1572 4207 idest,
1596 4140 1647 4212 ipsi
1672 4143 1735 4198 dia-

87 4225 218 4282 miuibus.
229 4223 274 4281 Sic
290 4232 317 4281 et
332 4224 409 4279 alibi:
422 4223 511 4279 Nolite
526 4223 554 4277 iu
567 4220 683 4292 lectulis,
703 4219 784 4276 ueciu
798 4221 883 4279 ardo·
938 4222 1011 4291 coni,
1024 4221 1174 4294 presbyteri
1193 4231 1220 4277 et
1231 4221 1351 4293 episcopi
1372 4221 1482 4295 lugiunt
1509 4228 1577 4299 (17),
1597 4233 1733 4303 quemodo

88 4314 203 4372 rbuset
218 4313 339 4370 febribus
351 4311 477 4371 mollibus
492 4318 585 4383 optare
599 4309 686 4378 exire,
701 4308 751 4366 sed
763 4308 793 4366 iu
807 4326 883 4368 mar·
901 4313 925 4392 ss
941 4312 1027 4369 laicus
1065 4310 1216 4385 intelligere
1254 4310 1361 4383 poterit,
1399 4327 1453 4381 qua
1494 4317 1598 4374 ratione
1630 4319 1733 4377 dietum

88 4407 174 4479 tyriis3
193 4411 224 4461 ut
238 4402 403 4478 glorificetur
416 4401 464 4475 qui
478 4408 520 4458 est
533 4415 630 4472 passus
644 4413 694 4472 pro
711 4398 801 4459 vobis.
943 4401 1055 4476 (Μαιιι.
1072 4417 1099 4456 ιι.
1115 4398 1175 4472 ιι)
1189 4402 1286 4471 Facite
1298 4401 1331 4456 de
1341 4401 1456 4457 civitate
1466 4402 1496 4456 in
1510 4405 1654 4465 ciuitatem
1665 4412 1736 4467 tita-

404 4490 515 4548 CAPUT
534 4490 570 4549 X.
943 4509 996 4566 que
1011 4507 1072 4548 cum
1086 4492 1169 4547 duces
1182 4489 1289 4562 lugiunt
1306 4491 1375 4562 (18),
1398 4489 1459 4561 quis
1485 4492 1519 4548 de
1534 4499 1661 4567 gregario
1680 4516 1734 4555 uu-

121 4584 177 4642 s'ed
188 4583 299 4641 omissis
312 4581 422 4658 quidam
430 4579 532 4640 disiuis
545 4577 789 4649 exhortationibus,
809 4578 887 4637 illum
941 4597 1018 4639 mero
1033 4578 1177 4638 sustinebit
1191 4579 1225 4635 ad
1240 4580 1354 4649 gradmn
1377 4578 1405 4635 ιι
1432 4582 1490 4638 acie
1504 4581 1645 4657 figendum
1666 4602 1734 4644 sua-

794 4727 1041 4793 Commentarius.

120 4867 183 4941 (ta)
196 4865 318 4925 horrori
339 4880 390 4923 nos
404 4864 468 4924 vult
481 4866 690 4923 commeatum?
703 4862 886 4920 Commeatum
941 4860 1072 4918 habenda
1109 4856 1265 4916 auctoritas.
1303 4856 1337 4914 Et
1373 4859 1401 4916 iu
1438 4860 1544 4921 Glossis
1584 4864 1736 4940 Philoxeni,

89 4940 183 4997 secuti
209 4940 283 5004 dicit,
308 4952 410 4995 moram
434 4939 463 4993 iu
491 4938 591 4993 saeculo
619 4946 748 4991 nostram.
779 4936 886 4993 lucrari
940 4937 1056 5000 Auctor,
1082 4930 1199 5004 ἀρχηγὸς,
1235 4929 1357 4997 αὐθέντης,
1382 4944 1410 4989 ct
1451 4935 1479 4990 iu
1512 4938 1736 5010 Agrimensorum

88 5024 179 5068 sutem
198 5026 251 5066 uos
277 5012 333 5068 ιιιιι
359 5016 549 5076 commeatum,
571 5007 623 5064 hoc
649 5013 701 5073 est,
734 5022 783 5078 pru
810 5008 885 5065 lucro
940 5007 1153 5064 librisauctores
1168 5002 1291 5060 absolute
1306 5012 1443 5074 ponuntur
1456 5023 1506 5077 pre
1532 5014 1689 5073 doctoribus
1710 5025 1737 5074 nt

89 5084 168 5139 uobis
187 5081 253 5155 poni
271 5081 355 5147 diem,
371 5094 569 5154 quemcumque
583 5080 749 5146 inuoceuter,
766 5079 833 5148 sive,
856 5089 886 5137 ut
941 5076 1086 5152 magistris.
1101 5078 1162 5133 lira.

89 5157 134 5220 sit,
150 5153 272 5227 sapienti
285 5154 495 5218 couversatione,
512 5151 695 5223 transigimus.
709 5148 773 5206 Riu.
977 5150 1035 5222 (11)
1050 5151 1107 5221 lpsi
1121 5148 1242 5216 diaconi,
1258 5145 1414 5221 presbyteri
1428 5154 1457 5207 et
1471 5153 1594 5229 episcopi
1605 5159 1735 5231 sepiunt.

120 5228 185 5299 (ιι)
204 5225 277 5297 ’hilp
292 5224 307 5278 ὁ
320 5225 413 5298 φεύγων
431 5224 473 5277 sal
492 5223 566 5276 πάλιν
587 5223 742 5295 papularum
941 5223 998 5279 lloc
1013 5229 1133 5278 dedecus
1159 5221 1306 5294 exprobrat
1319 5219 1368 5276 lio.
1384 5221 1418 5278 de
1444 5223 1572 5284 Corona:
1589 5252 1599 5279 tt
1616 5231 1686 5290 Novi
1710 5243 1738 5290 οι

123 5300 185 5370 (15)
212 5300 244 5356 ot
270 5300 387 5368 majoris
407 5298 461 5355 toci
483 5296 547 5366 ficri
578 5296 674 5366 possit.
692 5294 737 5352 Sic
759 5294 828 5351 libro
855 5294 889 5353 de
942 5302 1067 5365 pastores
1080 5307 1185 5367 eorum,
1200 5297 1229 5349 iu
1243 5308 1309 5364 pace
1323 5292 1428 5365 leones,
1443 5293 1471 5351 iu
1489 5297 1583 5369 praelio
1597 5315 1701 5364 cerrus.
1720 5323 1735 5358 s

90 5371 237 5444 baptismo,
253 5371 373 5441 majores
397 5367 462 5425 dicit
489 5382 547 5436 eos,
568 5366 615 5440 qui
628 5367 656 5423 iu
669 5367 791 5426 ordinem
805 5371 889 5426 ecole-
942 5366 1003 5423 bru.

92 5442 229 5500 siasdeum
244 5449 310 5498 suut
323 5440 420 5500 allecti.
439 5440 501 5498 lbo.
980 5439 1115 5510 (taleam
1125 5438 1208 5497 daces
1220 5438 1606 5518 sapiantllocestaactores,
1621 5446 1737 5506 utmcdu

125 5516 187 5588 (16)
198 5514 250 5574 Sed
263 5530 329 5572 com
343 5513 401 5588 ipst'
418 5516 559 5573 auctores.
574 5514 706 5572 ductores
719 5512 782 5572 dicit
792 5514 890 5572 Eccle-
944 5512 1021 5582 dixit,
1036 5522 1063 5568 et
1088 5519 1221 5582 pastores,
1246 5512 1292 5585 qui
1306 5514 1333 5569 in
1355 5527 1423 5586 pace
1454 5514 1559 5588 leones,
1587 5520 1615 5574 iu
1642 5519 1737 5591 praelio

93 5590 138 5649 sis
151 5586 356 5665 prepositoset
368 5585 524 5666 magistros,
538 5601 701 5666 quospeues
715 5597 756 5649 cst
766 5585 891 5647 Ecclesiae
945 5584 1018 5645 cervi
1032 5598 1093 5643 esse
1113 5586 1211 5656 solent,
1226 5594 1256 5642 ut
1273 5587 1421 5656 exprobrat
1433 5585 1468 5646 de
1495 5591 1612 5651 corona.
1634 5591 1739 5667 milit..
