3840 6134
70 328 126 390 sat
654 312 749 377 uranu
768 313 844 372 xor.
873 309 1145 372 xxuaurrmxuos.
1674 316 1729 377 ,gg

70 456 117 511 tite
134 453 256 515 illorum,
275 449 442 521 primamque
465 447 535 501 hanc
553 444 689 501 uictoriam
706 442 728 480 ³³
749 440 874 512 auspica-
892 438 1003 533 fldem,
1018 447 1044 493 ot
1058 439 1207 508 menindus,
1225 446 1251 492 ot
1264 455 1359 508 masma
1373 439 1478 495 llarcus
1491 443 1517 480 ⁴⁰
1532 443 1599 515 leot.
1613 445 1726 499 blnltum

70 557 135 599 nur
148 557 156 595 :
171 538 237 612 qnia
254 538 326 608 quod
344 542 418 590 tanto
436 533 574 606 impendio
593 527 776 594 absconditur,
795 528 876 584 etiam
931 526 1002 583 circa
1023 527 1153 597 imagines
1180 528 1260 599 Legis
1284 527 1441 584 Theotimus
1465 543 1590 600 operatus
1613 541 1664 589 est.
1688 535 1727 588 lta

71 625 244 687 solummodo
258 625 454 688 demonstrare,
473 619 613 674 destrucre
627 628 678 676 est.
932 629 1062 684 nusquam
1084 614 1140 684 jam
1160 614 1339 670 Valentinus:
1356 613 1440 672 51ss
1463 622 1489 671 et
1512 624 1599 672 tamen
1627 619 1726 675 Valen-

378 710 493 767 CAPUT
510 709 560 764 lV.
931 702 1034 767 tiniani,
1060 703 1107 774 qui
1122 719 1168 773 per
1190 702 1371 758 Valentinum.
1398 704 1480 760 Solus
1504 706 1537 759 ad
1564 706 1726 764 hodiernum

106 804 252 870 Novimus,
268 803 387 872 inquam,
404 800 506 870 optime
528 796 660 870 originem
679 809 787 867 quoqne
802 794 877 864 ipso·
931 790 1080 846 Antiochiae
1103 791 1249 847 Axionicus
1272 791 1295 831 ⁴¹
1320 791 1475 849 memoriam
1499 793 1633 851 Valentini
1656 795 1729 850 inte-

71 909 144 964 tum,
169 902 197 949 et
220 893 322 950 scimus
342 891 377 959 ³⁸,
397 905 446 947 cur
467 887 670 944 Valentinianos
698 886 882 955 appellemus,
931 895 979 954 gra
1006 880 1129 941 custodia
1153 880 1305 952 regularum
1325 882 1349 920 ⁴²
1374 882 1435 951 ejus
1458 881 1621 940 consolatur.
1650 883 1730 940 hlio·

71 965 133 1041 ¹icet
153 996 207 1037 non
222 995 287 1036 esse
308 980 456 1037 rideantur.
479 977 677 1034 Abscesserunt
692 974 794 1030 anima
812 988 877 1030 con·
932 969 997 1040 quin
1021 977 1122 1024 tantum
1146 985 1176 1025 se
1202 971 1264 1026 huic
1290 973 1388 1027 haeresi
1419 973 1535 1028 suadere
1567 971 1729 1045 permissum

71 1069 353 1136 ditore,sedminime
373 1066 585 1140 origodeletur;
603 1073 630 1121 et
649 1065 672 1119 si
689 1064 880 1120 lorlcmnlan.
932 1062 972 1114 est
990 1058 1145 1130 (29),quan
1169 1067 1224 1114 lum
1253 1060 1322 1129 lupae
1349 1059 1457 1115 laminae
1481 1060 1735 1136 formamquotidie·

71 1169 126 1230 tur,
152 1158 261 1215 testatio
276 1165 319 1211 cst
336 1156 396 1226 ipsa
420 1155 542 1211 mutatio.
560 1160 719 1225 Speraverat
738 1152 880 1225 episcopa.
932 1171 1079 1226 supparare
1098 1156 1122 1194 ‘¹³
1146 1156 1265 1210 solemne
1288 1167 1336 1214 ost.
1362 1156 1484 1225 Quidni?
1521 1175 1583 1214 curn
1609 1160 1733 1229 spiritale

72 1266 127 1315 rum
153 1246 393 1317 Valentinus,quia
409 1254 437 1301 et
457 1245 565 1314 ingenio
585 1248 691 1313 poterut
711 1249 738 1296 ct
761 1242 877 1312 eloquio.
932 1243 997 1307 tllnd
1014 1259 1105 1298 semen
1125 1259 1203 1298 suum
1217 1245 1257 1298 sic
1279 1245 1305 1298 in
1330 1261 1494 1318 unoquoque
1515 1257 1682 1303 recenseant.
1700 1248 1730 1305 Si

73 1336 125 1392 Sed
139 1336 226 1391 alium
245 1352 277 1389 ex
296 1333 603 1406 martyriipraerogatiua
629 1333 681 1387 loci
703 1332 815 1402 potitum
834 1332 879 1386 in·
933 1331 1031 1401 aliquid
1055 1332 1116 1388 novi
1140 1332 1329 1400 adstruxerint,
1351 1335 1542 1391 revelationem
1567 1339 1659 1393 statim
1683 1355 1732 1410 ap-

73 1425 209 1500 dignatos,
219 1423 255 1479 de
264 1424 383 1480 Ecclesia
393 1422 556 1478 authenticae
567 1420 671 1492 regulae
687 1420 794 1488 abrupit
810 1421 867 1490 (26)
934 1419 1032 1489 pellant
1047 1421 1292 1496 praesumptionem.
1306 1432 1332 1478 et
1346 1424 1479 1478 charisma
1498 1424 1658 1496 ingenium3
1682 1442 1734 1484 nco

73 1521 102 1568 ut
123 1511 212 1569 solent
240 1510 325 1566 animi
356 1525 406 1580 pro
426 1510 545 1581 prioratu
568 1508 647 1566 exciti
668 1507 880 1578 presumptione
935 1509 1071 1577 unitatem,
1097 1511 1145 1565 sed
1173 1510 1363 1568 diversitatem.
1389 1513 1509 1585 ideoque
1542 1514 1731 1587 prospicimus,

76 1601 187 1658 ultionis
209 1599 329 1666 accendi,
343 1601 376 1655 ad
407 1599 615 1673 expugnandam
639 1612 785 1653 conuersus
805 1596 877 1651 veri·
895 1596 1051 1711 Bseposita
1070 1598 1115 1652 illa
1139 1599 1253 1653 solemni
1281 1600 1491 1658 dissimulatione
1509 1618 1568 1668 sua,
1587 1606 1732 1677 plerosque

76 1699 175 1746 utem:
197 1697 224 1746 et
249 1690 390 1756 cujusdam
419 1689 516 1745 veteris
547 1686 684 1760 opinionis
711 1701 804 1740 semen
831 1701 879 1740 aa·
934 1684 1015 1739 dividi
1037 1683 1197 1755 quibusdam
1225 1685 1353 1753 articulis,
1375 1688 1454 1743 etiam
1476 1690 1547 1744 bona
1566 1689 1619 1746 fide
1648 1692 1735 1749 dictu·

76 1788 136 1842 otus
152 1778 299 1835 colarbaso
314 1776 338 1816 ³9
353 1777 422 1833 ham
442 1778 581 1832 deliniant
595 1775 662 1845 (li).
680 1777 742 1829 h'am
758 1785 879 1843 postmo-
935 1789 977 1829 rua
992 1775 1016 1813 ll
1031 1775 1085 1830 lloc
1100 1776 1139 1831 itu
1159 1789 1217 1833 nott
1231 1779 1288 1842 est,·
1312 1785 1348 1840 el,
1368 1776 1421 1832 lloc
1440 1778 1526 1835 aliter
1547 1781 1674 1852 occipio;
1695 1793 1733 1848 ol,

78 1868 144 1922 dum
170 1867 331 1923 Ptolomeus
359 1866 490 1931 instruxit,
520 1865 673 1921 norninibus
698 1872 724 1918 et
759 1866 879 1922 numeris
933 1866 986 1920 lloo
1006 1880 1064 1920 noa
1079 1861 1163 1921 518
1185 1881 1312 1937 agnosco.
1336 1865 1470 1921 Varietate
1491 1866 1563 1921 enim
1590 1868 1733 1925 innovatur

77 1955 194 2010 AEonm
221 1952 353 2011 distinctis
377 1954 403 2008 in
432 1953 585 2026 personales
615 1951 790 2018 substantias,
828 1952 878 2007 sed
931 1953 1087 2025 regularum
1113 1951 1734 2029 iacies,habetotiamcoloresignorantiarum.

76 2051 152 2098 extra
168 2044 256 2099 Deum
277 2042 481 2109 determinatas,
505 2058 574 2113 quas
595 2040 752 2097 Valentinus
771 2042 799 2097 in
817 2041 879 2109 ipsa
1247 2044 1364 2102 CAPUT
1382 2045 1414 2098 V.

72 2147 179 2188 summa
198 2130 356 2197 diuinitatis,
373 2139 402 2186 ut
424 2147 532 2200 sensus,
552 2139 577 2186 ct
598 2129 718 2186 axllectns
739 2139 766 2185 ct
785 2138 875 2186 motus
965 2133 1027 2189 ldihi
1042 2140 1131 2189 antem
1146 2149 1207 2189 cum
1230 2135 1384 2206 archetypis
1411 2135 1462 2190 erit
1490 2136 1567 2191 limes
1589 2137 1733 2210 principa·

74 2212 228 2278 incluserat.
244 2221 362 2277 Deduxit
377 2231 403 2279 et
418 2220 564 2276 lleracleon
579 2219 642 2275 inde
657 2219 775 2276 tramites
792 2236 874 2294 quos-
930 2221 993 2277 lium
1015 2222 1204 2295 magistrorum
1221 2224 1289 2293 (30),
1307 2237 1360 2279 non
1384 2239 1445 2278 cnm
1467 2222 1597 2280 allectalis
1621 2226 1738 2284 ducibus

773 2344 869 2408 Variae
887 2351 1042 2410 lectiones.

110 2452 133 2493 ³7
153 2451 348 2525 llinceoojt'cit
371 2451 455 2508 Semi.
471 2451 498 2490 ³⁸
511 2453 544 2508 Et
573 2454 654 2511 oluit.
672 2453 763 2509 Vertat.
779 2452 804 2490 ³⁹
818 2453 917 2510 Nactus
932 2454 1078 2510 colubroso
1096 2454 1165 2507 uiam
1181 2453 1268 2510 lldea.
1286 2456 1373 2512 Sami.
1389 2455 1570 2526 semini,actn
1594 2450 1739 2520 colubroso

63 2526 135 2581 lat.
154 2525 182 2562 ⁴⁰
195 2524 308 2596 Magnus
329 2524 480 2589 ultimate,
498 2526 555 2596 ltig.
567 2526 658 2579 Prior.
681 2524 772 2580 Vertat.
789 2525 812 2562 ⁴¹
826 2525 971 2581 hrionicus
985 2525 1044 2581 cod.
1067 2527 1150 2580 uotic.
1170 2530 1239 2583 teste
1254 2527 1319 2581 luta.
1336 2527 1360 2564 ‘¹¹
1386 2527 1521 2600 Regulare
1538 2530 1625 2587 uben.
1650 2533 1743 2591 Senta

70 2596 188 2654 Obcrtlt.
204 2596 230 2634 ⁴³
243 2597 378 2666 Superare
395 2597 481 2651 hbeo.
495 2596 579 2651 sent.
595 2595 703 2651 Oberth.
722 2595 745 2632 ⁴⁴
756 2594 896 2668 Dicturus,
919 2599 952 2651 ιιι
960 2597 1057 2669 fultor,
1076 2597 1246 2669 primigenio
1261 2601 1303 2653 cst
1320 2598 1415 2655 lectio.
1432 2599 1499 2655 aad.

780 2719 1028 2784 Commentarius.

113 2830 172 2902 (le
183 2827 224 2886 lle
234 2828 359 2885 Ecclesia
368 2825 540 2885 authentica
551 2827 657 2898 regulae
667 2825 790 2898 abrupit.
801 2828 884 2882 Nota·
939 2836 993 2895 tur,
1009 2826 1056 2882 sed
1091 2826 1171 2880 etiam
1204 2825 1392 2896 supterilneret
1419 2829 1552 2886 Preterea
1585 2833 1737 2889 daentonem

66 2908 155 2959 verat
186 2900 316 2966 lhthoeus,
343 2900 419 2970 quasi
445 2898 589 2965 maluisset,
606 2901 642 2954 Dc
671 2900 802 2954 Ecclesiae
832 2914 885 2954 no·
939 2897 1083 2969 paredrum
1097 2896 1221 2959 habebat.
1239 2900 1334 2963 uulgus
1358 2900 1481 2970 spiritum
1504 2903 1659 2960 familiarem
1685 2907 1744 2961 bo-2

71 2975 210 3032 thenttcu
222 2973 322 3042 regula
337 2972 442 3042 erupit.
457 2970 509 3026 llio
938 2967 981 3023 die
1003 2968 1221 3049 uocathluliores
1235 2967 1349 3046 lxonesto
1366 2970 1424 3027 loco
1444 2980 1530 3041 natas,
1544 2981 1573 3030 et
1586 2977 1746 3048 opulentas,

115 3046 170 3114 (Vl)
181 3044 336 3116 Cuiusdam
347 3044 448 3098 ueteris
458 3042 601 3115 opinionis
615 3057 710 3096 semen
726 3042 883 3096 rtortuado-
940 3054 1066 3106 maxime,
1084 3039 1323 3100 circumveniebat,
1351 3041 1465 3097 reddens
1486 3060 1531 3099 ens
1556 3047 1737 3115 propheticas,

81 3116 198 3173 dorbuao
218 3117 293 3169 vium
311 3114 471 3170 delineavit.
495 3114 538 3170 Sic
560 3113 757 3167 expendendum
775 3111 884 3167 censuit
939 3111 982 3164 his
1003 3109 1115 3166 uerbis:
1136 3130 1147 3159 s
1165 3107 1246 3164 Sume
1260 3124 1275 3162 a
1291 3125 1333 3164 me
1357 3126 1498 3179 sponsum,
1529 3124 1556 3168 et
1578 3133 1643 3187 capo
1666 3134 1740 3185 eum,

73 3184 206 3242 hunius
223 3200 285 3240 cum
303 3191 382 3240 antea
398 3186 557 3255 legeretur:
577 3203 589 3236 ι
610 3182 757 3262 Cuiusdam
772 3181 880 3252 opinio·
900 3169 964 3247 Bot
987 3194 1083 3250 capere
1097 3179 1125 3234 in
1149 3194 1192 3236 eo.
1213 3180 1280 3235 Ecce
1304 3181 1391 3253 gratia
1412 3183 1551 3239 descendit
1574 3187 1599 3240 in
1617 3197 1649 3253 te,
1667 3191 1741 3257 aperi

64 3259 122 3314 nia
146 3256 245 3312 semini
267 3262 327 3312 actu
346 3256 490 3312 colubroso
512 3254 581 3311 uiam
609 3253 755 3309 deliniavit.
780 3274 792 3305 n
817 3253 875 3323 Qua
928 3259 1059 3321 ostunm,
1082 3259 1109 3306 et
1134 3251 1273 3322 propheta.
1289 3271 1301 3302 ι
1318 3252 1461 3308 llultarum
1477 3256 1571 3324 pudori
1591 3257 1672 3312 etiam
1707 3257 1742 3312 il·

64 3330 114 3384 de
140 3328 257 3384 lectione
281 3326 430 3382 abdicanda
456 3341 510 3398 quo
529 3325 616 3399 magis
631 3324 795 3392 addubitem,
815 3323 877 3381 iacit
929 3323 1001 3380 lusit.
1017 3324 1093 3378 Certe
1110 3324 1184 3394 quod
1198 3330 1313 3395 constat,
1324 3323 1428 3380 diaconi
1454 3327 1595 3396 cujusdam
1614 3329 1642 3382 in
1676 3329 1749 3384 dala·

65 3409 204 3457 veterum
217 3397 410 3468 exemplarium
428 3397 581 3469 auctoritas,
600 3396 699 3452 iaciunt
718 3397 797 3452 etiarn
815 3411 876 3466 quae
929 3410 1043 3450 uxorem
1058 3392 1150 3450 inrmae
1172 3394 1242 3448 hand
1259 3394 1422 3465 qrrotidiauae
1437 3397 1590 3454 clanculum
1621 3399 1742 3456 abduxit.

64 3472 113 3528 de
137 3477 268 3541 serpente
286 3485 366 3540 supra
385 3469 530 3539 Septimius
544 3467 632 3522 dixit:
655 3488 669 3516 n
685 3468 745 3523 hlte
763 3467 875 3535 habitet,
930 3466 996 3536 Quae
1026 3466 1222 3538 postmultum
1248 3469 1378 3537 temporis
1406 3484 1525 3535 reuersa,
1558 3487 1611 3526 non
1653 3477 1744 3525 mente

63 3536 106 3598 in
121 3557 195 3599 caeea
206 3542 375 3603 detrudatur,
392 3557 440 3612 per
454 3540 591 3595 anfractus
604 3538 702 3594 seriem
716 3555 791 3594 suam
808 3537 878 3593 evol·
930 3538 1021 3601 modo,
1034 3552 1127 3594 uerum
1142 3537 1221 3591 etiem
1236 3552 1349 3607 corpore
1362 3553 1420 3594 sea
1444 3540 1533 3594 Marco
1565 3542 1615 3596 islo
1629 3554 1744 3618 corrup·

64 3620 135 3678 vat,
157 3621 279 3668 tortuose
292 3610 428 3682 procedat,
450 3632 462 3662 ι
484 3617 535 3669 etc.
562 3610 681 3680 Denique
705 3611 824 3665 lrenaeus
851 3615 878 3663 et
932 3619 985 3664 tam
1022 3607 1146 3679 asseruit,
1175 3606 1360 3733 reliquumguo
1398 3610 1459 3664 vitae
1497 3609 1524 3664 in
1560 3611 1745 3684 exomologesi

64 3681 259 3756 Epiphanius,
275 3682 329 3737 imo
346 3684 404 3752 ipse
417 3690 512 3737 auctor
533 3681 653 3751 Catalogi
677 3682 875 3750 haereticorum,
931 3687 1062 3751 perpetua
1072 3679 1250 3750 consumpsit.
1267 3681 1307 3736 Un
1328 3680 1461 3751 equidem
1472 3689 1579 3738 sanctus
1597 3684 1647 3751 uir,
1665 3698 1745 3754 quem

66 3755 257 3812 colarbasum
280 3753 425 3811 Ptolomaeo
445 3764 526 3828 atque
551 3751 675 3809 seeundo
703 3754 879 3824 posteriorem
933 3753 996 3807 citat
1017 3753 1135 3806 lrenaeus
1159 3751 1316 3820 hujusmodi
1340 3751 1433 3806 verbis
1463 3753 1553 3823 praesti
1561 3754 1691 3825 giatorem
1710 3755 1745 3809 is·

64 3824 296 3885 consumatus
933 3831 988 3877 tom
1012 3821 1180 3892 redarguit:
1217 3842 1232 3874 u
1266 3823 1403 3879 ldolornm
1439 3823 1582 3880 fabricator
1602 3826 1698 3891 blarce,
1719 3833 1756 3880 et

114 3895 465 3969 centumcellensem
483 3893 877 3952 istouideindoclissimisD.
933 3902 1117 3966 portentorum
1133 3894 1277 3963 inspector,
1294 3895 1448 3968 astrologiae
1467 3895 1589 3969 cognitor
1613 3905 1640 3952 et
1663 3899 1751 3967 tnagi—

67 3965 210 4025 Rlassucti
230 3966 460 4023 dissertationibus
488 3969 595 4038 praeriis
627 3965 659 4020 ad
687 3981 751 4036 opp.
784 3964 879 4021 lrenaei
933 3981 972 4020 cae
994 3966 1069 4034 artis,
1097 3981 1145 4035 per
1163 3980 1223 4034 quae
1241 3964 1384 4020 confirmas
1411 3967 1671 4034 errorisdoctrtnas,
1707 3969 1747 4021 si·

67 4035 195 4095 Dissert.
217 4054 237 4107 1,
261 4048 311 4093 art.
333 4038 406 4109 tl,§
429 4038 472 4105 Vl,
491 4054 520 4108 p.
543 4041 587 4092 50.
607 4037 709 4091 Eadem
731 4036 786 4092 lere
804 4053 879 4094 com-
933 4053 987 4108 gna
1005 4037 1149 4091 ostendens
1172 4036 1213 4089 his
1246 4037 1291 4104 qui
1311 4044 1367 4091 ate
1396 4036 1569 4107 seducuntur,
1594 4041 1749 4110 apostaticae

69 4111 214 4177 penninas
235 4109 347 4181 exponit
375 4124 436 4180 quae
459 4109 502 4164 hic
524 4109 602 4164 habet
626 4108 770 4163 llhenanus
788 4125 794 4163 :
811 4111 880 4163 blar-
934 4106 1041 4161 uirtutis
1065 4107 1244 4175 operationes,
1269 4122 1329 4177 quae
1348 4108 1397 4161 tibi
1419 4116 1531 4177 praestat
1560 4118 1622 4165 tuus
1658 4121 1746 4180 pater,

69 4194 143 4237 eum
162 4179 301 4237 Valentini
318 4180 492 4253 magistriani
506 4179 707 4235 emendatorem
729 4178 810 4233 tradit
823 4180 878 4234 lre·
935 4179 1046 4233 Somnus
1069 4192 1117 4246 per
1135 4175 1284 4249 angelicam
1302 4175 1428 4232 uirtutem
1450 4179 1557 4250 haenel,
1600 4179 1701 4233 habens
1723 4187 1751 4234 le

70 4265 169 4318 nuens,
187 4252 302 4324 magioae
320 4251 476 4322 imposturae
503 4250 695 4322 peritissimum
724 4247 815 4315 luisse,
832 4264 881 4319 per
934 4261 1128 4376 firaeoursorem
1147 4247 1287 4302 contrariae
1307 4247 1440 4303 adversus
1466 4249 1552 4304 Deum
1574 4248 1709 4320 nequitia.
1734 4268 1748 4302 ιι

74 4339 164 4396 quam
184 4339 248 4379 cum
267 4323 339 4379 uiros
357 4323 464 4392 multos,
484 4330 539 4378 tum
563 4320 676 4377 feminas
701 4335 755 4375 non
779 4334 916 4426 paucasn
960 4320 984 4374 ic
998 4320 1102 4373 Marcus
1135 4316 1252 4373 Somniis
1276 4317 1408 4396 Valentini
1424 4334 1594 4376 numerorum
1623 4320 1751 4391 mysteria

75 4396 233 4458 seduxerit,
253 4394 286 4448 ad
316 4409 346 4448 se
367 4407 512 4450 conuersos
531 4394 604 4450 uelut
626 4390 833 4447 scientissimum
851 4400 878 4446 et
934 4390 1165 4447 accommodassse
1188 4403 1217 4443 se
1248 4387 1422 4460 gloriabatur.
1443 4389 1526 4445 Porro
1545 4391 1580 4445 de
1611 4391 1752 4448 Theotimo

117 4465 324 4529 rlectissimum,
359 4469 539 4535 uirtutemque
569 4462 712 4519 maximam
727 4463 760 4517 nb
789 4461 882 4516 inuisi·
934 4462 1006 4518 nulla
1029 4460 1100 4533 apud
1128 4459 1246 4530 aliquem
1270 4466 1404 4514 auctorem
1438 4475 1518 4528 quem
1543 4461 1672 4516 hausurus
1697 4462 1753 4518 vidi

99 4537 184 4594 ilibus
196 4535 280 4608 Lagis
291 4535 444 4590 habentem.
459 4536 508 4591 lile
522 4551 586 4592 uero
613 4543 698 4590 totum
714 4535 766 4588 hoc
776 4532 880 4588 Anaxi·
936 4533 1054 4603 mentio,
1071 4531 1195 4587 fortassis
1213 4530 1353 4603 legendum
1379 4547 1386 4584 :
1411 4531 1564 4597 lulianum
1580 4546 1643 4586 nam
1657 4533 1691 4588 de
1704 4532 1759 4588 illu-

82 4604 118 4663 lai
136 4606 289 4690 praestigiis
305 4619 332 4661 et
346 4607 451 4678 magica
471 4605 589 4663 uanihte
611 4604 782 4675 conficiebat,
804 4619 884 4660 verus
937 4604 1044 4674 scripsit
1066 4619 1147 4673 supra
1175 4602 1222 4660 lib.
1247 4603 1409 4674 Proscript.
1439 4601 1500 4657 uda.
1531 4601 1598 4659 daur.
1632 4617 1690 4672 cap.
1717 4606 1753 4658 bl

88 4677 243 4736 lnhcbrish
257 4693 416 4749 precursor.
435 4678 491 4732 Nos
511 4693 595 4733 unum
614 4685 641 4731 et
659 4679 773 4732 alterum
794 4674 885 4731 homi·
939 4679 1035 4732 haeres.
1078 4674 1145 4745 (lb),
1171 4674 1243 4747 quod
1259 4693 1278 4724 -r
1299 4680 1371 4728 totus
1395 4673 1564 4730 secundum:
1581 4672 1753 4730 Valentinum

89 4749 126 4804 uis
160 4749 340 4820 perditissimi
369 4749 565 4821 praestigiarum
586 4765 619 4804 ex
646 4748 743 4806 eodem
775 4755 887 4802 auctore
941 4764 1002 4819 sup.
1020 4766 1033 4798 u
1049 4746 1188 4803 llassuar.

90 4821 232 4889 prodemus
246 4820 412 4891 exemplum.
424 4819 503 4875 bliaxo
518 4820 579 4875 uino
595 4835 646 4892 pro
660 4819 744 4876 calice
759 4819 890 4874 simulans
978 4821 1035 4891 (29)
1045 4815 1271 4875 Tantumseltut'c
1281 4816 1380 4872 heresi
1389 4816 1688 4897 sondercpermt‘soum
1699 4819 1753 4875 erl.

91 4905 114 4955 tc
140 4891 243 4962 gratim
262 4906 343 4964 agere
358 4892 435 4957 ,siue
445 4890 595 4962 εὐχαριστεῖν
617 4895 690 4962 quod
717 4889 797 4947 hodie
824 4906 892 4949 coa·
945 4892 1081 4947 lrenaeus:
1108 4909 1120 4940 x
1145 4889 1294 4945 Suadenter
1326 4887 1433 4959 quidem
1453 4888 1564 4944 illiciunt
1590 4905 1639 4961 per
1666 4888 1756 4946 bonu-

92 4977 199 5019 tecrnre
213 4961 337 5030 dicimus,
358 4971 418 5030 post
432 4963 540 5034 longam
555 4961 770 5027 invocationem,
792 4975 893 5033 purpu·
947 4978 1006 5018 mm
1026 4975 1128 5016 morem
1159 4957 1337 5030 simpliciores
1353 4960 1386 5013 ad
1410 4960 1565 5032 requirendi
1588 4960 1708 5016 modum.
1740 4980 1753 5014 r

91 5046 161 5088 eum
175 5042 204 5088 et
223 5034 338 5089 rubeum
350 5047 482 5114 apparere
499 5033 623 5099 l'aciebat,
642 5040 670 5088 nt
684 5040 810 5115 putarant
824 5032 889 5087 sim·
948 5035 981 5090 Et
1004 5032 1083 5104 paulo
1109 5039 1170 5101 post
1194 5049 1201 5086 :
1224 5050 1239 5083 u
1259 5029 1385 5087 Suasorio
1407 5032 1607 5104 oooperimento
1644 5033 1758 5093 subdole

91 5104 214 5173 pliciores
239 5104 364 5160 divinitus
384 5121 413 5160 tn
435 5104 508 5160 illius
531 5105 640 5160 calicem
666 5104 806 5160 distillasse
829 5119 896 5160 san·
951 5105 1139 5160 adornatus.»
1163 5104 1228 5159 Dru.

90 5187 215 5247 mnam,
230 5183 257 5231 et
280 5174 380 5232 idcirco
417 5185 547 5257 cuperent
570 5191 664 5232 omnes
690 5191 724 5233 ex
739 5189 783 5255 ¹eo
803 5173 899 5243 poculo
988 5174 1046 5259 (to)
1064 5173 1136 5231 Mitt
1152 5177 1249 5232 cutem
1267 5188 1332 5229 com
1353 5174 1511 5249 archetypis
1526 5178 1582 5234 erit
1597 5175 1760 5250 limesprt'rt·

89 5257 194 5316 gustare
212 5288 220 5312 ,
235 5246 329 5320 gratiae
354 5247 471 5304 coelestts
486 5246 524 5302 sic
543 5247 626 5303 iuturi
651 5245 807 5318 participes.
829 5247 902 5303 Alto·
955 5248 1095 5320 cipubttm
1108 5247 1324 5317 magistrorum.
1340 5244 1384 5301 hil
1399 5261 1428 5301 se
1443 5247 1578 5320 stringere
1591 5250 1690 5318 stylum
1707 5247 1758 5303 ad-

89 5332 143 5372 mm
171 5318 329 5390 imposturae
362 5334 459 5392 genus
484 5317 640 5374 Exhibebat
661 5316 767 5373 mulieri
789 5318 902 5373 calicem
955 5333 1050 5375 uersus
1058 5317 1179 5390 origines
1193 5317 1298 5390 ipsaset
1320 5317 1473 5375 authentica
1496 5319 1556 5390 ipsa
1572 5317 1758 5390 principalium

88 5390 195 5445 mutum
212 5389 323 5462 ,ipsam
337 5389 437 5461 gratias
455 5405 538 5461 agere
567 5389 678 5459 jubens.
698 5389 761 5444 hlox
781 5387 905 5458 capacius
958 5389 1166 5464 magistrorum:
1181 5397 1262 5460 atque
1277 5389 1386 5444 hoseibi
1400 5388 1496 5446 limites
1511 5402 1671 5462 proponere,
1688 5401 1763 5461 quos

88 5458 215 5540 poculum
248 5459 412 5530 proterens,
433 5462 459 5517 in
485 5460 512 5516 id
544 5459 748 5516 transfundebat
774 5458 905 5516 minorem
959 5463 1029 5517 ultra
1048 5462 1116 5517 nolit
1131 5461 1270 5533 congredi.
1295 5460 1444 5532 Archetypi
1465 5460 1585 5530 magistri
1605 5465 1668 5513 sunt
1686 5459 1761 5530 prin·

88 5530 163 5589 dum
196 5529 335 5600 calicem,
360 5532 407 5604 qni
426 5539 484 5589 erat
503 5531 671 5590 Eucharistia
696 5531 792 5599 lactus,
808 5546 909 5603 magno
960 5533 1036 5603 cipes
1054 5533 1187 5605 magistri,
1209 5532 1379 5588 uetustiores.
1400 5531 1494 5586 atilius
1512 5529 1720 5586 Fortunatianna
1732 5529 1767 5586 in=

89 5600 239 5661 ridentium
253 5600 401 5669 miraculo,
421 5619 481 5662 cnm
511 5602 765 5674 majornonsolnm
778 5601 908 5674 implere·
962 5606 1029 5662 Arte
1053 5621 1060 5662 :
1084 5625 1095 5652 ι
1115 5605 1223 5661 Veteres
1243 5600 1315 5673 lege,
1340 5601 1367 5657 id
1389 5609 1442 5671 eat,
1461 5610 1491 5658 ut
1505 5601 1544 5658 ait
1565 5598 1696 5669 Lucilius,
1714 5616 1764 5660 ar·
