3840 6134
86 297 140 360 833
675 290 771 354 LIBER
789 291 956 356 ustauhts
974 295 1113 358 CHRISTI.
1681 306 1736 369 834

87 422 317 500 quemadmodum
332 433 386 475 non
401 436 435 476 ei
448 418 499 476 viri
514 417 628 488 semiue,
649 419 685 474 ita
707 434 759 476 neo
776 435 809 475 ci
827 419 883 476 vir·
899 435 925 516 Α
939 437 992 494 quo
1007 421 1096 479 minus
1114 436 1192 478 suam
1210 419 1235 461 ⁵²
1257 421 1334 478 radii
1352 421 1402 478 sibi
1420 423 1540 482 vindicet
1556 441 1606 498 per
1623 427 1731 503 virgum

87 512 161 589 ginis
185 525 268 568 carne
291 524 354 565 caro
375 507 454 565 fieret
476 507 527 564 Dei
547 507 665 564 Verbum
689 524 697 563 ε
722 523 804 580 quare
829 524 885 566 non
939 512 1129 584 proprietatem
1146 512 1206 582 ejus
1224 509 1296 584 quod
1315 527 1348 566 eri
1362 512 1439 586 virga
1452 521 1504 583 est,
1524 516 1597 571 lloris
1612 527 1639 574 ct
1660 518 1733 578 irue-

88 601 192 660 hocsit
207 607 262 657 tota
280 598 395 664 novitas,
412 606 520 655 ulcero
535 597 629 653 n0n²¹⁰
652 597 755 652 semine
775 604 837 653 nata
850 597 886 662 ⁴¹.
939 619 981 660 us.
1003 602 1144 673 Siquidem
1165 601 1254 657 omnis
1272 602 1375 672 gradus
1395 603 1507 673 generis
1526 604 1559 658 ab
1579 605 1677 664 ultimo
1698 610 1733 667 ad

88 707 170 750 carne
193 687 381 762 processerit?
403 687 543 744 Accedant
566 686 591 725 ‘¹²
615 686 702 743 adhuc
720 686 844 743 cominus
861 687 887 726 4³
940 691 1116 762 principalem
1130 698 1295 758 recensetur,
1307 699 1336 746 ut
1347 690 1404 759 jam
1418 707 1490 748 nunc
1505 707 1614 748 carnem
1624 695 1732 767 Christi,

88 782 122 838 ad
144 794 334 852 congressum,
364 779 442 847 Ecce,
468 778 569 849 inquit,
587 778 664 849 sirpo
687 778 827 850 concipiet
854 776 888 832 ia
941 795 995 835 non
1019 787 1121 836 tantum
1142 778 1246 845 Mariae,
1271 779 1319 834 sed
1346 786 1373 834 et
1390 768 1478 836 'David
1502 797 1551 852 per
1573 783 1692 855 llariam,
1708 793 1737 843 et

88 875 182 930 atero.
206 867 364 937 Quidnam?
389 865 487 937 Utique
510 866 561 922 Dei
587 865 716 932 Verbum,
748 881 804 921 non
836 863 888 922 viri
939 868 1015 924 Jessc
1030 884 1078 940 per
1095 868 1189 937 David,
1200 867 1286 925 sciant
1299 867 1444 927 adhaerere.
1455 868 1518 925 ldeo
1533 870 1558 908 55
1575 871 1646 928 bunc
1660 872 1736 930 lruc-

89 975 184 1017 semen
212 959 238 997 ⁴¹·
273 973 280 1011 :
313 962 388 1012 certe
414 965 443 1010 ut
477 961 584 1026 pareret
616 952 712 1010 lilium.
743 955 823 1026 Nam,
852 955 888 1011 at
941 955 1155 1011 tumerlumhis
1176 954 1273 1020 David,
1289 954 1383 1022 idest,
1407 972 1439 1012 ex
1464 957 1622 1027 posteritate
1648 961 1737 1019 carnis

89 1049 194 1122 pariet,
215 1042 312 1117 inquit,
336 1043 441 1114 filium.
465 1043 549 1116 Ergo,
574 1050 603 1097 ut
631 1041 715 1115 ipsius
745 1041 796 1098 luit
819 1057 888 1098 con·
941 1044 1002 1114 ejus
1016 1046 1091 1115 jurat
1107 1042 1146 1100 illi
1161 1045 1234 1100 Deus
1254 1059 1447 1101 concessurum
1466 1044 1495 1100 in
1510 1045 1625 1104 thorono
1640 1048 1738 1120 ipsius.

90 1139 207 1211 cepisse,
235 1135 272 1191 ita
299 1135 386 1206 ipsius
409 1141 450 1190 est
481 1134 554 1206 quod
586 1133 706 1205 peperit,
740 1132 801 1190 licet
833 1148 888 1190 nori
941 1134 969 1189 Si
984 1150 1016 1189 ei
1036 1133 1135 1190 lumbis
1149 1132 1244 1201 David,
1273 1141 1374 1204 quanto
1396 1133 1484 1208 magis
1504 1152 1537 1192 ert
1562 1136 1661 1194 lumbis
1679 1138 1739 1196 lla·

92 1226 177 1300 ipsius
208 1223 291 1280 luerit
322 1224 396 1294 quod
428 1222 560 1293 concepit.
593 1221 692 1279 Contra
719 1221 743 1277 si
767 1222 889 1278 Verbum
942 1223 989 1280 riae
1003 1224 1072 1297 (87),
1088 1224 1124 1280 ob
1138 1240 1221 1297 qnam
1235 1223 1263 1278 in
1276 1223 1377 1280 lumbis
1389 1223 1490 1281 Davidl

91 1331 168 1374 exse
182 1330 247 1373 caro
262 1314 363 1370 lactum
377 1319 428 1383 est,
438 1312 495 1381 jam
509 1311 598 1383 ipsum
613 1327 643 1368 se
656 1312 780 1384 concepit
794 1320 821 1367 et
835 1328 888 1384 pe·
1230 1363 1344 1423 CAPUT
1362 1365 1440 1422 XXII

92 1407 172 1479 perit,
193 1411 221 1461 et
234 1413 311 1460 rarat
326 1402 477 1475 prophetia.
493 1403 554 1457 Non
572 1400 645 1457 enim
662 1400 740 1474 virgo
753 1402 888 1475 concepit,
1442 1406 1451 1422 “

92 1492 180 1567 ireque
195 1491 311 1565 peperit,
328 1491 350 1545 si
365 1506 420 1546 non
440 1489 571 1561 quidquid
585 1488 610 1528 ⁴⁵
638 1490 744 1561 peperit
764 1507 797 1548 ex
812 1491 889 1548 verbi
978 1491 1092 1548 Deleant
1106 1487 1188 1562 igitur
1202 1498 1229 1545 et
1243 1489 1396 1548 testImonia
1409 1491 1564 1550 demonum
1581 1492 1640 1568 (88)
1655 1495 1739 1553 lilium

91 1590 311 1654 concepturam
326 1578 413 1651 ipsius
427 1587 477 1634 cst.
492 1577 554 1634 Sola
574 1580 631 1634 haeo
646 1587 735 1634 autem
749 1581 890 1652 prophete
943 1578 1028 1634 David
1043 1577 1234 1650 proclamantia
1257 1579 1282 1616 ⁵²¹
1294 1577 1402 1635 lesum:
1428 1571 1476 1638 sed
1498 1582 1650 1640 testimonia
1670 1599 1738 1658 apo-

92 1687 153 1741 vox,
165 1667 358 1727 evacuabitur?
372 1684 406 1722 an
428 1680 454 1723 οι
477 1668 579 1739 angeli,
603 1674 762 1739 conceptum
778 1678 803 1725 et
823 1684 888 1740 par·
943 1666 1074 1724 stolorum
1087 1665 1178 1721 delere
1202 1680 1254 1720 non
1270 1673 1396 1738 poterunt
1410 1668 1444 1734 ⁵⁵,
1461 1668 1483 1724 si
1498 1669 1740 1732 daemonumiudi·

95 1768 154 1815 tum
166 1745 281 1832 virginis
297 1758 502 1813 annuntiantis?
517 1773 549 1811 aa
573 1764 599 1814 et
618 1757 705 1813 omnis
718 1759 777 1828 jam
795 1757 890 1830 Scrip-
906 1713 929 1791 Β
945 1772 998 1829 gna
1010 1753 1095 1812 189
1105 1761 1177 1819 sunt.
1189 1754 1250 1826 lpse
1260 1753 1394 1826 imprimis
1403 1757 1552 1826 Matthaeus,
1566 1759 1741 1818 fidelissimus

98 1855 170 1913 tura,
184 1845 264 1904 188
278 1861 448 1919 quaecunque
472 1853 583 1901 matrem
604 1846 760 1916 pronuntiat
773 1846 892 1903 Christi‘l
945 1844 1083 1919 Evangelii
1097 1851 1302 1910 commentator,
1318 1852 1347 1898 ut
1357 1860 1449 1900 comes
1462 1846 1580 1913 Domini,
1591 1863 1645 1904 non
1660 1850 1741 1906 aliam

97 1934 241 2006 Quomodo
255 1933 324 1991 euim
348 1942 445 2001 mater,
471 1933 523 1988 nisi
538 1934 598 2005 quia
613 1935 642 1990 in
656 1943 732 1991 utero
751 1934 892 2007 eiusluitl
945 1934 980 1990 ob
1000 1949 1119 2000 causam,
1145 1946 1225 2005 quam
1246 1939 1277 1988 ut
1296 1948 1346 1988 nos
1368 1931 1482 2007 originis
1506 1935 1603 1992 Christi
1626 1938 1741 1994 carnalis

94 2023 151 2081 Sed
168 2022 234 2079 nibil
246 2029 364 2080 extitero
374 2022 556 2094 ejusaocepit‚
573 2023 645 2094 quod
655 2033 768 2080 matrem
783 2040 843 2081 eam
854 2025 891 2080 la·
945 2028 1086 2094 compotes
1105 2022 1216 2090 iaceret,
1237 2021 1272 2076 ita
1290 2036 1402 2079 exorsus
1424 2031 1476 2081 est:
1503 2023 1581 2082 hiber
1601 2027 1742 2099 penitere

92 2121 179 2180 ceret,
189 2112 218 2168 in
232 2112 397 2183 cujusutero
411 2109 470 2168 luit.
487 2113 544 2168 lloc
558 2127 656 2169 nomen
669 2128 724 2168 non
739 2112 819 2169 debet
828 2130 892 2171 caro
945 2113 1012 2169 lese
1025 2113 1140 2180 Christi,
1155 2111 1210 2182 filii
1223 2111 1320 2177 Dauid,
1332 2112 1390 2184 filii
1403 2111 1552 2170 arratam.
1563 2113 1612 2170 llis
1624 2115 1741 2192 originis

92 2210 221 2260 exhausa
234 2202 269 2258 55.
294 2203 388 2258 llatris
411 2213 519 2258 uterum
542 2217 596 2258 non
618 2202 747 2274 appellat,
762 2202 814 2257 nisi
837 2202 893 2260 filia
946 2200 1066 2256 lontibus
1078 2216 1178 2275 genere
1191 2209 1327 2271 manante,
1342 2218 1405 2258 cum
1419 2201 1553 2273 gradatim
1572 2205 1640 2259 ordo
1655 2203 1742 2262 dedu·

92 2291 172 2359 uteri,
192 2307 267 2348 caro.
290 2291 358 2348 Filia
378 2290 448 2348 uteri
472 2307 553 2364 porro
573 2307 627 2347 non
650 2299 701 2358 est,
717 2292 740 2347 si
761 2292 813 2348 sibi
831 2299 893 2350 nata
945 2292 1015 2347 citur
1045 2290 1078 2345 ad
1105 2289 1203 2347 Christi
1227 2289 1393 2347 nativitatem
1416 2291 1451 2358 55,
1474 2290 1538 2364 qnid
1564 2292 1637 2348 aliud
1661 2311 1742 2367 quam

92 2389 143 2438 est.
159 2380 270 2437 Tacebit
291 2381 315 2420 ⁴⁵
330 2380 416 2455 igitur
438 2389 465 2436 et
482 2380 620 2436 Elisabeth
642 2382 802 2452 prophetam
824 2398 892 2455 por·
945 2395 1008 2437 caro
1022 2378 1082 2453 ipsa
1097 2378 1216 2435 hbrahae
1230 2387 1256 2435 et
1280 2379 1375 2449 David,
1396 2397 1444 2452 per
1463 2382 1587 2458 singulos
1605 2385 1743 2442 traducam

93 2477 153 2526 tans
167 2469 193 2508 55
205 2470 261 2539 jam
284 2470 393 2524 Domini
416 2469 458 2524 sui
483 2470 621 2526 conscium
642 2469 780 2537 infantem,
797 2480 824 2527 et
847 2470 892 2525 in·
946 2470 988 2525 sui
1006 2468 1118 2536 iaciens,
1134 2468 1161 2523 in
1181 2467 1314 2541 virginem
1334 2484 1420 2541 usque
1444 2469 1605 2528 describitur
1628 2473 1744 2531 inferens

92 2572 177 2628 super
197 2557 299 2628 Spiritu
321 2566 412 2613 sancto
437 2557 592 2629 adimpleta.
617 2557 680 2614 Sine
704 2575 799 2614 caussa
820 2558 892 2614 enim
946 2556 1095 2624 Christum,
1110 2557 1164 2613 imo
1178 2556 1237 2628 ipse
1256 2557 1378 2613 Christus
1397 2559 1519 2630 proditur
1532 2560 1556 2599 ⁵⁷
1574 2562 1608 2618 de
1622 2562 1744 2636 virginei

93 2646 159 2702 dicit
174 2645 305 2718 (Lac-1):
322 2649 357 2703 bt
371 2646 446 2704 unde
461 2647 543 2714 mibi,
560 2650 593 2704 ut
606 2653 699 2704 mater
714 2649 892 2706 Domitiimei
946 2647 1000 2703 Sed
1020 2655 1047 2703 et
1061 2648 1169 2717 Paulus,
1190 2654 1285 2719 utpote
1303 2648 1426 2716 eiusdem
1446 2650 1589 2723 Evangelii
1609 2660 1636 2708 et
1659 2652 1745 2710 disci·

94 2735 131 2792 ad
148 2752 194 2793 me
212 2737 310 2793 aurici
323 2736 367 2788 ⁵⁹?
381 2735 405 2790 si
420 2736 502 2791 llario
516 2751 570 2792 non
586 2734 681 2803 lilium,
697 2739 745 2793 sed
756 2737 891 2810 hospitem
946 2733 1027 2806 pulus
1041 2744 1067 2790 et
1081 2734 1220 2806 magister,
1234 2742 1262 2790 et
1276 2735 1363 2800 testis,
1379 2752 1432 2806 qua
1444 2736 1469 2774 ⁵⁰
1479 2738 1601 2806 ejusdem
1615 2738 1702 2810 ipsius
1719 2741 1746 2782 ⁵⁹

94 2824 123 2881 iii
138 2833 215 2881 utero
230 2823 468 2897 gestabatlesum.
488 2824 630 2894 Quomodo
643 2825 709 2881 dicit
733 2827 891 2885 :Benedic-
947 2823 1047 2881 Christi
1070 2824 1220 2896 apostulus,
1246 2821 1388 2878 confirmat
1417 2823 1555 2881 Christum
1582 2841 1615 2883 er
1640 2828 1745 2887 semiue

99 2914 828 2986 tas⁵⁰frttetoaaierituilQuishiclructusuteri,
845 2917 893 2989 qui
946 2910 1032 2969 David
1057 2910 1204 2967 secundum
1228 2924 1347 2977 carnem,
1370 2909 1462 2983 utique
1491 2911 1586 2982 ipsius.
1613 2914 1688 2988 Ergo
1711 2931 1745 2974 ex

97 3018 154 3058 non
173 3018 205 3058 ex
218 3010 297 3060 utero
311 3003 486 3078 germinavit3
503 3003 550 3074 qui
569 3019 624 3060 non
639 3007 666 3060 in
682 3013 759 3062 aiteio
773 3005 892 3062 redicem
949 3001 1052 3056 semiue
1074 2999 1162 3053 David
1181 3013 1243 3055 ctr0
1268 2998 1377 3054 Chrisli·
1400 2999 1455 3055 Sed
1483 2989 1632 3058 secundum
1655 3003 1745 3063 ttariae

95 3089 167 3165 egit;
184 3090 231 3164 qni
258 3094 395 3162 nunejus
418 3099 467 3159 est,
497 3094 574 3162 cujas
598 3101 640 3149 est
661 3095 772 3150 uterus?
791 3095 825 3149 Et
845 3094 891 3167 qui
949 3103 1070 3156 carnem,
1087 3102 1121 3143 ex
1137 3085 1350 3143 semiueDavid:
1371 3100 1437 3158 crgo
1451 3088 1584 3146 callariae
1597 3107 1678 3149 carne
1692 3102 1745 3166 est,

94 3179 187 3252 ntique
206 3179 306 3236 fructus
328 3181 419 3236 uteri?
444 3181 577 3238 Christus.
605 3182 646 3236 An
668 3182 733 3253 quia
764 3182 821 3253 ipse
850 3191 892 3239 est
947 3177 1011 3232 dum
1035 3193 1067 3232 ei
1093 3174 1195 3232 semine
1221 3183 1261 3230 est
1284 3173 1381 3230 David.
1406 3175 1574 3250 Quocunque
1596 3179 1745 3238 detorserit

93 3265 145 3324 ilos
158 3267 193 3324 de
206 3267 284 3341 virga
297 3269 418 3340 proiecta
432 3269 454 3308 ⁵¹
470 3286 506 3326 ex
529 3269 619 3326 radice
632 3270 722 3337 lesse;
743 3273 817 3327 radix
833 3288 890 3329 au·
946 3265 1058 3331 dictum,
1080 3270 1129 3319 flul
1147 3280 1180 3318 ex
1205 3277 1288 3318 carne
1309 3270 1350 3319 est
1367 3263 1470 3336 Maria,
1491 3265 1564 3336 quod
1587 3283 1620 3324 ex
1642 3270 1747 3328 semine

95 3363 151 3412 tem
164 3356 252 3424 lesse,
268 3373 353 3430 genus
374 3358 474 3428 David3
491 3359 566 3431 virga
585 3375 617 3416 ex
640 3359 741 3431 radice,
761 3362 844 3416 illaria
857 3377 890 3417 ex
944 3363 985 3411 est
999 3353 1098 3422 David;
1119 3358 1165 3407 aut
1180 3369 1211 3408 ex
1227 3350 1313 3406 David
1335 3351 1436 3408 semine
1450 3361 1501 3420 est,
1516 3354 1589 3425 quod
1603 3371 1636 3412 ei
1657 3374 1739 3416 earne

92 3444 198 3502 uivida
213 3446 320 3502 Flusor
334 3447 419 3520 virga,
436 3448 507 3503 filius
522 3448 622 3515 hieria,
638 3449 685 3521 qui
699 3449 798 3506 dicitur
809 3451 890 3506 lesus
942 3455 983 3502 est
997 3444 1098 3500 llariae.
1114 3444 1207 3498 Totam
1228 3441 1298 3495 banc
1317 3439 1532 3497 controversiam
1551 3441 1653 3499 dirimit
1671 3445 1744 3503 idem

92 3532 228 3600 Christus,
244 3532 303 3606 ipse
323 3535 374 3591 erit
396 3545 422 3591 et
445 3535 556 3593 fructus.
582 3537 645 3593 Flos
668 3537 740 3594 enim
760 3538 886 3595 tructus:
942 3532 1099 3608 Apostolus,
1112 3531 1200 3603 ipsum
1216 3528 1413 3586 definientesse
1426 3529 1544 3586 Abrahae
1557 3546 1662 3589 semen.
1675 3534 1744 3592 Cum

91 3621 156 3695 quia
168 3637 218 3692 per
236 3620 329 3678 llorem
343 3631 370 3678 et
388 3638 422 3679 ex
444 3622 511 3680 Dore
527 3625 615 3680 omnis
639 3624 741 3681 lructus
763 3626 888 3682 eruditur
943 3624 1093 3689 Abraham,
1112 3619 1204 3692 utique
1216 3617 1301 3676 multo
1319 3617 1406 3690 magis
1424 3617 1520 3690 David,
1540 3620 1619 3693 quasi
1641 3639 1741 3682 recen·

92 3709 122 3765 in
135 3709 263 3766 fructum.
274 3708 346 3778 Quid
361 3713 448 3783 ergo‘l
463 3720 562 3783 negant
576 3718 604 3768 et
624 3710 722 3770 lructui
737 3729 817 3769 suum
831 3713 885 3770 llo-
942 3713 1031 3772 tioris.
1055 3711 1191 3767 Retexens
1214 3707 1287 3764 enim
1316 3706 1524 3778 promissionem
1543 3709 1743 3772 benedictionis

92 3814 163 3869 rem,
177 3805 206 3856 et
219 3798 281 3855 Dori
297 3816 372 3856 suain
391 3800 505 3874 virgam,
520 3809 547 3858 et
564 3801 650 3874 virgae
664 3819 742 3860 suam
756 3803 886 3874 radicem,
944 3804 1084 3861 nationum
1104 3797 1254 3855 innomine
1272 3797 1424 3865 hbraham3
1449 3799 1486 3854 ct
1504 3800 1537 3855 ia
1557 3802 1666 3860 semiue
1691 3805 1743 3865 luo

779 3904 876 3967 Variae
897 3907 1056 3968 lectiones.

129 4022 208 4079 illiti
227 4023 315 4082 inser.
337 4027 419 4081 Pam.
445 4024 533 4082 liberi.
547 4026 571 4064 ²¹¹
585 4025 652 4081 Nata
673 4026 747 4084 delei
760 4029 823 4099 bat,
835 4028 861 4066 ‘¹²
873 4027 1010 4085 Accedam
1034 4025 1095 4096 liip.
1118 4025 1181 4081 lea.
1204 4020 1231 4060 ⁴³
1252 4018 1429 4076 communius
1445 4019 1534 4077 libert.
1562 4023 1623 4081 eod.
1640 4025 1745 4085 ricta.

91 4095 120 4133 ⁴¹·
134 4094 244 4150 Semine
268 4097 355 4151 libert.
372 4097 396 4134 ⁴⁵
420 4096 499 4165 Quod
521 4096 579 4155 cod.
604 4098 924 4156 altamcumbam
948 4102 1008 4155 Lot.
1028 4097 1052 4134 ‘¹⁵
1076 4094 1193 4149 Tacebat
1215 4091 1304 4149 liberi.
1329 4093 1416 4149 Semi.
1431 4091 1456 4129 ⁴⁸
1476 4093 1631 4150 Praedicaus
1655 4098 1745 4158 libert.
1795 4133 1799 4143 ‹

92 4166 120 4205 ¹¹⁹
131 4165 228 4222 leniat
241 4168 274 4221 ad
289 4183 333 4221 me
349 4169 435 4225 liberi.
460 4169 543 4225 Sernl.
564 4168 589 4207 ⁵⁰
607 4172 704 4224 Beatus
717 4169 806 4226 libert.
829 4171 912 4228 Semi.
930 4168 952 4207 ⁵¹
968 4167 1098 4235 Projecta
1116 4165 1205 4219 libert.
1221 4162 1281 4233 liip.
1299 4163 1384 4219 Semi.
1413 4163 1477 4219 tea.
1496 4161 1745 4247 51ξιιοῐῐιοροοέο

98 4237 183 4294 llltea.
197 4237 222 4275 ⁵³
240 4236 385 4294 adherere
400 4240 456 4294 Deo
472 4241 564 4297 Poris.
579 4240 604 4278 55
618 4239 660 4294 hd
682 4241 769 4297 laser.
785 4242 845 4297 cod.
860 4240 974 4297 Pithoi.
991 4237 1015 4275 ⁵⁵
1030 4239 1179 4292 Potuerunt
1193 4233 1281 4290 libera
1297 4233 1382 4289 Semi.
1396 4232 1422 4272 55
1435 4235 1462 4287 Α
1486 4231 1586 4290 Christi
1602 4236 1742 4296 natavitate

94 4307 183 4368 litem
199 4308 223 4347 ⁵⁷
238 4309 397 4366 Producitur
410 4312 490 4367 Pam.
505 4314 591 4368 From.
607 4312 698 4369 Poris·
713 4310 738 4349 ⁵³
751 4310 820 4380 Quia
833 4312 895 4368 alii.
911 4311 935 4349 ⁵⁹
951 4310 1040 4381 lpsius
1057 4307 1133 4363 uben
1147 4322 1165 4360 o
1178 4303 1267 4362 libert.
1285 4304 1370 4362 siml.

794 4433 1044 4498 Commentarius.

112 4538 188 4621 .(.⁸7)
202 4542 247 4597 Ta
262 4539 362 4598 lambis
378 4541 484 4598 Mariae.
500 4539 549 4598 llic
562 4541 671 4597 lumbos
685 4555 734 4614 pro
748 4547 828 4598 utero
841 4558 890 4599 ac·
906 4558 929 4637 Ι)
944 4540 1039 4611 filium
1055 4535 1153 4620 David.
1176 4535 1288 4600 Tamen,
1313 4541 1342 4590 ut
1355 4531 1470 4617 ineptus·
1488 4548 1552 4607 ego,
1576 4550 1631 4595 non
1654 4541 1744 4604 retem

91 4612 770 4686 ciprt;namquodPsalenxxrdicitur,Defruteta
783 4615 891 4672 reatris
945 4612 980 4668 ad
1002 4616 1164 4674 testimonia,
1191 4621 1253 4677 quae
1275 4611 1338 4660 suut
1361 4621 1389 4659 in
1413 4603 1562 4685 Scriptura,
1581 4609 1629 4665 sed
1648 4615 1684 4670 ad
1702 4632 1746 4687 ee,

93 4683 140 4737 tui
172 4699 258 4739 ortam
272 4701 357 4756 super
371 4684 507 4741 thronum
522 4690 615 4755 tuom,
626 4687 686 4743 Act.
697 4700 728 4753 rr,
738 4685 894 4756 interpreta—
946 4699 1008 4752 quae
1022 4681 1088 4736 alibi
1101 4681 1186 4736 multa
1195 4684 1269 4746 sunt,
1283 4674 1363 4749 quale
1374 4682 1416 4733 est
1424 4675 1491 4732 tllud
1499 4677 1654 4763 Augustini,
1670 4687 1744 4746 tint

92 4756 139 4807 tus
152 4699 260 4817 §etms
277 4755 350 4825 dicit,
368 4755 401 4813 de
425 4760 524 4828 [rucio
541 4758 629 4814 lumbi
644 4759 714 4830 ejtts.
730 4756 780 4814 Ubi
795 4764 836 4814 cst
849 4760 895 4826 τῆς
949 4754 982 4811 de
998 4754 1140 4836 Coaseesu
1155 4751 1286 4821 Doanpel.
1304 4790 1311 4831 ξ
1327 4762 1387 4830 cap.
1404 4750 1453 4804 lb:
1467 4768 1500 4833 'a'
1510 4747 1603 4835 Ouid?
1616 4756 1689 4838 quod
1701 4758 1749 4817 istl

91 4822 199 4894 ὀσφύος,
208 4827 280 4895 quod
296 4827 350 4882 illic
359 4833 401 4887 rie
413 4828 517 4887 rodier.
529 4827 657 4896 Quamvis
672 4829 736 4884 illud
749 4828 781 4885 cie
795 4831 897 4902 fructu
949 4841 1012 4881 vani
1022 4823 1187 4890 laudatores,
1209 4831 1234 4876 et
1249 4821 1409 4877 Chrtsllflssae
1423 4820 1563 4893 rehgtonrs
1577 4822 1679 4896 obliqui
1693 4831 1748 4886 ob·

90 4897 205 4951 ventris
220 4910 273 4950 non
288 4908 377 4953 carcat
390 4900 534 4971 mysterio,
559 4906 587 4954 et
609 4909 761 4970 opponatur
785 4900 894 4970 lumbis,
950 4905 1119 4959 tractatores,
1160 4900 1306 4975 propterea
1338 4906 1393 4972 non
1423 4893 1522 4949 audent
1557 4894 1749 4968 blasphemare

92 4973 127 5021 nt
143 4974 222 5022 acute
235 4968 388 5025 considerat
400 4972 521 5026 lrenaeus
535 4970 583 5026 lib.
600 4986 641 5035 ur,
656 4987 715 5042 cap.
733 4972 776 5026 27.
792 4970 859 5028 Lic.
951 4968 1098 5031 Christum,
1124 4979 1189 5036 quta
1206 4964 1315 5044 quidam
1341 4961 1496 5034 philosophi
1516 4979 1610 5022 eorum
1630 4968 1699 5026 sicut
1718 4971 1748 5030 iu

132 5036 191 5108 (88)
205 5040 374 5096 Testimoaie
383 5041 553 5098 domomum.
566 5040 633 5109 Quae
644 5041 696 5096 sint
708 5043 766 5097 haec
776 5044 896 5098 testimo-
950 5038 1028 5094 libris
1037 5036 1094 5092 suis
1106 5035 1274 5117 Porphyrius
1287 5033 1397 5115 Siculus
1411 5034 1539 5108 prodidit,
1555 5041 1750 5103 cousuluemnt

90 5105 140 5162 nia
155 5108 320 5177 daemonum,
336 5111 439 5168 dubitat
449 5112 599 5179 Pamelius3
615 5129 677 5168 nam
691 5112 719 5167 in
732 5113 894 5186 Evangelio,
951 5111 1017 5165 deos
1031 5124 1104 5176 suos,
1120 5106 1186 5187 quid
1202 5107 1236 5188 dc
1255 5105 1361 5161 Christo
1375 5108 1580 5180 responderent,
1600 5111 1638 5168 illi
1656 5124 1750 5173 autern

93 5178 236 5236 daemones
251 5182 400 5238 clamarunt
424 5185 531 5241 Filiam
551 5184 611 5249 Dei,
634 5183 677 5265 vell
693 5185 789 5266 lesum
804 5186 897 5242 Noae·
950 5178 1072 5263 oraculis
1087 5194 1144 5234 suis
1162 5177 1296 5259 Christum
1316 5175 1429 5259 laudare
1449 5181 1584 5251 compulsi
1606 5193 1678 5245 sunt.
1693 5189 1751 5246 Nec

95 5252 897 5400 utaritictatttrrttthlttriciti?
950 5247 1589 5404 scrutaturi.tristissuma
1611 5255 1750 5383 ticin

95 5392 191 5460 suuni,
215 5395 409 5451 Tertullianum
430 5414 458 5452 ar
480 5397 520 5453 uit
543 5396 699 5463 oblivionis,
737 5397 792 5454 uod
814 5398 898 5457 verba
950 5402 1027 5451 emat
1049 5395 1199 5463 daemones,
1222 5401 1248 5448 et
1267 5392 1414 5447 laudabant
1486 5404 1591 5450 rustum.
1616 5398 1749 5457 Eamdem

96 5459 428 5535 chananaecrum,
466 5484 569 5526 aserere
585 5470 652 5536 mei,
666 5467 711 5539 fili
719 5413 816 5536 Daniel,
833 5468 896 5525 fitia
950 5462 1522 5589 etiamconfessioncmeprianusindicat,
1537 5465 1748 5529 terminante.

94 5533 160 5603 eJus
174 5536 346 5595 daemoniaca
364 5541 550 5611 assumpserit.
565 5540 622 5614 Ego
646 5555 699 5594 non
711 5539 833 5622 ‘multum
854 5541 897 5623 la·
949 5538 983 5593 Et
998 5537 1021 5593 si
1033 5538 1103 5594 velis
1115 5537 1208 5595 dolare
1228 5536 1320 5622 mutis
1334 5536 1405 5620 hanc
1415 5535 1559 5661 ffigiuam'
1584 5536 1630 5594 adi
1646 5539 1750 5600 Plutar-

93 5604 169 5686 boro
192 5607 227 5664 de
247 5610 298 5666 bic
320 5625 352 5667 re
371 5627 379 5666 i
401 5627 464 5668 cum
485 5626 578 5668 revera
600 5611 735 5668 demonia
757 5610 898 5668 clamarint
948 5609 1038 5666 chum.
1056 5611 1112 5668 Cur
1129 5607 1401 5673 oracauatrtermt.
1454 5620 1480 5667 c.
1747 5635 1752 5646 ¹

94 5673 199 5735 Filium
213 5678 273 5749 Dei,
289 5681 379 5754 potuit
390 5681 571 5741 Tertullianus
581 5690 683 5743 mutare
692 5681 799 5745 liliam
809 5680 860 5743 ua·
868 5680 897 5739 iu
