3840 6134
126 247 177 309 901
661 242 759 306 iltuit
773 235 822 304 ‘DE
842 244 1105 311 RESURRECTIONE
1122 245 1249 308 cittis.
1723 255 1779 317 902

128 377 243 450 Oportet
257 390 334 430 enum
347 375 542 446 corruptivum
553 372 630 430 t'itud
647 372 766 430 iuduere
776 374 927 446 incorrup·
941 388 965 468 Α
982 373 1088 430 olentes
1103 374 1161 446 (89)
1177 371 1294 447 populus
1307 373 1453 433 exhorruit.
1478 375 1565 447 ⁸555
1588 377 1707 450 Constat,
1723 396 1778 438 nou

111 464 232 535 telam:
246 468 275 520 el
292 464 415 521 mortale
428 464 506 522 istud
520 463 640 522 iuduere
658 463 927 532 immortalitatem:
982 470 1085 520 tantum
1100 478 1164 519 ossa
1177 464 1284 534 durare,
1300 479 1395 520 verum
1409 473 1437 522 et
1450 465 1544 522 dentes
1562 470 1617 540 (80)
1632 469 1777 543 incorrup-

126 554 180 611 erit
193 552 266 608 istud
277 551 442 609 domicilium
457 552 491 609 de
500 553 581 619 coelo,
593 553 666 626 quod
678 558 820 626 gementes
832 557 860 608 in
874 553 926 609 huc
983 560 1024 608 tus
1038 567 1185 624 perennare
1197 568 1204 621 ;
1219 565 1279 624 quae
1293 558 1324 609 tit
1335 550 1440 608 semina
1459 554 1610 611 retinentur
1629 556 1776 615 fructifica·

128 657 212 701 earne
234 640 432 713 superinduere
453 640 477 678 44
505 640 704 707 desideramus3
724 639 818 712 utique
845 655 927 710 super
982 639 1035 696 turi
1049 639 1173 712 corporis
1196 639 1222 694 in
1245 638 1450 696 resurreetione.
1477 642 1625 710 Postremo,
1642 646 1692 702 etsi
1714 657 1777 705 tunc

127 746 249 796 earnem,
265 728 292 783 in
307 745 361 802 qua
375 726 461 787 854
476 728 726 800 deprehendemur;
742 727 805 800 quia
819 726 927 802 gravmi
981 729 1138 786 devoratum
1152 729 1303 801 invenietur
1316 729 1432 785 mortale
1449 729 1478 786 in
1500 730 1628 788 omnibus
1651 737 1776 806 mortuis,

128 837 181 879 nos
199 819 247 887 ait,
264 819 309 892 qui
328 834 421 874 sumus
434 818 459 856 ⁴²
472 821 500 874 in
520 817 927 890 tabernacu103quodnolimus
981 824 1051 872 certe
1073 830 1089 870 a
1112 822 1209 882 morte,
1229 824 1301 874 certe
1322 816 1357 871 ab
1380 832 1449 884 aevo,
1473 826 1546 876 certa
1563 835 1612 891 per
1637 829 1744 879 etatem
1763 841 1772 894 ;

128 908 202 979 exui,
216 908 265 964 sed
279 905 369 978 potius
382 905 542 979 superindui
554 924 563 975 ς
574 907 613 964 uti
628 906 772 964 devoretur
786 907 926 963 mortales
980 904 1113 976 numquid
1139 921 1156 961 a
1182 905 1207 943 44
1233 904 1300 972 vita,
1320 906 1452 980 numquid
1480 923 1497 964 a
1521 908 1776 985 superindumento,

127 995 305 1065 vita,soilicet
319 994 383 1049 dum
400 996 552 1051 demutatur
564 996 603 1067 ⁴³,
616 994 837 1068 superinduendo
852 994 926 1066 quod
980 994 1112 1068 numquid
1126 995 1161 1050 ab
1174 993 1382 1052 immortulitatis
1400 997 1534 1071 ingestu?
1557 999 1654 1072 Porro,
1678 1001 1726 1073 qui
1741 1003 1776 1058 ab

126 1088 221 1143 estde
244 1082 331 1140 coelis.
354 1081 421 1151 Quis
440 1082 511 1139 enim
531 1096 585 1137 non
608 1082 779 1151 desiderabit,
809 1082 874 1138 durn
899 1081 925 1136 in
980 1083 1023 1140 his
1035 1082 1060 1121 44
1074 1081 1111 1139 ait
1132 1083 1290 1141 devoratum
1308 1084 1341 1140 iri
1363 1086 1486 1156 mortale,
1510 1088 1545 1143 ab
1566 1087 1626 1146 aliis
1652 1090 1771 1164 negavit.

127 1191 209 1236 earne
223 1179 273 1240 est,
293 1171 491 1242 superinduere
515 1171 755 1237 immortalitatem,
783 1178 810 1226 et
836 1169 926 1226 conti·
980 1172 1013 1230 Et
1027 1173 1118 1247 utique
1132 1174 1184 1231 hoo
1205 1191 1222 1231 a
1239 1174 1337 1233 divinis
1356 1175 1466 1247 viribus,
1491 1193 1546 1234 non
1567 1193 1584 1234 a
1606 1180 1775 1239 amontibur

127 1265 317 1330 nuarevitam,
343 1261 480 1317 lucrifacis
495 1270 581 1319 morte
602 1278 650 1335 per
673 1260 805 1319 vicariam
831 1261 926 1318 dernu-
980 1264 1088 1337 legibus
1110 1263 1205 1335 perlici
1227 1264 1402 1338 praesmrique
1421 1266 1579 1327 conveniet!
1593 1269 1666 1344 Ergo
1684 1286 1779 1328 cuma

127 1353 269 1420 tationem,
284 1367 319 1408 ne
333 1347 613 1422 inlerosesperiatur,
634 1366 719 1424 usque
747 1349 925 1408 novissimum
979 1353 1032 1410 vita
1055 1352 1154 1409 babeat
1167 1353 1289 1409 devorari
1307 1355 1380 1426 quod
1403 1357 1516 1413 mortale
1538 1363 1590 1425 cst,
1606 1358 1632 1413 id
1656 1360 1778 1418 exhiberi

127 1441 306 1517 quadrantem
338 1439 506 1494 exacturos?
540 1438 684 1505 Ceterum,
712 1436 924 1496 demutationem
980 1441 1148 1500 omnifariam
1171 1458 1283 1500 neeesse
1302 1451 1352 1511 est,
1368 1453 1397 1502 ut
1416 1445 1614 1517 devoretur,·et
1639 1448 1776 1519 devorari,

126 1531 211 1589 etiam
233 1537 294 1603 post
314 1526 542 1584 resurrectionem
569 1535 762 1584 consecuturus
784 1533 836 1592 est,
853 1523 925 1581 inle·
981 1538 1010 1585 ut
1023 1529 1182 1587 demutetur.
1197 1530 1226 1585 Si
1240 1530 1332 1604 ignem
1350 1532 1424 1590 dicas
1438 1534 1548 1592 aooendi
1567 1544 1705 1609 oportere,
1721 1552 1777 1594 nnn

127 1623 244 1693 rosjam
267 1623 403 1690 expertus.
423 1615 533 1673 Abhinc
557 1616 627 1672 enim
641 1612 796 1682 definimus,
816 1629 925 1671 carnem
981 1623 1061 1690 potes
1088 1617 1115 1672 id
1143 1632 1190 1690 per
1208 1619 1281 1689 quod
1308 1620 1469 1688 accenditur,
1499 1621 1563 1679 alibi
1590 1624 1775 1682 necessarium

129 1709 242 1786 quidem
257 1706 331 1764 omni
347 1706 428 1763 modo
443 1706 468 1743 ⁴⁴
492 1714 716 1770 resurrecturam,
741 1711 821 1778 atque
844 1702 890 1760 illa
903 1704 929 1742 44
982 1704 1133 1772 adfirmare,
1149 1704 1214 1761 alibi
1228 1721 1292 1762 non.
1309 1707 1355 1764 Sic
1368 1719 1394 1764 et
1408 1725 1470 1766 oum
1489 1709 1593 1768 inluloit
1609 1731 1616 1767 ι
1633 1714 1777 1787 Siquidem

130 1815 167 1859 0¹
194 1794 371 1854 (4444444444οΜ
402 1802 607 1865 supervenius&
627 1793 749 1850 4444444444
776 1792 928 1868 4484444448
944 1779 967 1858 Β
981 1798 1074 1866 ceute,
1087 1812 1146 1854 non
1169 1794 1243 1852 nudi
1257 1797 1442 1854 inveniamur
1455 1799 1490 1866 ⁵⁰,
1505 1799 1540 1856 do
1554 1799 1595 1856 cis
1608 1801 1710 1859 scilieet
1732 1804 1778 1875 qni

133 1894 328 1959 suscepturam.
344 1888 398 1942 dut
419 1883 441 1940 si
456 1883 484 1938 in
498 1883 541 1940 his
554 1882 622 1939 solis
638 1883 685 1957 qui
705 1881 876 1941 invenientur
900 1881 927 1937 in
981 1899 1035 1939 non
1060 1883 1088 1940 in
1110 1884 1176 1954 vita,
1207 1899 1257 1941 neo
1281 1883 1308 1939 in
1327 1899 1407 1941 carue
1432 1885 1665 1957 deprehendentur
1692 1906 1708 1946 a
1735 1892 1778 1948 dia

130 1993 224 2047 carne,
239 1973 371 2033 demutari
385 1989 448 2031 eum
472 1973 618 2046 oportebit,
634 1972 673 2030 uti
688 1973 834 2030 devoretur
848 1987 925 2028 nior-
980 1972 1105 2047 Domini;
1125 1989 1180 2030 non
1205 1972 1272 2030 alias
1298 1973 1407 2049 negavit
1431 1975 1527 2042 nudos,
1555 1990 1624 2048 quos
1649 1978 1777 2050 predixit

128 2065 216 2123 talea
233 2063 298 2135 vita,
313 2063 341 2121 id
356 2070 396 2120 est
411 2077 473 2121 caro
488 2062 522 2118 ab
541 2061 587 2118 illo
608 2059 851 2133 superindumento
868 2076 927 2117 ωε-
982 2070 1089 2130 exutos,
1108 2063 1158 2117 nisi
1183 2061 1247 2134 quia
1271 2061 1410 2119 revestitos
1435 2061 1519 2120 voluit
1545 2063 1658 2137 intelligi
1681 2067 1775 2123 eadem

127 2153 193 2213 testi
207 2161 235 2210 et
257 2162 379 2219 mtem03
399 2167 467 2227 crgo
486 2149 533 2224 qui
554 2148 656 2207 mortui
678 2148 926 2223 deprehendentur,
982 2150 1141 2217 substantia,
1170 2165 1224 2223 qua
1260 2149 1365 2209 lucrant
1391 2149 1509 2225 spoliati.
1538 2153 1575 2211 Ut
1611 2153 1677 2211 nudi
1704 2155 1776 2212 enim

129 2244 214 2305 titani
239 2256 295 2300 non
315 2248 524 2314 consequentur,
550 2238 646 2310 privati
672 2238 730 2310 jam
748 2239 869 2309 materia,
889 2246 926 2311 et,
981 2239 1159 2309 invenientur,
1175 2254 1256 2296 earne
1279 2238 1412 2312 deposita,
1427 2241 1471 2299 vel
1493 2258 1528 2299 ex
1551 2251 1628 2315 parte
1642 2244 1766 2312 discissa,
1838 2268 1848 2277 -

126 2345 159 2392 ut
172 2333 210 2392 ita
223 2329 426 2404 dixerim,esoa
442 2329 516 2401 vitae,
532 2329 616 2386 idest
638 2328 927 2387 camedonensem
980 2328 1036 2387 sive
1061 2329 1158 2385 detrita
1190 2337 1244 2386 :et
1277 2329 1330 2384 hoe
1361 2329 1434 2384 enim
1462 2330 1572 2388 nuditas
1591 2337 1684 2404 potest
1710 2332 1776 2389 diei.

125 2431 169 2483 est
184 2421 315 2496 recipiant
327 2436 386 2477 eam
410 2428 437 2477 et
455 2417 505 2486 illi,
522 2425 552 2474 ut
565 2425 593 2475 et
611 2417 638 2475 in
661 2415 727 2490 ipsis
741 2418 854 2474 mortale
877 2418 927 2475 de·
981 2416 1084 2475 Dehinc
1096 2409 1119 2454 ⁵¹
1133 2417 1266 2490 recipient
1278 2432 1349 2487 eam,
1369 2423 1411 2489 ut,
1428 2418 1563 2478 redinduti
1586 2436 1707 2491 carnem,
1722 2421 1774 2478 lie·

125 2510 220 2573 vorari
233 2509 321 2584 possit
334 2525 350 2566 a
364 2509 429 2578 vita,
445 2508 469 2564 si
482 2508 567 2566 vitam
592 2517 654 2563 sunt
676 2505 856 2565 consecuturi.
873 2507 927 2565 Sed
980 2506 1003 2563 ri
1044 2505 1149 2578 possint
1188 2505 1272 2563 ctiam
1315 2507 1485 2580 superinduti
1522 2509 1752 2570 immortalitatem

126 2604 157 2662 in
183 2598 309 2670 mortuis,
340 2598 440 2672 inquis,
460 2598 515 2670 jam
547 2597 705 2655 devoratum
733 2595 785 2652 erit
812 2599 927 2655 mortale
981 2594 1144 2667 Superindui
1167 2594 1250 2664 enim,
1271 2595 1324 2652 nisi
1345 2596 1531 2672 restituitur,
1556 2599 1701 2658 convenire
1722 2617 1778 2657 non

126 2693 211 2751 istud.
224 2690 286 2748 Non
304 2689 396 2761 utique
410 2688 438 2743 in
457 2687 593 2745 omnibus.
612 2684 734 2756 Quantos
748 2684 821 2742 anim
835 2684 928 2744 lioobit
982 2685 1091 2748 voterit.
1549 2700 1551 2704 ³

126 2784 172 2842 vel
200 2780 340 2854 pridianos
361 2777 485 2848 inveniri,
512 2788 564 2833 tam
587 2774 707 2834 recentia
729 2773 873 2840 cadavera,
896 2785 927 2834 nt
1263 2824 1377 2883 CAPUT
1399 2827 1486 2884 mn

129 2871 199 2929 nihil
221 2870 249 2925 in
276 2867 302 2907 44
328 2865 381 2922 illis
405 2867 562 2925 devoratum
589 2863 676 2921 videri
704 2861 803 2934 possit!
827 2862 926 2936 Utique
1489 2866 1497 2882 ·

132 2962 206 3018 enim
226 2959 384 3017 devoratum
405 2971 460 3013 nnn
488 2954 560 3012 aliud
584 2953 729 3022 existimas,
746 2967 827 3024 quem
839 2951 923 3008 inter·
1013 2950 1131 3007 Proinde
1145 2965 1207 3005 cuni
1222 2949 1288 3015 dicit
1301 2951 1419 3025 :ltaque
1434 2951 1778 3027 coefioiramper(lttl‚et

127 3055 250 3121 septum,
265 3061 346 3120 quam
359 3045 501 3111 abolitum,
515 3058 596 3117 quam
612 3043 686 3099 omni
696 3056 779 3097 sensu
789 3050 924 3113 ereptum,
941 3068 963 3150 c
979 3041 1098 3097 seientes
1113 3039 1184 3112 quod
1197 3055 1261 3097 cum
1272 3041 1503 3098 immoramuriu
1515 3058 1641 3116 corpora,
1650 3059 1779 3117 perequ-

124 3135 203 3210 qund
233 3148 391 3207 comparere
416 3131 490 3189 omni
528 3145 628 3205 genere
663 3131 835 3186 cessaverit.
866 3130 925 3191 Neo
982 3125 1512 3200 8877884481)οωίηο(98);ρενῇάεηι
1524 3134 1777 3201 commeruimus,

126 3226 270 3302 gigantum
298 3231 389 3280 sutem
417 3219 605 3294 antiquissima
630 3218 761 3277 cadavera
794 3217 929 3275 devorata
981 3217 1248 3289 respersionem,-
1265 3215 1465 3275 msnilestatum
1479 3221 1585 3277 esthon
1598 3237 1707 3295 quoque
1722 3238 1776 3280 non

127 3312 275 3384 oonstabit
298 3328 413 3386 quorum
444 3316 534 3369 crates
558 3309 649 3366 adhue
670 3307 774 3366 vivunt.
801 3306 929 3367 Diximus
980 3306 1115 3379 pertinere
1128 3304 1164 3361 ad
1182 3303 1388 3363 offuscationem
1408 3307 1508 3378 earnis,
1528 3308 1606 3380 quasi
1627 3313 1778 3380 separantis

124 3405 187 3476 jani
208 3404 243 3460 da
265 3402 318 3460 isto
333 3401 409 3458 alibi.
423 3399 477 3458 Sed
491 3408 519 3457 et
534 3397 655 3471 proxime
680 3396 710 3451 in
735 3397 788 3453 ista
810 3397 927 3466 civitate,
982 3411 1032 3454 nos
1049 3394 1203 3451 allorniuo.
1220 3394 1255 3450 Et
1276 3392 1319 3451 bio
1345 3393 1418 3451 enin
1437 3395 1589 3455 exhortatio
1607 3398 1778 3457 lastidiendm

126 3509 193 3553 oum
207 3490 314 3551 odeitt
329 3490 504 3547 fundamenta
519 3487 587 3560 (86),
604 3491 645 3543 tot
666 3495 787 3544 veterum
800 3485 927 3559 sepultu—
980 3484 1042 3542 vitm
1069 3483 1151 3553 huius
1173 3483 1339 3554 obvertitur;
1369 3483 1504 3557 siquidem
1526 3485 1735 3560 peregrinamur
1759 3505 1776 3545 a

127 3598 221 3641 rarum
240 3581 375 3656 similago
396 3579 466 3651 (ai),
489 3576 697 3647 collocarentur,
718 3573 927 3649 quingentorum
980 3573 1097 3629 Domino
1123 3573 1251 3644 quamdiu
1273 3573 1399 3641 vivimus,
1426 3589 1475 3646 per
1503 3573 1583 3632 tidem
1609 3577 1777 3646 incedentes,

128 3671 189 3731 lere
209 3687 343 3730 annorum
361 3670 418 3743 (88)
435 3683 506 3736 ossa,
523 3666 612 3724 adbuc
634 3663 753 3734 succida,
770 3673 797 3721 et
812 3662 929 3797 qapillos
982 3677 1037 3749 non
1055 3678 1102 3735 per
1115 3660 1245 3734 speciem,
1265 3662 1292 3719 id
1305 3669 1347 3720 est
1360 3677 1420 3734 spe,
1438 3678 1494 3720 non
1508 3679 1538 3721 re
1557 3680 1564 3720 ε
1587 3671 1614 3721 at
1628 3664 1691 3722 ideo
1704 3667 1775 3723 sub-

168 3824 193 3862 ⁴¹
208 3820 369 3895 Superindui
391 3824 471 3877 Pom.
496 3822 581 3876 Fron.
596 3818 622 3857 ⁴²
635 3817 725 3874 Simus
746 3735 1189 3875 thcu.aE¹ear³riEeE³mEEeEnEutamus
1215 3815 1277 3872 olii.
1298 3814 1323 3853 44
1342 3813 1424 3871 Omni
1446 3815 1527 3872 modo
1553 3815 1664 3888 quidem
1689 3818 1776 3876 liltore⁸

132 3893 221 3953 Semi.
239 3896 264 3934 ⁴⁵
278 3896 354 3950 lllam
368 3895 450 3949 Pom.
469 3893 557 3948 Fron.
573 3889 598 3928 44
612 3889 642 3946 ln
661 3891 739 3947 otest
753 3906 771 3944 o
787 3886 875 3946 ntea.
888 3884 974 3946 Scml.
989 3885 1013 3925 44
1026 3886 1112 3943 llodie
1127 3886 1215 3945 liban.
1225 3886 1484 3944 deioliieodieeod.
1499 3888 1600 3947 Wouw.
1615 3889 1641 3927 44
1655 3889 1777 3949 Elidem.

128 3967 219 4026 Semi.
233 3966 258 4007 44
270 3964 343 4034 Quia
356 3964 399 4020 bis
413 3963 501 4022 liter.
517 3962 604 4021 Scml.
619 3960 644 4001 44
657 3959 825 4018 inveniemur
843 3960 909 4016 nudi
930 3957 1021 4017 ntro.
1050 3959 1113 4018 lou.
1135 3958 1159 3997 44
1178 3957 1212 4014 Et
1234 3959 1300 4016 odd.
1319 3960 1399 4016 Pom.
1416 3961 1502 4017 lton.
1526 3956 1551 3997 ⁵²
1575 3959 1780 4036 Peregrinemur

125 4037 219 4097 Eheu.
239 4037 325 4096 Semi.

828 4101 1077 4167 Commentarius.

164 4188 225 4261 (86)
251 4190 322 4248 Cum
338 4186 404 4247 odei
424 4185 629 4259 suudouuoto.
644 4180 725 4239 Varia
736 4182 923 4264 Eommtluere
940 4194 964 4276 n
1015 4181 1072 4253 (88)
1085 4181 1309 4262 Quiopentorum
1319 4181 1378 4252 sare
1391 4194 1461 4239 ono.
1476 4178 1544 4250 Quis
1559 4180 1633 4240 Hier.
1650 4182 1775 4242 Gardano

126 4259 216 4329 Odea,
232 4259 289 4316 sive
303 4261 363 4317 loca
373 4257 509 4330 inquibus
526 4253 672 4327 aliquando
687 4268 747 4310 sese
761 4254 926 4333 recipiebant
982 4251 1063 4306 fidem
1078 4250 1162 4320 dabit,
1175 4267 1223 4321 qui
1238 4258 1325 4332 patris
1338 4267 1437 4333 corpus
1450 4253 1485 4308 ob
1499 4253 1586 4309 varias
1605 4254 1775 4312 exercitatio·

126 4339 297 4404 spectatores
319 4347 335 4387 e
354 4331 470 4395 theatro,
487 4328 509 4383 si
531 4327 621 4399 pluvia
640 4331 849 4396 supervenisset,
865 4339 928 4379 nain
981 4336 1030 4379 nes
1044 4328 1073 4376 et
1086 4333 1207 4378 exactam
1219 4323 1325 4378 vivendi
1340 4333 1469 4380 rationem
1493 4323 1628 4397 integrum
1643 4327 1775 4386 mansisse

127 4403 302 4477 triporticus
324 4409 414 4459 erant.
437 4402 495 4456 Hoc
509 4398 537 4455 in
564 4400 623 4455 loco
645 4396 828 4453 recitabantur
848 4395 927 4452 etiam
981 4408 1030 4468 per
1048 4392 1142 4469 viginti
1158 4406 1243 4448 annos
1257 4391 1364 4447 relertl
1378 4393 1416 4449 lus
1431 4395 1481 4450 Pm

127 4483 265 4549 poemata,
280 4487 313 4530 oe
331 4471 437 4528 venalia
459 4471 594 4527 lrnmenta
616 4466 716 4539 erponi
738 4466 871 4524 solebant.
896 4466 925 4521 ln
1018 4464 1077 4539 (89)
1095 4466 1130 4522 El
1144 4463 1262 4545 copillos
1275 4462 1395 4544 olentes.
1419 4463 1494 4519 idem
1515 4464 1656 4538 Cardenus
1675 4470 1776 4542 scripto

127 4558 164 4602 eo
181 4546 264 4603 etiam
278 4558 367 4601 oausae
386 4541 568 4599 frumentariis
591 4538 776 4665 aptabantur.
793 4537 839 4596 Sic
861 4538 925 4595 Pol·
981 4535 1104 4612 prodidit
1116 4535 1145 4593 iu
1158 4537 1206 4592 lib.
1221 4534 1327 4616 lanai..
1338 4550 1401 4616 viu,
1423 4551 1449 4593 o.
1473 4537 1500 4605 l,
1516 4537 1640 4595 Tulliolta
1662 4539 1776 4598 Cicero·

126 4615 184 4686 lux,
205 4617 253 4672 lib.
274 4631 326 4673 vni
340 4634 347 4671 ε
361 4614 411 4676 Τὰς
432 4612 459 4667 δὲ
474 4611 513 4666 trel
533 4618 568 4684 τῷ
590 4630 653 4684 atq
666 4606 735 4673 dtas<
749 4608 774 4664 ἐν
788 4616 826 4684 τῷ
843 4605 924 4682 portio
980 4608 1022 4665 nis
1036 4624 1134 4681 corpus
1148 4624 1178 4664 re
1197 4616 1287 4663 ertum
1300 4604 1369 4662 Sixti
1381 4605 1418 4663 tv
1434 4607 1609 4678 temporibus,
1632 4610 1694 4668 sine
1718 4611 1776 4669 ulla

126 4683 240 4752 δίκαζον
261 4688 351 4748 witot
368 4684 395 4740 δὲ
419 4683 482 4738 ἔστιν
498 4682 522 4737 αἱ
536 4684 689 4758 ὀφειλόμεναι
702 4681 802 4755 τροφαί.
820 4682 925 4739 Cantor
979 4680 1022 4736 atii
1035 4692 1151 4750 lactura.
1166 4623 1235 4761 &trin
1256 4680 1311 4761 into
1325 4679 1351 4735 itt
1367 4691 1400 4735 00
1423 4678 1535 4751 implexi
1554 4679 1718 4740 videbuntur
1729 4698 1776 4738 ct·

125 4760 252 4819 dromos
261 4761 292 4818 io
306 4759 383 4817 odcio
396 4757 455 4814 diso
492 4755 606 4825 todoat·
622 4755 697 4814 cibus
706 4769 770 4814 uero
785 4756 828 4812 cal
841 4752 927 4826 quod·
979 4751 1039 4824 pilli
1054 4767 1135 4809 aureo
1150 4749 1275 4817 reticulo,
1289 4765 1317 4805 in
1331 4763 1402 4823 quos
1415 4759 1445 4807 ut
1458 4759 1486 4806 et
1501 4749 1529 4805 in
1550 4758 1637 4809 totum
1660 4767 1774 4824 eorpus,

128 4830 197 4886 libet
212 4831 395 4887 alimentum.
411 4828 450 4883 La
486 4843 513 4882 n.
978 4822 1046 4879 nibil
1072 4831 1196 4895 potuerat
1221 4837 1265 4877 au.
1294 4823 1437 4895 plusquam
1471 4823 1539 4880 tillo
1574 4823 1706 4894 spatium.
1735 4827 1776 4882 La

165 4901 225 4973 (st)
246 4903 370 4975 letarum
392 4901 610 4973 sepulturarum
622 4899 769 4972 rmrllcpo,
785 4904 837 4958 eto.
857 4895 925 4953 Cum
980 4894 1030 4951 Pu.

125 4972 282 5102 &iacerentur
299 4971 369 5031 Odei
384 4970 560 5029 fundamenta
574 4973 685 5044 (novum
698 4969 801 5050 quippe
819 4967 923 5049 Odeum
1014 4965 1072 5039 (90)
1090 4966 1206 5048 Constat
1220 4980 1278 5022 nou
1293 4968 1408 5024 tontum
1421 4982 1483 5029 osio
1504 4967 1619 5033 durare,
1633 4983 1735 5024 uerum
1748 4969 1777 5024 et

165 5045 291 5120 rthaqine
306 5051 457 5102 extructum
471 5041 569 5113 luerat,
583 5044 618 5100 da
632 5057 686 5116 quo
700 5042 744 5096 bio
757 5043 827 5096 torte
840 5039 925 5111 loqui·
980 5035 1087 5095 dentes.
1103 5039 1179 5095 Plato
1192 5053 1221 5092 m
1238 5036 1377 5094 Plioedouc
1391 5057 1400 5094 :
1414 5037 1491 5094 '‘Evm
1507 5038 1535 5093 at
1586 5059 1615 5111 ρη
1633 5043 1678 5095 τοῦ
1692 5040 1778 5112 adpa-

126 5116 194 5191 tur),
217 5123 295 5174 eruta
321 5127 385 5172 sunt
402 5129 465 5171 ossa
492 5114 635 5171 innumere
656 5111 777 5171 nondum
799 5118 925 5181 corrupta
979 5127 1031 5177 τος,
1042 5108 1084 5189 uod
1097 5106 1138 5163 tte
1148 5108 1303 5236 “ka
1311 5127 1337 5164 rs
1346 5109 1387 5162 ret
1399 5114 1471 5182 νιῦρα
1479 5113 1547 5168 aeli
1574 5115 1688 5176 toiobre,
1697 5114 1778 5168 πάντα

127 5195 173 5246 tut
198 5188 354 5260 absumpta,
383 5186 464 5244 etiarn
493 5186 646 5261 gigantum,
675 5197 736 5256 quae
763 5188 923 5254 portentosa
976 5181 1098 5256 opeque
1120 5179 1204 5242 ἔποςι
1242 5184 1276 5252 tv,
1292 5180 1489 5239 materiense.
1507 5185 1570 5241 Eia.

129 5266 214 5319 erint.
229 5259 299 5317 Illud
313 5274 379 5316 vero
397 5257 538 5330 sacrilegio
553 5256 634 5314 affine
649 5264 725 5323 erat;
746 5268 811 5333 nam
830 5252 922 5311 notati
1012 5255 1067 5325 (91)
1086 5255 1189 5324 confisi
1212 5253 1495 5328 compressorem
1511 5255 1658 5330 θαῤῥοῦντες
1683 5264 1775 5313 trans·
1806 5302 1810 5308 ,

128 5332 247 5405 sepulcri
265 5331 372 5389 lacinus
393 5329 575 5404 sacrilegium,
592 5336 620 5386 et
633 5327 700 5384 actio
714 5326 741 5382 in
768 5325 922 5384 violatorem
979 5327 1047 5383 tulit.
1062 5326 1103 5382 Ln
1123 5327 1173 5385 Pa.

126 5398 417 5535 bitetten
430 5400 800 5548 libertitatis?
816 5397 927 5546 dqqq
980 5398 1776 5545 nliibmlillllldlellll'vindemiis
1833 5414 1840 5425 ’

126 5549 287 5608 monuimus
299 5549 375 5607 alibi.
395 5550 434 5606 Lu
452 5551 501 5605 Pa.
980 5540 1022 5602 La
1035 5545 1084 5603 Pit.
