3840 6134
125 300 164 364 89
701 305 802 371 LIBER
820 306 864 370 Dii
882 309 1213 377 enumerationibus.
1589 355 1592 358 >
1744 323 1782 386 98

126 424 298 485 omuiuouec
315 435 421 488 natum.
436 429 674 489 Resurrectionem
687 435 785 491 animae
814 441 928 492 tantum·
945 451 969 532 g
986 440 1107 509 partibus
1131 442 1316 512 descenderet,
1340 459 1400 515 ipso
1416 449 1545 503 descensu
1567 447 1699 505 sideream
1724 449 1779 506 sibi

129 517 214 572 niodo
232 517 337 588 probat,
366 520 490 590 corporis
516 530 607 595 negat.
631 523 725 580 Solum
752 524 929 599 Mrengctium
987 543 1098 584 carnem
1112 539 1139 585 ot
1160 547 1257 586 aeream
1286 533 1479 590 contexuisse:
1502 536 1573 592 hunc
1592 538 1620 592 in
1643 554 1782 597 resurree-

130 605 219 674 Lueae‚
247 621 297 661 uec
325 613 415 663 tamen
451 617 536 665 totum
564 610 669 681 recipit.
697 611 824 683 Apostoli
854 612 930 669 Pauli
985 616 1059 673 tione
1085 617 1201 689 siugulis
1223 620 1375 690 quibusque
1401 623 1551 693 elementis,
1579 640 1639 695 quae
1666 626 1693 680 iii
1725 627 1779 682 de-

130 709 218 764 neque
246 709 352 765 omnes,
378 712 467 770 neque
491 706 559 754 totas
580 701 713 769 Epistolas
737 702 831 756 sumit.
864 702 932 757 dcta
985 718 1147 761 sceneusuo
1167 717 1285 763 mutuata
1304 707 1469 776 fuissentin
1490 725 1602 767 ascensu
1617 711 1778 781 reddidisse,

130 781 318 853 apostolorum
354 791 382 839 et
418 785 599 859 Apocalypsin
628 790 705 861 quasi
740 787 805 845 laisa
833 787 930 856 reJicit.
984 792 1072 847 etsie
1093 792 1222 864 dispersis
1249 796 1401 869 quibusque
1431 799 1554 867 corporis
1583 803 1626 853 sui
1641 800 1776 870 partibus,

129 870 190 926 Post
204 870 279 926 hunc
291 868 343 927 11
362 871 512 944 discipulus
526 875 612 945 ipsius
623 876 732 934 emersit
748 876 931 948 Marcionlill)
985 879 1014 935 iu
1040 881 1109 936 coelo
1125 881 1250 950 spiritum
1267 892 1368 938 tautum
1384 883 1543 940 reddidisse.
1564 884 1613 942 Hie
1628 886 1718 941 cernis
1737 901 1784 942 re·

129 957 240 1029 quidam
256 958 378 1031 uomiue,
402 961 529 1018 Ponticus
543 978 646 1037 genere
669 965 736 1037 (88),
761 965 882 1037 episcopi
896 964 931 1020 li-
986 968 1179 1025 surrectionem
1203 979 1296 1042 negat;
1321 971 1382 1028 solo
1403 974 1486 1028 utitur
1510 982 1537 1028 et
1564 974 1707 1043 apostolo,
1733 975 1782 1033 sed

130 1046 187 1111 lius,
208 1056 327 1119 propter
345 1058 470 1120 stuprum
493 1051 632 1119 cuiusdam
656 1053 770 1126 uirginis
790 1055 824 1110 ab
840 1053 933 1110 Eccle·
985 1056 1135 1126 Marcionis,
1152 1059 1233 1114 idest
1252 1075 1305 1114 non
1321 1067 1385 1115 toto.
1402 1061 1560 1117 Animarum
1576 1062 1694 1117 solarum
1718 1062 1784 1121 dicit

132 1137 176 1190 sire
197 1136 449 1194 communicatione
463 1140 593 1209 abjectus.
609 1142 660 1199 Hic
674 1159 706 1200 ex
724 1143 866 1200 occasione
879 1146 934 1212 (ei)
986 1145 1098 1201 salutem
1112 1148 1181 1219 (87).
1198 1149 1280 1204 Mnbei
1294 1156 1425 1219 preterea
1440 1151 1558 1220 privatas
1572 1150 1642 1222 (88),
1657 1150 1704 1207 sed
1730 1166 1780 1207 ex-

130 1239 181 1293 qua
195 1222 304 1279 dictum
319 1224 377 1280 sit:
396 1227 493 1283 Omnis
519 1229 603 1287 orbor
627 1229 698 1287 horto
725 1231 806 1289 bonos
819 1233 932 1302 [ructus
988 1236 1176 1292 traordinarias
1192 1238 1319 1293 lectiones
1333 1253 1406 1303 suns,
1421 1254 1490 1310 qnos
1504 1239 1623 1309 appellat
1637 1241 1779 1310 phanero-

131 1314 212 1383 loeit,
228 1315 313 1371 mata
326 1320 423 1371 cutem
437 1318 536 1385 malos,
554 1319 670 1375 liaercsin
685 1319 815 1375 Cerdonis
829 1334 932 1392 oppro·
987 1325 1042 1379 seis
1058 1325 1228 1381 Philumenes
1248 1327 1388 1396 cujusdam
1404 1327 1514 1399 puellae,
1528 1342 1608 1398 quem
1627 1328 1706 1401 quasi
1722 1342 1783 1398 pro-

132 1403 192 1459 bare
206 1412 327 1460 conatus
349 1416 401 1475 est,
416 1407 510 1464 eadem
523 1408 613 1466 dicere
628 1411 697 1482 (88),
713 1427 776 1482 quae
790 1410 835 1466 ille
849 1426 933 1482 supe-
988 1413 1132 1485 phetissam
1165 1414 1293 1486 sequitur.
1325 1415 1414 1469 llahet·
1438 1424 1567 1484 praeteren
1594 1431 1659 1472 suos
1685 1416 1782 1482 libros.

131 1492 185 1548 rior
196 1493 347 1551 haereticus
360 1504 423 1551 aute
449 1496 565 1555 dixerat.
583 1499 694 1555 Exstitit
712 1507 775 1571 post
791 1499 864 1556 hunc
877 1499 933 1555 Lu·
987 1515 1055 1574 qnos
1079 1501 1215 1572 inscripsit
1232 1501 1468 1576 syllogismorum,
1489 1503 1518 1556 in
1542 1503 1641 1574 quibus
1666 1504 1783 1575 probare

132 1597 217 1637 cauus
230 1583 344 1653 quidam
360 1584 469 1641 uomiue
482 1586 549 1656 (83),
566 1586 710 1643 Marcionis
723 1595 839 1644 sectator
853 1597 934 1658 atque
987 1590 1056 1658 ruli,
1074 1590 1146 1662 quod
1169 1590 1260 1645 omnia
1273 1606 1446 1662 quaecumque
1460 1591 1569 1663 Moyses
1591 1591 1625 1647 de
1639 1591 1696 1648 Deo
1710 1591 1783 1649 scri·

134 1668 285 1740 discipulus
315 1684 324 1725 :
348 1681 376 1728 et
405 1672 451 1729 hio
478 1688 527 1746 per
549 1675 644 1730 eadem
675 1675 775 1731 vadens
808 1676 935 1746 hlasplie·
988 1680 1082 1749 psertt,
1097 1694 1228 1736 vernuon
1245 1678 1308 1744 sint,
1323 1677 1523 1735 setialsasiut.

135 1757 194 1813 urire
209 1773 326 1834 generas
341 1759 437 1817 eadem
465 1760 545 1818 docet
567 1778 630 1833 quoe
644 1764 761 1820 Marcion
785 1770 813 1818 et
827 1763 934 1818 Cerdon
951 1741 979 1822 Β,
1285 1766 1399 1824 eleut
1421 1769 1478 1826 ttt.

134 1846 295 1904 docuerant.
322 1850 384 1905 Post
408 1851 460 1906 hos
484 1850 658 1923 subsequitur
675 1851 796 1924 apelles,
811 1852 933 1924 discipu·
989 1859 1140 1914 letheum
1155 1857 1231 1929 inde,
1246 1865 1271 1915 et
1281 1873 1325 1914 eos
1341 1858 1389 1930 qui
1402 1857 1559 1914 secundum
1573 1856 1695 1930 Pbrgpos
1710 1856 1785 1916 ‹tico-

135 1933 180 1991 lus
199 1935 351 2002 Marcionis,
364 1937 410 2010 qui
425 1947 600 2013 posteaquem
615 1941 643 1996 in
658 1957 766 1999 minem
787 1956 864 1997 sunm
879 1942 934 2012 lep·
1022 1945 1137 2004 bantur.
1155 1944 1210 2003 18
1223 1947 1286 1999 κατὰ
1299 1946 1443 2012 Proclnm,
1454 1961 1488 2002 cc
1501 1945 1658 2004 secondom
1667 1944 1780 2001 AEsobi·

133 2039 182 2079 ens
195 2032 239 2080 cst
252 2026 319 2096 (til,
333 2040 347 2080 u
360 2026 497 2085 Marcione
520 2038 680 2103 segregatus
695 2039 747 2088 est.
769 2029 819 2087 Mic
843 2029 932 2087 intro·
1021 2051 1098 2102 rtem,
1113 2035 1308 2091 Montunistoe.

133 2115 204 2170 ducit
232 2130 321 2170 uuum
351 2117 437 2172 Deum
465 2115 576 2173 infinitis
601 2119 788 2191 superioribus
815 2118 934 2189 partibus
1023 2123 1069 2178 Mis
1104 2123 1235 2179 haereticis
1271 2123 1397 2179 omnibns
1431 2121 1534 2179 accedit
1569 2121 1696 2177 'Patientis
1723 2119 1784 2193 qui·

134 2203 197 2271 (85).
215 2204 296 2260 Hunc
320 2212 468 2276 potestates
488 2206 588 2262 multus
610 2209 775 2280 angelosque
799 2206 896 2264 fecisse
922 2225 930 2263 τ
985 2211 1046 2267 dem
1062 2211 1127 2283 (88),
1141 2212 1210 2268 alter
1225 2213 1378 2268 haereticus.
1401 2211 1448 2268 llic
1470 2210 1570 2267 Justini
1592 2210 1720 2284 Martyris
1742 2209 1784 2265 di-

132 2301 277 2363 pmptcrra
305 2300 333 2348 et
359 2293 439 2348 aliam
472 2295 597 2352 uirtutem
625 2313 705 2369 quani
733 2296 809 2367 dicit,
837 2296 932 2353 Domi·
986 2300 1106 2372 scipulos
1122 2299 1179 2365 luit,
1206 2310 1266 2372 post
1290 2299 1593 2355 hunodiversusentire
1613 2298 1704 2370 coepit.
1725 2299 1784 2354 To-

132 2382 285 2447 uumdicit‚
302 2383 351 2437 sed
371 2382 496 2455 angelum
520 2386 607 2456 ponit.
623 2385 752 2442 Hoetult
775 2385 932 2456 viderimh)
986 2398 1031 2446 tus
1062 2389 1133 2446 enirn
1169 2389 1315 2444 seeundum
1344 2388 1517 2444 Valentinum
1547 2385 1631 2459 sapit,
1651 2385 1783 2456 adiicieus

131 2473 260 2527 mundum
281 2472 434 2528 institutum
456 2476 489 2528 nd
504 2474 680 2530 imitationem
699 2475 790 2532 mundi
805 2475 932 2548 superio·
986 2476 1063 2542 illud,
1078 2476 1163 2531 Adam
1179 2492 1228 2531 nec
1240 2477 1355 2531 sulutem
1369 2475 1496 2543 consequi
1511 2489 1591 2544 posse
1603 2492 1609 2529 :
1623 2473 1701 2545 qussi
1717 2487 1781 2538 uon,

132 2560 234 2627 niseni
250 2562 356 2616 mundo
376 2562 568 2633 permiscuisse
583 2564 782 2636 poenitentiarn3
801 2564 931 2636 quianon
986 2567 1009 2622 si
1037 2566 1104 2622 rarii
1137 2566 1203 2620 seiri
1218 2564 1292 2631 liant,
1307 2573 1334 2620 et
1360 2565 1434 2619 radix
1450 2566 1523 2620 snlvn
1537 2564 1581 2619 sit.
1603 2566 1782 2620 decesserunt

132 2649 201 2704 illum
223 2657 280 2703 tani
298 2648 416 2720 perfecte
431 2649 550 2720 iecisset¹
567 2668 650 2724 quam
663 2652 708 2707 ilie
719 2655 842 2724 superior
855 2669 933 2708 mttn·
986 2656 1030 2711 alii
1055 2654 1181 2720 haeretici,
1197 2655 1242 2726 qui
1267 2654 1393 2710 dicuntur
1406 2655 1552 2711 secundun
1568 2655 1689 2727 Phrygas
1705 2651 1777 2724 (9013

134 2739 180 2793 dus
208 2737 353 2795 institutus
373 2738 478 2796 luisset.
508 2741 605 2812 Legem
628 2750 655 2797 ct
679 2743 826 2813 prophetae
849 2758 933 2812 repu-
986 2743 1034 2798 scd
1051 2748 1145 2798 horum
1166 2758 1219 2798 nou
1236 2756 1292 2797 una
1305 2742 1427 2799 doctrine
1441 2750 1492 2798 rst.
1508 2741 1575 2797 Sunt
1589 2741 1661 2797 enim
1675 2740 1722 2812 qui
1735 2759 1782 2794 sc·

132 2827 188 2883 d'ut.
207 2827 352 2883 Christum
379 2843 466 2901 neque
493 2830 520 2883 iu
544 2831 731 2901 phantasmate
759 2830 822 2886 dicit
838 2829 931 2896 luisse,
985 2832 1016 2886 τὰ
1031 2831 1157 2887 Proclnm
1172 2830 1306 2897 dicuntur,
1321 2839 1384 2885 sunt
1396 2830 1441 2902 qni
1466 2830 1613 2886 secuudum
1628 2829 1781 2885 AEscbiuem

135 2916 196 2970 deut
215 2915 354 2982 Marcion,
370 2932 457 2988 neque
476 2916 503 2972 in
519 2919 668 2975 substantie
682 2918 737 2974 veri
752 2920 884 2990 corporis,
901 2928 930 2975 ut
984 2919 1192 2991 pronuntiantur
1218 2918 1288 2989 (st).
1318 2918 1352 2975 Hi
1379 2919 1479 2975 haberit
1505 2919 1583 2974 aliam
1610 2932 1780 2975 communem

140 3001 317 3076 unigenum
344 3008 432 3075 docet3
462 3005 510 3061 sed
538 3022 571 3062 eo
598 3007 673 3078 qnod
701 3024 717 3064 e
745 3008 932 3080 superioribus
947 2987 969 3064 Β
985 3006 1190 3078 blasphemiam,
1206 3004 1285 3060 eliam
1307 3006 1503 3076 blasphemium
1525 3023 1578 3063 uon
1595 3021 1778 3071 communem,

836 3131 1085 3195 Commentarius.

138 3234 928 3390 1.tilit'llbttltt‘tltttttctttttlttttt:
982 3233 1783 3388 iblidttttttttlttttbllltlll.atltlt
1831 3321 1834 3330 -

138 3377 300 3434 Patereuim
315 3377 530 3450 episoopueluit,
554 3397 671 3453 cunique
698 3381 792 3437 multis
820 3380 927 3452 suppli·
983 3378 1126 3435 Marcionis
1153 3377 1312 3450 discipulus,
1336 3393 1353 3435 a
1376 3392 1431 3450 quo
1462 3377 1620 3434 Luotenistae
1650 3378 1781 3434 baerctioi.

138 3447 288 3504 rationibus
303 3448 332 3503 in
349 3451 494 3506 Ecclesiam
508 3452 612 3507 admitti
637 3451 671 3506 ab
688 3452 784 3507 eodem
799 3466 853 3506 non
875 3466 928 3522 po·
983 3452 1022 3506 Le
1039 3451 1087 3505 Pn.
1602 3519 1608 3530 ⁹

139 3520 238 3586 ruisset,
256 3521 371 3575 Romam
434 3523 484 3588 tiit.
501 3522 547 3580 ubi
562 3524 594 3578 ib
613 3521 768 3594 apostolicis
789 3521 929 3648 viriscpnri
1001 3521 1077 3600 idi)
1088 3522 1121 3576 iri
1130 3536 1247 3577 corruent
1257 3535 1339 3576 suom
1349 3520 1444 3593 tapsus
1454 3523 1506 3577 est.
1514 3519 1644 3590 Superius
1652 3520 1781 3575 adnotate

138 3590 235 3646 ratione
248 3594 365 3662 ejectus.
411 3607 528 3649 uaeeum
556 3593 792 3659 animadverteret,
818 3593 846 3647 iu
883 3609 928 3649 cr·
983 3592 1044 3646 ride
1060 3591 1166 3659 adcapt
1182 3590 1378 3671 Bellouaci..

138 3660 210 3716 donis
228 3661 408 3718 deliramenta
428 3666 518 3734 jurare
532 3664 624 3735 caepit,
640 3671 667 3718 ct
680 3665 752 3720 illins
767 3664 929 3734 imposturas
1019 3664 1075 3741 (85)
1090 3662 1213 3743 infinitis
1236 3679 1270 3720 nt
1289 3663 1428 3743 criortbus
1450 3663 1593 3743 partilis-i.
1609 3661 1712 3743 Legere
1725 3660 1784 3715 vult

137 3732 328 3804 amplectans
351 3734 447 3792 eodem
471 3733 571 3803 lerunt,
590 3735 928 3806 cumsubhnicetopon-
982 3733 1078 3787 Juoius
1102 3732 1222 3812 rnfirtttr.
1273 3733 1342 3788 elim
1368 3747 1539 3816 reponere-in
1557 3732 1682 3815 infinitis
1700 3747 1784 3814 rupe·

138 3802 205 3857 tihoe
217 3803 313 3858 Romae
326 3804 358 3858 B.
372 3804 519 3876 Polycarpo
530 3814 695 3872 occurreret,
708 3807 785 3861 abeo
805 3807 928 3876 petiisse,
982 3804 1104 3885 rioribus
1122 3803 1261 3885 partebus.
1283 3804 1369 3858 Hebes
1390 3819 1483 3875 supra,
1498 3820 1528 3859 tn
1546 3820 1665 3860 summos
1680 3807 1707 3859 et
1721 3803 1782 3858 tilis

136 3887 168 3926 nn
183 3888 244 3927 eum
264 3884 369 3943 nosset,
383 3876 553 3946 respondisse
571 3877 601 3930 B.
616 3876 790 3949 Polycarpum
807 3894 814 3931 ε
832 3896 846 3927 ι
862 3877 931 3934 Noui
983 3876 1107 3941 infinitis
1120 3874 1263 3957 portibus,¹
1275 3891 1335 3956 rap.
1351 3891 1383 3942 ιι,
1400 3891 1425 3944 p.
1448 3878 1564 4002 lbhg.

135 3947 356 4017 primogenitum
370 3947 496 4004 Satonoe.
513 3967 526 3998 i
542 3947 581 4004 Lu
596 3949 645 4005 Pn.
1019 3950 1076 4015 (86)
1092 3947 1146 4002 Moe
1160 3946 1222 4001 cult
1236 3945 1336 4003 videri.
1355 3948 1512 4018 legendum
1546 3961 1605 4013 tric,
1621 3945 1708 4002 veleb
1719 3943 1779 4013 boc,

167 4019 227 4085 (88)
243 4017 367 4073 Marcion
380 4021 503 4092 episcopi
515 4019 596 4089 filice
609 4021 727 4104 propter
739 4022 871 4092 stuprum
881 4034 929 4074 cu·
982 4016 1137 4096 iunius-3
1150 4017 1194 4071 dn
1210 4017 1287 4083 huic,
1306 4019 1323 4070 i.
1333 4032 1358 4071 e.
1369 4017 1403 4071 uh
1414 4016 1488 4072 lieo?
1502 4017 1628 4072 Ssuuau.
1638 4047 1673 4058 -
1684 4016 1780 4072 Praele·

131 4085 248 4155 jecdom
269 4088 512 4159 uirq.iiaecetiairi
541 4089 820 4160 narratlspiphnuius.
838 4089 929 4159 Septi·
984 4086 1226 4155 reconcinnetur,
1241 4087 1276 4143 ab
1291 4087 1351 4144 linc.
1368 4089 1477 4169 Rosea.

134 4157 204 4211 uiius
226 4166 314 4213 tamen
334 4159 405 4214 libro
432 4160 466 4217 de
485 4162 648 4232 Proescript.
673 4160 882 4226 hereticorum,
903 4167 931 4216 et
1020 4159 1078 4238 (87)
1093 4158 1262 4238 intimarum
1275 4159 1404 4215 solorum
1418 4160 1489 4216 dicct
1503 4159 1687 4215 salutamen
1702 4158 1781 4214 docet

134 4226 208 4282 libris
235 4228 370 4287 adversm
388 4229 479 4302 ipsum
508 4232 687 4297 Marcionem,
717 4231 761 4286 uhi
789 4234 823 4285 de
843 4233 929 4299 ejecto
984 4243 1033 4300 pro
1048 4226 1373 4309 drottlegendurnltm
1614 4301 1620 4311 ’
1720 4297 1726 4307 ,

132 4298 277 4365 henne,
293 4313 326 4356 ac
352 4301 385 4355 de
403 4301 464 4370 ejus
487 4301 596 4372 flagitiis
610 4302 727 4374 plurima
741 4300 850 4357 disserit
872 4314 930 4359 stu·
1020 4300 1077 4368 (88)
1099 4301 1241 4378 Privatos.
1269 4300 1431 4356 Msotericas.
1454 4300 1586 4381 'Fortasse
1614 4315 1641 4355 ru
1669 4299 1780 4380 vomitos

178 4380 213 4424 tae
241 4370 358 4497 vircgffiis
383 4387 451 4497 nonh
464 4373 596 4499 meminit.
615 4374 690 4430 Unde
717 4372 822 4499 opiuayi
840 4375 928 4499 ltieffiat,
945 4440 969 4520 n
984 4370 1169 4499 {nglieytttiligs
1184 4371 1232 4427 sed
1245 4371 1501 4437 extraordiriortos,
1518 4384 1568 4441 pro
1587 4371 1636 4426 sed
1659 4370 1780 4427 scriben-

375 4459 390 4496 ιι
479 4459 765 4500 reicrrnnonesse
811 4460 840 4499 er
899 4461 929 4498 n·
1095 4483 1102 4496 .
1147 4481 1155 4496 .

132 4455 255 4568 afflegem
269 4520 299 4569 et
313 4457 808 4588 tttfffdffrrzsnusstfftoerettcornm,
819 4459 929 4571 Meilroio
1016 4512 1075 4583 (88)
1086 4511 1208 4592 ,Ασοᾳιίἑῤ
1234 4511 1367 4568 lebaeus
1382 4510 1505 4592 quidam.
1531 4509 1601 4589 Fuit
1614 4510 1657 4564 hic
1679 4509 1778 4591 tustini

132 4598 244 4637 oensem
267 4584 461 4640 continentiam
482 4586 582 4658 laudnt,
598 4597 624 4641 ct
640 4587 805 4643 Marcionem
820 4599 926 4643 castra·
980 4585 1107 4654 Martyris
1134 4583 1292 4664 discspulus
1327 4597 1357 4637 ac
1385 4586 1504 4660 quandiu
1532 4590 1658 4661 magister
1692 4594 1779 4649 ipsius

131 4661 216 4709 torem
246 4655 339 4711 carnis
367 4667 502 4726 nuncupat
530 4658 556 4712 iu
584 4657 717 4729 principio
731 4657 865 4715 librorum
880 4656 928 4712 nd·
981 4654 1057 4718 vixit,
1080 4659 1113 4708 de
1128 4656 1256 4726 religione
1270 4668 1301 4707 ac
1322 4650 1375 4706 fide
1388 4658 1488 4723 optiinc
1502 4661 1601 4705 sentire
1616 4665 1699 4730 visne·
1718 4657 1776 4730 est3

130 4739 222 4780 versus
236 4725 340 4794 ipsum.
360 4727 478 4783 lrenaeus
490 4744 600 4800 quoqne
622 4736 695 4785 notat
708 4729 852 4785 Marcionis
867 4728 927 4783 dis·
981 4725 1077 4781 eodem
1105 4733 1197 4779 autem
1226 4734 1341 4787 mortuo,
1370 4737 1459 4777 aeoiins
1490 4731 1517 4776 ct
1538 4721 1667 4776 Valentini
1693 4735 1779 4792 impia

129 4795 237 4867 dputes
266 4795 463 4853 continentium
496 4814 595 4855 nomeu
632 4816 790 4873 usurpasse,
814 4800 928 4872 nuptias
981 4798 1107 4868 dogmata
1121 4805 1230 4850 secutus
1244 4802 1295 4850 est.
1312 4793 1350 4849 Lu
1366 4791 1413 4849 Pn.
1486 4860 1491 4871 ‚

128 4866 284 4924 domasse.
301 4867 362 4923 lito.
1017 4867 1077 4938 (88)
1101 4865 1259 4923 secundnm
1283 4866 1415 4937 Phrygas.
1441 4861 1526 4943 Unico
1549 4861 1681 4942 vocabulo
1695 4861 1776 4945 Cata·

160 4939 222 5009 (at)
239 4940 339 4996 Misce
356 4941 579 5005 occasioneetc.
595 4941 832 5012 lluncScriptnrae
842 4956 926 4997 sacrae
981 4938 1248 5018 phrygum-dicuntur
1280 4935 1410 5018 baeretici,
1443 4949 1573 5015 (ιιοιιιιιιιιΙ
1601 4949 1629 4988 in
1662 4935 1777 5016 Phrygia

127 5008 217 5064 Ιοσιιω
232 5025 297 5065 curn
316 5009 466 5081 quaestione
491 5012 526 5066 de
541 5012 645 5086 origine
660 5015 728 5068 male
755 5013 927 5085 coujungens
981 5008 1123 5081 (itiferiori,
1151 5007 1233 5071 End.)
1262 5018 1429 5078 potissimum
1462 5015 1575 5086 grassati
1603 5015 1675 5084 suut.
1701 5007 1794 5062 iliius

127 5080 249 5136 Marcion
261 5080 332 5135 duos
352 5082 427 5148 deos,
443 5081 597 5139 Cerdonem
624 5085 753 5152 imitatus,
785 5095 928 5155 propterea
982 5081 1116 5137 haereseos
1129 5094 1299 5159 auctoresex
1317 5094 1349 5132 ea
1367 5078 1477 5156 luerunt
1494 5092 1638 5156 prouincia.
1659 5078 1776 5159 Apelles,

127 5153 231 5207 statuit
245 5152 357 5208 Boura.
980 5153 1133 5216 Montanus,
1157 5158 1183 5204 et
1206 5165 1292 5220 ipsius
1316 5153 1485 5220 prophetissa
1510 5149 1610 5214 Prisca,
1635 5164 1683 5204 seu
1703 5152 1777 5205 Pris-

159 5223 218 5293 (82)
235 5223 342 5280 Pom
353 5221 457 5281 dicere.
470 5224 559 5293 Forte,
576 5225 672 5283 endem
684 5224 788 5289 diceus,
806 5223 856 5278 nisi
865 5224 928 5295 quis
982 5222 1052 5288 oilla,
1075 5230 1101 5276 ct
1115 5220 1270 5286 Maximilla,
1294 5219 1443 5290 inipernuto
1463 5218 1609 5277 Coiiimodo
1623 5231 1649 5275 ot
1666 5217 1776 5293 pontili-

127 5290 192 5350 lonc
207 5292 459 5376 solitariamque
480 5294 578 5352 dicere.
591 5296 698 5352 lunius.
725 5296 762 5350 lta
781 5296 929 5351 Rhenanus
982 5309 1012 5350 oe
1026 5294 1122 5348 sotere
1136 5289 1296 5348 floruerunt.
1313 5293 1351 5347 he
1371 5293 1420 5347 Pe.
1671 5361 1676 5371 ,

127 5366 225 5422 erdem
254 5365 350 5423 dicere
371 5366 634 5437 retinerevoluernq
653 5368 737 5423 verbo
752 5372 871 5424 conotus
886 5370 928 5424 cet
1002 5365 1074 5444 Ι(81)
1083 5365 1156 5421 Sunt
1167 5365 1243 5422 enim
1253 5362 1526 5444 qui-dicantur-
1533 5363 1771 5442 pronuntientur.

127 5436 928 5567 :irsoettlt⁸¹tl¹¹lti¹¹⁹t¹ttltl⁰htttl
981 5433 1772 5575 itt‘titali‘t‘tlltllttiltttbtttllllt·

144 5521 160 5559 u
235 5523 254 5562 u
331 5524 659 5566 raet.omnam.
771 5527 784 5566 r
916 5539 929 5550 -
1295 5533 1307 5560 s
1761 5528 1772 5543 ·

128 5575 189 5635 dem
205 5522 305 5635 diegus
324 5578 524 5652 preterendum
538 5588 592 5638 est.
606 5581 717 5638 Romu.
980 5582 1099 5645 cuntur,
1112 5587 1188 5634 etex
1201 5578 1246 5633 ed.
1261 5575 1384 5634 thuaui
1398 5575 1493 5631 ultima
1511 5584 1540 5630 et
1556 5571 1676 5628 Parisino
1699 5576 1774 5628 utra·
