3840 6134
129 283 185 347 953
668 278 769 342 utana
788 278 831 340 ult
862 278 1050 344 VIRGINIBUS
1069 280 1244 344 vctlutts.
1724 280 1780 345 tut

129 423 193 465 runs
210 406 246 463 de
259 403 383 477 Apostoli
397 403 520 462 absoluta
531 401 700 468 definitione,
710 417 818 459 omnem
833 402 928 461 mulie·
944 416 969 496 Ι
985 403 1083 478 gnstiis
1097 405 1155 474 (67)
1170 402 1214 461 acl
1232 403 1438 477 scrupulositate
1464 406 1523 479 (68)
1545 406 1722 476 descendens,
1736 404 1777 463 ri·

129 513 191 559 rem
204 495 285 552 etiarn
299 492 388 550 omnis
401 493 488 550 aetatis
501 492 702 567 intelligendam
716 493 740 564 (l
756 494 819 550 Cor.
834 507 874 562 xa,
890 493 930 564 6),
982 492 1055 549 derit
1072 501 1101 550 et
1114 493 1202 565 ipsum
1220 493 1390 552 continentiae
1403 502 1495 552 votum
1509 495 1578 568 (69).
1601 496 1675 553 Nihil
1692 493 1778 568 perti-

128 584 290 659 responderi
308 599 342 638 ex
359 581 465 640 diverso
480 583 605 652 babebat,
625 597 691 654 ergo
714 598 730 637 a
752 581 888 639 nativitate
903 591 931 640 et
984 581 1078 638 netad
1092 588 1198 639 autem
1211 597 1260 638 sna
1278 583 1365 654 spatia
1378 590 1542 656 currentem,
1561 600 1666 658 suaque
1686 583 1779 640 debita

127 675 247 749 apriano
261 671 371 730 nomiae
394 673 483 728 aetatis
506 671 640 746 virginem
663 670 766 740 operiri
793 681 929 742 oportere.
985 669 1135 726 maturitati
1154 670 1282 728 luentem.
1297 672 1358 728 Nlla
1380 673 1407 728 in
1431 671 1536 730 occulto
1558 681 1656 742 mater,
1672 681 1777 740 natura,
1819 694 1824 701 ·

127 767 192 825 Non
205 764 245 821 ita
258 769 300 820 est
314 768 414 829 autem,
431 759 480 817 sed
493 776 526 817 eu
541 775 598 832 quo
621 775 651 816 se
670 761 821 834 intelligere
835 776 930 833 ooepe·
984 767 1012 815 et
1030 757 1099 815 alins
1112 759 1139 814 ln
1152 756 1243 818 latenti
1259 769 1341 831 pater,
1358 768 1474 832 tempus,
1488 760 1571 818 filiam
1584 778 1659 818 suam
1674 763 1779 833 legibus

127 854 175 922 rit,
190 861 217 910 ct
230 867 345 910 censum
359 858 461 905 naturae
481 865 539 906 666
552 848 663 918 intrare,
679 849 754 905 etde
778 848 891 921 virgInis
905 850 930 890 ⁶⁶
985 847 1042 905 suis
1055 849 1222 906 maritarunt.
1238 850 1336 923 Aspice
1350 858 1462 924 nuptam
1475 852 1530 922 jam
1546 851 1620 908 illam
1635 861 1707 908 tuam
1724 851 1779 908 alr-

126 944 214 1014 exire,
228 948 256 998 et
270 939 326 1012 pati
341 953 442 995 novum
456 937 525 994 illud
538 937 611 1009 quod
635 937 748 994 alterius
768 937 859 994 aetatis
878 945 930 998 est.
983 937 1077 1013 ginem
1098 940 1167 1011 (76),
1192 950 1229 1015 et
1243 940 1361 996 animam
1383 940 1594 1012 exspectatione,
1619 949 1647 998 et
1668 954 1778 997 caruem

126 1032 199 1091 Nam
212 1039 240 1086 et
253 1027 390 1102 principes
416 1025 526 1099 generis
545 1023 634 1082 Adam
655 1033 683 1081 et
704 1025 760 1085 Eva
788 1028 870 1098 (Gen.
886 1029 929 1098 u),
985 1028 1222 1102 transfiguratIone
1243 1028 1278 1095 ⁶⁵,
1301 1029 1344 1085 cui
1368 1038 1398 1087 ta
1421 1029 1568 1087 secundum
1593 1045 1671 1102 paras
1698 1028 1780 1084 mari·

111 1118 260 1195 ,quamdiu
274 1114 562 1181 intcNectucarebant,
584 1113 649 1170 nudi
664 1114 780 1187 agebant
791 1115 872 1189 (666.
887 1117 930 1188 rr).
984 1124 1043 1174 tum
1058 1118 1126 1189 (ll).
1149 1119 1208 1174 tarn
1228 1128 1255 1176 ct
1279 1133 1330 1175 vox
1352 1118 1515 1178 obsolefacta
1537 1127 1586 1186 est,
1611 1125 1638 1176 et
1661 1118 1781 1175 membra

127 1208 167 1268 At
182 1206 231 1266 ubi
245 1208 279 1263 de
293 1204 390 1262 arbore
410 1203 558 1276 agnitionis
576 1212 763 1276 gustaverunt,
792 1204 857 1261 nibil
873 1206 931 1279 pri·
985 1205 1120 1279 completa
1141 1214 1215 1274 sunt,
1240 1215 1266 1263 et
1286 1207 1375 1279 pudor
1397 1208 1498 1280 anquc
1519 1207 1632 1265 vestitur
1657 1205 1730 1278 (lit),
1754 1213 1782 1262 et

127 1314 206 1358 mam
228 1302 374 1354 senserunt
396 1309 476 1366 quam
500 1292 727 1350 erubescendum.
741 1293 836 1366 ltaque
849 1294 874 1334 ⁶⁰
888 1294 931 1353 sui
986 1312 1094 1355 menses
1107 1295 1405 1367 tributadependunt⁶⁶
1418 1295 1784 1369 (ltlzactumulieremnc-

128 1388 234 1463 gaique
257 1401 338 1444 setus
353 1382 521 1440 intellectum
540 1382 659 1456 tengne
680 1390 850 1441 notaverunt.
879 1385 933 1443 Sed
987 1400 1045 1457 gas,
1060 1401 1140 1458 quam
1154 1384 1296 1441 muliebria
1319 1384 1374 1456 pati
1396 1385 1478 1443 dicisl
1499 1384 1528 1442 Si
1551 1383 1709 1460 congressio
1730 1380 1782 1441 virt

128 1487 158 1536 et
170 1476 197 1534 si
210 1482 321 1549 propter
334 1472 446 1545 angelos
460 1470 575 1530 velanda
593 1478 645 1539 est,
660 1470 720 1529 siue
744 1472 827 1530 dubio
840 1473 875 1528 ab
901 1490 933 1530 ea
986 1473 1129 1532 mulierem
1143 1473 1216 1546 lacit,
1231 1489 1285 1531 non
1310 1482 1444 1549 tegantur,
1468 1474 1520 1532 nisi
1538 1481 1601 1548 post
1621 1474 1707 1544 ipsam
1730 1487 1782 1528 nu·

128 1573 209 1625 astate
226 1565 272 1621 lex
287 1560 428 1620 velaminis
455 1558 623 1633 operabitur,
652 1576 668 1616 a
698 1576 753 1632 qua
783 1568 932 1632 potuerunt
986 1563 1103 1636 ptiarnm
1117 1564 1281 1634 passionem.
1300 1563 1401 1637 Atquin
1419 1565 1500 1622 etlam
1514 1565 1587 1638 apud
1601 1562 1782 1620 ethnicoeve·

127 1653 193 1713 fil‘aae
221 1651 363 1710 hominum
386 1648 633 1721 concupiscentiam
662 1648 704 1705 sui
734 1648 878 1722 66666666,
906 1657 934 1707 et
987 1649 1049 1707 latae
1062 1650 1197 1707 edricum
1210 1651 1358 1709 ducuntur.
1377 1653 1406 1710 Si
1419 1661 1508 1709 autem
1530 1653 1565 1709 ad
1589 1649 1783 1724 desponsatio·

129 1743 239 1815 nuptias
249 1740 305 1814 pati
319 1740 391 1814 (63).
405 1738 447 1795 lta
461 1737 510 1795 illo
523 1737 596 1795 enirn
607 1738 688 1810 uirgo
702 1738 760 1808 jam
774 1737 883 1812 desinit,
898 1754 933 1796 ex
987 1754 1048 1796 nem
1063 1740 1194 1808 velantur,
1220 1740 1283 1812 quia
1305 1750 1333 1799 et
1358 1756 1472 1814 corpore
1490 1748 1518 1797 ct
1545 1740 1640 1813 spiritu
1663 1738 1783 1796 masculo

132 1848 189 1908 guo
203 1839 288 1904 potest
299 1845 354 1887 non
367 1844 439 1886 esse.
461 1829 496 1884 Et
518 1828 580 1885 ideo
595 1844 679 1900 penas
701 1828 783 1885 lsrael
801 1828 859 1901 (66)
879 1829 934 1886 illi·
951 1811 973 1890 II
988 1829 1077 1886 mixtae
1090 1837 1154 1886 sunt
1167 1845 1218 1902 per
1231 1828 1354 1888 osculum
1374 1838 1402 1887 et
1415 1831 1548 1896 dexteras,
1575 1843 1624 1901 per
1645 1843 1705 1900 qnae
1725 1825 1784 1898 pri·

133 1922 222 1983 citum
239 1930 280 1979 est
303 1920 338 1976 ad
356 1919 444 1976 airum
472 1918 585 1985 tradere,
610 1917 663 1974 nisi
677 1926 738 1989 post
763 1926 937 1976 contestatam
989 1935 1063 1976 mum
1078 1919 1252 1992 resignarunt
1261 1919 1392 1990 pudorem
1405 1917 1516 1992 spicitus
1528 1918 1564 1988 ⁶⁷,
1578 1933 1629 1988 per
1642 1929 1783 1974 commune

129 2009 264 2083 sanguim
277 2007 458 2064 naturituem
475 2023 482 2062 :
499 2006 538 2061 ita
552 2014 613 2063 ante
635 2007 708 2062 bunc
725 2006 844 2064 indicem
858 2023 937 2065 acar·
988 2008 1161 2066 conscientiae
1175 2009 1285 2081 pignus,
1302 2023 1356 2081 quo
1367 2016 1449 2065 totam
1458 2006 1635 2064 condixerunt
1648 2003 1784 2061 contusio·

132 2099 171 2158 ba
184 2113 230 2156 res
243 2105 295 2156 est.
316 2096 403 2171 Igitur
420 2097 445 2152 si
465 2095 567 2152 tsdeu
581 2094 668 2168 virgo,
688 2096 818 2169 quamdiu
836 2098 935 2154 acerba
989 2112 1050 2172 nem
1067 2098 1135 2170 (76),
1154 2105 1255 2171 quanto
1278 2098 1364 2171 magis
1385 2105 1493 2170 tempus
1516 2095 1573 2151 illas
1597 2091 1708 2160 velabit,
1724 2091 1784 2147 sine

133 2194 188 2255 est,
204 2184 305 2243 desinit
331 2183 465 2257 uirgInem
494 2200 556 2240 cum
576 2190 682 2240 matura
704 2184 729 2224 ⁶²
751 2185 935 2259 cognoscitur,
987 2201 1043 2258 quo
1057 2188 1180 2260 sponsari
1193 2201 1247 2244 non
1260 2195 1383 2258 possunt,
1396 2195 1424 2245 et
1438 2201 1494 2259 quo
1504 2191 1617 2260 urgente
1632 2183 1692 2240 sine
1706 2194 1784 2252 spon·

132 2283 163 2335 ct
177 2282 207 2333 ut
219 2289 274 2333 nott
287 2272 364 2348 uirgo
377 2274 434 2344 jam
443 2271 500 2346 legi
514 2271 674 2345 applicatur,
690 2273 762 2330 sicut
784 2281 811 2332 et
824 2274 934 2346 nuptiis.
988 2274 1091 2331 salibus
1109 2274 1232 2350 virgines
1248 2274 1377 2334 desinunt
1396 2276 1469 2332 esset
1485 2276 1604 2344 Tempus
1619 2273 1701 2329 etlam
1723 2269 1784 2326 eth·

132 2364 168 2423 tu
179 2365 351 2434 desponsata
370 2362 481 2434 quidem
500 2362 601 2418 babent
628 2362 783 2433 exemplum
806 2363 936 2422 Rebecca
988 2363 1042 2420 uici
1056 2364 1214 2438 observant,
1228 2372 1259 2421 ut
1271 2380 1304 2422 en
1318 2365 1377 2438 lege
1391 2372 1493 2422 naturae
1504 2365 1567 2436 jura
1589 2379 1640 2420 sna
1657 2360 1784 2418 oetatlbus

131 2453 217 2526 (Gen.
238 2467 325 2521 xxtv,
355 2453 413 2521 66),
436 2467 497 2523 quae
527 2467 588 2508 curu
613 2451 646 2506 ad
660 2467 791 2523 sponsum
814 2454 935 2525 Ignotum
988 2451 1109 2509 reddant.
1125 2453 1192 2509 Nam
1214 2452 1330 2509 feminus
1350 2453 1461 2526 quidem
1485 2469 1502 2508 a
1526 2450 1670 2509 66666666
1694 2449 1783 2512 annis,

136 2545 228 2602 adhuc
245 2543 336 2613 ignota
355 2541 557 2613 perduceretur,
589 2540 670 2597 simul
697 2541 787 2613 ipsum
810 2544 936 2617 cognovit
987 2540 1137 2597 masculum
1152 2557 1216 2601 vero
1231 2558 1248 2598 a
1265 2542 1370 2599 duobus
1393 2544 1508 2615 amplius
1531 2542 1566 2598 ad
1587 2539 1696 2613 negotia
1718 2537 1784 2593 mit-

136 2648 212 2704 esse,
225 2646 307 2704 quem
322 2628 357 2685 dc
372 2628 518 2703 longinquo
543 2637 720 2703 prospexerat
733 2630 768 2699 ⁶⁶,
786 2645 840 2688 non
854 2630 935 2688 susti·
988 2635 1056 2699 tunt,
1071 2627 1161 2688 9013
1178 2633 1347 2703 pubertatem
1366 2631 1395 2688 iu
1418 2632 1507 2698 annis,
1533 2647 1587 2688 non
1610 2625 1783 2700 sponsalibus

133 2721 338 2780 anticamera
361 2718 575 2776 colluctationem
591 2718 660 2794 (66),
676 2735 726 2775 nec
752 2719 840 2777 osculi
867 2735 935 2776 con·
988 2725 1034 2773 aut
1049 2719 1150 2790 nuptiis
1164 2719 1350 2778 decernentes.
1366 2721 1451 2777 ldatar
1465 2719 1571 2776 lanriliae
1595 2725 1707 2779 vocatur
1721 2716 1783 2773 licet

133 2811 317 2886 gressionem,
337 2824 389 2866 nec
409 2809 580 2866 salutationis
601 2807 875 2866 communicationem
898 2809 933 2876 ⁶³,
987 2804 1078 2879 virgo,
1104 2815 1131 2863 ct
1151 2809 1338 2881 paterfamiliae
1366 2809 1430 2867 licet
1452 2809 1572 2866 investis.
1594 2806 1781 2864 nuntiares

134 2899 187 2957 sed
200 2899 325 2956 contessa
339 2897 413 2970 quod
436 2904 567 2965 senserat,
583 2896 610 2952 id
628 2902 670 2954 est
692 2895 786 2968 spiritu
812 2903 933 2968 nuptam,
986 2895 1116 2953 naturalia
1133 2896 1159 2936 ⁶⁶
1172 2897 1356 2966 observantur,
1371 2898 1449 2971 quasi
1465 2897 1534 2954 alius
1556 2897 1592 2954 sit
1606 2896 1679 2953 Deus
1700 2901 1778 2951 natu·

134 2987 249 3063 negavit
267 2986 401 3060 uirginem
425 2985 513 3044 uelata
536 2985 645 3043 ibidem.
669 2984 693 3043 0
717 2983 856 3040 mulierem
880 2985 937 3055 jam
989 2999 1027 3042 rae
1041 2995 1235 3057 quamnoster.

134 3076 173 3137 de
187 3074 288 3136 Gliristi
311 3075 467 3148 disciplinal
492 3073 617 3132 Ostendit
638 3072 712 3130 enim
738 3069 829 3130 905
857 3074 976 3176 etlamc
1441 3131 1448 3144 ‚
1523 3111 1534 3126 .

133 3164 245 3237 nuptias
262 3162 298 3220 de
321 3170 430 3235 aspectu
457 3170 483 3219 et
501 3160 591 3218 ammo
612 3159 682 3229 lieri,
711 3161 937 3234 quemadmodum
1296 3128 1409 3188 CAPUT
1427 3129 1488 3186 λη·

134 3262 273 3326 stuprum.
286 3250 346 3308 Nisi
356 3250 429 3323 quod
450 3249 531 3306 ctiam
546 3247 696 3306 Rebeccam
719 3247 829 3322 quidam
843 3249 933 3308 adhuc
1031 3251 1160 3328 Agnosce
1181 3261 1208 3310 et
1229 3253 1382 3324 mulierem,
1410 3270 1525 3330 agnosce
1552 3262 1581 3312 et
1605 3261 1726 3328 nuptam,
1758 3253 1792 3312 de

135 3343 229 3405 selam
241 3341 311 3415 (66).
324 3340 364 3398 De
375 3339 480 3398 ceteris
495 3354 570 3409 sero,
586 3338 671 3408 idest,
686 3354 747 3411 quae
762 3337 936 3412 desponsata
993 3342 1154 3400 testimoniis
1182 3351 1209 3401 ct
1236 3345 1359 3416 corporis
1369 3357 1397 3402 et
1418 3344 1539 3416 spicitus,
1568 3360 1629 3417 qua
1649 3345 1750 3417 patitur
1765 3353 1794 3403 et

135 3438 277 3498 nonsunt,
291 3429 391 3491 viderit
403 3428 429 3471 66
441 3439 584 3503 parentum
599 3427 805 3500 procrastimtio
825 3445 859 3486 ex
884 3445 937 3486 aa·
991 3431 1020 3488 in
1043 3433 1209 3491 conscientia
1223 3443 1249 3492 et
1271 3435 1299 3492 in
1319 3450 1410 3493 mine.
1435 3434 1483 3491 liae
1505 3441 1568 3490 sunt
1588 3432 1693 3489 tabellae
1712 3430 1791 3505 prio·

831 3555 929 3619 Varias
950 3537 1107 3623 lectiones.

173 3666 201 3708 ⁵⁹
212 3665 346 3740 VirgIneis
360 3667 446 3721 tran
460 3661 487 3702 ⁶⁰
499 3663 538 3717 lta
551 3662 637 3720 Scml.
652 3659 675 3702 ⁶¹
692 3661 793 3718 Natura
806 3664 898 3720 Poris.
915 3664 940 3703 ⁶²
955 3665 1129 3736 Perspexerat
1142 3667 1228 3727 6666.
1245 3667 1271 3708 ⁶³
1285 3665 1508 3725 communionem
1528 3668 1650 3740 Frcneq.
1665 3664 1690 3704 ⁶⁴
1704 3662 1785 3722 llidc·
1872 3680 1876 3687 ’

140 3736 196 3798 rint
227 3738 335 3811 teriquc
348 3735 411 3794 666.
424 3735 449 3818 ⁶⁵
465 3734 691 3817 Expectationem
704 3732 971 3820 transfigurationem
994 3738 1079 3795 Semi.
1096 3739 1158 3813 liip.
1170 3755 1202 3796 ex
1224 3741 1400 3814 spectatione.
1414 3740 1440 3780 ⁶⁶
1454 3737 1609 3794 Defendunt
1618 3736 1711 3820 ‚Nemi
1735 3735 1783 3793 de·

139 3755 527 3939 &NININIiIIsmVeIIcIIm
549 3809 744 3867 coniecturum
767 3811 942 3865 auctoritate
959 3809 1161 3929 confirmatum
1181 3811 1240 3872 cod.
1264 3827 1320 3870 ms.
1344 3811 1423 3886 prob.
1451 3811 1512 3883 llic.
1528 3809 1552 3849 ⁶¹
1577 3809 1679 3883 Spiritu
1704 3808 1791 3866 Senti.

850 3974 1100 4045 Commentarius.

177 4084 234 4155 (63)
250 4082 368 4156 Nuptias
385 4081 458 4163 pati.
474 4079 552 4152 Saepc
574 4078 898 4160 6666666661666666
912 4080 939 4135 in
1029 4085 1086 4155 (69)
1104 4086 1294 4146 continentie
1313 4090 1419 4146 uotum.
1435 4087 1551 4144 Notatur
1564 4085 1608 4143 hic
1625 4086 1703 4143 locus
1726 4083 1791 4140 dili-

140 4154 258 4214 Tertull.
274 4154 308 4210 de
324 4155 365 4211 vir
395 4168 429 4208 66
450 4153 505 4221 iam
535 4157 642 4232 matura
660 4149 802 4235 etunubrlr.
829 4152 937 4207 Patron.
993 4155 1160 4229 gentissIme.
1176 4157 1247 4215 Ecce
1271 4157 1343 4214 culm
1366 4159 1484 4229 scriptor
1506 4156 1711 4225 antiquissimus
1731 4171 1793 4213 me·

137 4226 222 4285 Satir.
237 4228 322 4283 uncia
337 4241 353 4281 6
381 4223 549 4296 potiendum
567 4220 760 4293 gestientibus.
782 4222 848 4278 Lito.
993 4224 1072 4281 minit
1085 4226 1140 4284 voti
1154 4228 1335 4298 continentie,
1350 4229 1405 4298 jam
1420 4238 1478 4287 tum
1498 4227 1566 4284 mitti
1587 4224 1660 4281 soliti
1679 4223 1794 4281 nfideli·

177 4296 235 4379 (ct)
253 4299 339 4356 Penes
354 4296 450 4352 lsrael.
466 4295 526 4366 Quo
547 4291 600 4348 loci
617 4293 670 4348 hoc
691 4293 822 4363 scriptum
843 4293 869 4375 in
891 4305 937 4372 sa·
955 4252 978 4333 u
993 4296 1055 4352 bns.
1075 4297 1139 4352 Lac.

139 4368 309 4434 cdsbabliis,
326 4367 422 4440 quaerit
442 4364 596 4430 Pamelias;
613 4363 663 4418 scd
679 4372 773 4420 mouet
798 4364 895 4420 tuctus
910 4361 937 4416 rd
1029 4366 1084 4438 (76)
1098 4368 1195 4441 Aspice
1214 4372 1335 4441 nuptum
1349 4372 1414 4442 jorn
1436 4369 1520 4426 illem
1538 4372 1618 4424 tuum
1640 4367 1789 4440 virginem.

140 4457 198 4499 non
212 4439 305 4497 baberi
318 4454 352 4494 eu
365 4440 426 4510 lage
439 4437 501 4503 Del,
516 4436 564 4493 aed
580 4444 682 4491 tantum
696 4450 730 4492 ex
743 4432 939 4493 consuetudine
992 4439 1076 4522 virgo
1091 4439 1136 4496 illa
1154 4447 1209 4523 rua²
1225 4439 1322 4513 inquii,
1339 4442 1395 4512 jam
1409 4450 1490 4511 nupta
1505 4446 1546 4495 esa
1564 4438 1682 4493 animam
1696 4454 1792 4509 agape.

140 4509 427 4571 tataeommtunoan
441 4507 556 4564 naturali
568 4507 678 4578 jure,et
695 4522 757 4563 cum
771 4515 882 4578 aspectu
905 4503 940 4559 ad
994 4517 1109 4568 cranone
1124 4511 1219 4578 marin,
1242 4520 1326 4582 nupta
1350 4521 1399 4577 esa,
1426 4518 1454 4567 ea
1477 4524 1586 4569 carnem
1610 4507 1792 4582 transfigum.

142 4582 641 4656 ⁶⁸⁶⁰ae⁶1⁶⁶¹¹I⁶¹⁶D⁶ssi0r0n,xxrr.
656 4578 739 4660 Lam
993 4582 1064 4639 tione
1078 4582 1166 4654 pubIs.
1188 4583 1279 4657 Nupta
1301 4599 1409 4641 carnem
1424 4590 1451 4638 ct
1473 4580 1601 4646 animam,
1618 4587 1657 4648 ut,
1681 4597 1710 4639 os
1740 4580 1792 4637 lau·

179 4656 239 4728 (66)
248 4656 310 4712 Non
318 4654 457 4711 sustinuit
466 4652 576 4709 dectroe
589 4651 830 4708 colluctationem.
845 4645 875 4701 ld
885 4655 937 4712 est,
992 4671 1139 4729 ‚neposque
1165 4657 1218 4714 ppo
1246 4657 1360 4713 simplis,
1375 4655 1440 4711 lita.

140 4741 199 4784 nott
212 4743 260 4782 ets
313 4724 387 4783 talil-
402 4723 463 4779 Rttt·
1030 4725 1088 4799 (tl)
1109 4728 1163 4785 Cui
1187 4733 1220 4785 tu
1240 4727 1396 4786 secundum
1419 4739 1504 4798 puros
1527 4723 1676 4780 moritum.
1696 4721 1796 4777 Sensus

182 4797 240 4870 (⁶⁶)
277 4797 403 4854 66666666
448 4793 545 4850 666666
566 4791 657 4850 66666
681 4788 863 4849 6666666166
888 4794 939 4856 666,
995 4805 1046 4864 est,
1062 4799 1140 4871 tlrgo
1164 4806 1207 4853 tua
1230 4813 1311 4872 quam
1335 4807 1364 4853 tn
1386 4795 1520 4870 virgiuum
1538 4793 1629 4850 adhuc
1644 4792 1793 4859 existimas,

143 4867 267 4943 vitgittes
287 4867 399 4940 quidem
422 4811 599 4938 ‹Iesponsatas
626 4863 747 4922 nonnulli
779 4861 867 4944 adbuc
891 4876 941 4917 ve·
997 4877 1108 4941 propter
1121 4875 1227 4927 etatem
1240 4867 1321 4926 desiit
1334 4884 1395 4925 esse
1407 4867 1483 4950 virgo
1510 4880 1564 4922 nou
1579 4863 1690 4948 quidem
1704 4878 1718 4917 a
1733 4862 1793 4920 viro

144 4941 214 5006 lunt,
242 4939 351 4997 minime
378 4945 467 4994 autern
498 4945 618 4993 caeteras.
642 4937 676 4992 lt
704 4934 889 5016 'ljertullranus
918 4938 944 4988 et
998 4946 1134 5011 corrupta,
1150 4942 1196 4997 sed
1220 4939 1253 4996 ab
1272 4947 1349 4996 aeiatp
1373 4908 1512 5011 :proinde
1530 4946 1653 5007 mamus,
1669 4949 1748 5008 quem
1767 4933 1793 4990 ei

139 5020 253 5071 caeteras
265 5027 374 5083 quoque
383 5008 514 5066 velandas
528 5023 589 5063 esse
602 5006 750 5064 contendat.
768 5005 832 5061 lira.
999 5011 1096 5082 trades,
1110 5012 1243 5069 secundus
1257 5012 1317 5069 erit,
1329 5011 1423 5068 nm,

185 5083 245 5210 (67)
259 5086 302 5140 aa
325 5079 552 5155 cucutia-1100
573 5077 758 5134 asinanum
785 5075 945 5133 facultatum
1034 5081 1242 5212 (superponas
1256 5083 1359 5158 noeque
1372 5084 1504 5142 vescens.
1521 5081 1581 5153 lpse
1594 5078 1664 5136 ltere
1679 5077 1712 5138 u
1726 5078 1796 5137 lnt-

146 5155 206 5214 tIrc
240 5153 498 5221 ortunarum.Nnm,
513 5157 544 5206 ut
569 5156 612 5206 est
634 5148 705 5221 apud
721 5147 944 5221 Satrograpbum,
998 5170 1065 5212 ma:
1100 5156 1210 5214 generor
1224 5160 1369 5213 gemm,
1383 5155 1446 5212 pm,

210 5243 267 5294 lton
281 5241 355 5293 tacite
370 5241 508 5314 emergant,
521 5251 630 5304 quornm
642 5234 782 5287 virtutibus
799 5236 883 5286 obstat
1035 5227 1094 5352 git)
1109 5229 1143 5285 tu
1156 5241 1266 5308 menses
1281 5226 1390 5309 tributu
1408 5224 1581 5309 dependunt.
1595 5222 1641 5306 ¹Sic
1653 5221 1752 5306 legitur
1773 5221 1800 5306 ln

208 5306 259 5356 lias
274 5311 382 5368 angusta
398 5303 475 5352 doma.
1000 5313 1032 5355 co
1055 5314 1094 5355 tce
1119 5298 1179 5355 Ful.
1201 5298 1303 5354 Urunt.
1320 5297 1355 5354 m
1378 5314 1406 5353 rn
1430 5297 1523 5354 codice
1542 5296 1701 5352 Dtvronensr
1724 5302 1751 5351 et
1774 5309 1800 5349 tn

146 5385 307 5458 liujusmodi
333 5382 430 5451 puellae
471 5379 653 5451 pauperiores,
690 5375 826 5436 dillicilius
862 5376 945 5434 etiam
1001 5367 1309 5439 editionibuslibenauI,
1325 5369 1491 5454 defendunt.
1512 5368 1596 5451 liro..

146 5458 272 5515 maritum
287 5453 435 5512 inveniunt.
450 5454 545 5510 itanu.
1037 5441 1094 5512 (ll)
1130 5442 1225 5499 Totam
1253 5441 1446 5500 conducerent
1482 5440 1690 5511 confusionem.
1709 5432 1796 5506 Quam

182 5530 240 5602 (66)
259 5529 304 5588 Vct
317 5543 382 5584 scm
401 5526 545 5584 ulositutc.
562 5523 618 5579 lloc
633 5519 836 5580 estmorositate
848 5535 946 5594 paren·
1000 5529 1092 5600 prope
1101 5512 1167 5570 dixit
1183 5531 1189 5571 :
1204 5513 1300 5596 Totam
1318 5513 1494 5571 condixerunt
1512 5505 1680 5567 contumeliae
1700 5508 1794 5578 conju·

146 5613 217 5673 666,
231 5599 366 5674 quibnsn
406 5598 548 5671 66666666.
565 5596 660 5653 Nasu.
1001 5585 1071 5659 gaba
1085 5583 1295 5659 mrpudeuuaml
1311 5584 1376 5641 Neo.
