3840 6134
130 444 250 498 struem.
267 434 355 494 Facile
377 441 419 492 est
440 434 545 494 veritati
569 433 648 491 etiam
663 433 731 489 nihil
754 433 806 490 tale
829 433 930 490 adver·

132 546 183 588 sus
204 544 252 586 eos
274 525 460 598 praescribeuti
489 522 572 582 164
595 523 728 580 obtinere.
752 523 854 596 Igitur,
882 523 930 596 qui

133 634 243 677 carnem
259 616 357 674 Christi
372 614 407 671 ad
427 615 580 686 exemplum
595 613 928 687 proponuntarrgelorum‚

133 723 192 767 noa
216 713 311 763 natum
335 705 475 771 dieentes,
500 703 564 759 licet
586 719 694 759 carnem
718 701 753 767 ³⁰,
775 708 930 774 comparent

134 791 222 853 velim
245 799 272 848 et
297 806 393 847 causas
416 797 470 845 tam
498 787 595 844 Christi
614 805 693 861 quam
716 787 739 828 ³¹
762 787 931 860 augelorum,

136 884 175 940 ob
189 897 257 954 quas
281 881 309 936 in
327 894 437 935 carnem
452 878 477 917 ³²
501 877 692 949 processerint.
707 878 732 916 ³³
755 877 852 934 Nullus
866 893 930 933 um·

136 987 220 1046 quam
239 970 355 1044 augelus
374 968 434 1024 ideo
458 968 606 1034 descendit,
622 975 651 1023 ut
664 967 881 1040 crucifigeretur,
903 973 933 1022 ut

728 307 825 368 trualt
845 308 887 367 uti
906 303 1016 367 crata
1034 300 1174 364 ouutstt.

1722 303 1776 366 810

984 431 1025 487 nis
1037 432 1072 486 44.
1088 430 1186 486 Sinon
1202 427 1329 503 probant,
1351 426 1414 498 quia
1437 443 1489 483 nec
1503 430 1633 500 seriptum
1653 441 1702 502 est,
1725 449 1777 491 nec

984 518 1082 576 Christi
1100 532 1161 574 caro
1176 517 1238 575 inde
1253 516 1313 583 erit,
1339 514 1382 572 cui
1402 514 1557 587 angelorum
1572 520 1777 575 accommodant

984 606 1147 676 exemplum.
1172 607 1283 678 Constat
1310 605 1417 677 angelos
1440 621 1548 661 caruem
1568 622 1622 662 non
1641 609 1778 679 propriam

987 694 1070 755 165
1088 703 1210 770 gestasse
1225 696 1292 768 (34),
1308 702 1401 765 utpote
1416 694 1440 732 ³³
1460 704 1569 750 naturas
1584 696 1608 733 44
1623 696 1779 753 substantias

985 787 1124 860 spiritalis,
1140 795 1177 854 et,
1193 786 1216 842 si
1241 784 1363 858 corporis
1386 783 1510 855 alicujus,
1532 783 1575 841 sui
1590 791 1681 840 tameo
1696 803 1780 859 gene·

985 876 1024 932 ris
1038 894 1046 949 3
1061 877 1088 932 in
1107 892 1215 932 carnem
1230 882 1322 930 autem
1336 875 1482 929 humanam
1501 873 1734 945 transfigurabiles
1746 874 1781 931 ad

986 972 1101 1036 tempus,
1119 971 1148 1020 ut
1162 964 1187 1002 45
1200 962 1284 1021 rideri
1297 970 1324 1018 ει
1334 961 1461 1034 congredi
1476 976 1538 1017 cum
1553 962 1706 1018 bominibus
1719 979 1783 1035 pos-

988 1061 1046 1111 sent
1059 1054 1094 1109 44.
1110 1053 1205 1125 Igitur,
1230 1067 1291 1108 cum
1315 1052 1429 1106 relatum
1449 1066 1503 1107 aon
1527 1050 1561 1108 sit
1575 1051 1647 1107 unde
1661 1068 1784 1123 sumpse·

987 1142 1042 1201 rint
1055 1158 1174 1208 carnem,
1191 1140 1349 1212 relinquitur
1375 1137 1522 1196 intellectui
1546 1147 1639 1198 nostro
1653 1158 1709 1198 non
1728 1141 1783 1200 du-

137 1067 255 1118 mortem
277 1056 455 1128 experiretur,
480 1065 544 1113 uta
566 1063 651 1112 morte
672 1056 880 1113 resuscitaretur
896 1055 932 1126 ³⁴,

139 1149 173 1207 Si
195 1162 345 1220 numquam
367 1144 503 1218 ejusmodi
525 1143 576 1200 luit
589 1160 671 1202 causa
686 1144 844 1217 augelorum
867 1158 933 1200 cor·

142 1237 340 1314 parandorum,
361 1235 444 1291 babes
466 1248 574 1291 cauum
597 1250 647 1291 cur
669 1232 871 1291 connascendo
885 1248 935 1290 sc·
989 1237 1087 1305 hilare,
1113 1238 1165 1293 boc
1188 1251 1248 1292 esse
1273 1233 1413 1307 proprium
1428 1234 1557 1308 angelicae
1576 1237 1726 1308 potestatis,
1751 1253 1786 1296 ex

142 1323 268 1398 ceperint
298 1337 416 1381 caruem.
447 1323 510 1378 Nou
532 1332 661 1380 venerant
689 1321 777 1389 mori,
802 1321 862 1379 ideo
886 1337 937 1377 uec
991 1325 1067 1384 nulla
1081 1323 1195 1382 materia
1209 1339 1311 1395 corpus
1326 1321 1376 1379 sibi
1392 1338 1507 1380 sumere.
1527 1344 1539 1376 ι
1562 1323 1671 1393 Quanto
1685 1325 1785 1399 magis,

144 1414 231 1472 nasci.
245 1413 283 1470 tt
296 1427 362 1469 vero
376 1411 500 1468 Christus
514 1410 584 1467 mori
607 1410 717 1477 missus,
742 1410 816 1467 nasci
829 1425 938 1485 quoque
992 1415 1093 1488 inquis,
1116 1431 1149 1471 ex
1172 1413 1264 1487 aliqua
1282 1422 1386 1469 certum
1410 1413 1469 1468 eall
1496 1412 1581 1469 »Sed
1602 1413 1672 1470 nibil
1694 1416 1729 1471 de
1754 1429 1788 1473 eo

144 1502 299 1562 necessario
321 1500 427 1571 babuit,
447 1508 478 1557 ut
499 1500 568 1557 mori
591 1501 768 1573 possenti).
793 1501 853 1556 Non
867 1502 939 1558 enim
992 1510 1108 1570 coastat,
1136 1502 1201 1576 quia
1237 1501 1375 1574 Scriptura
1401 1517 1456 1559 nou
1491 1502 1609 1558 exhibet.
1642 1502 1786 1576 Caeterum,

145 1593 219 1652 mori
231 1593 312 1661 solet,
328 1590 379 1647 nisi
401 1590 474 1663 quod
487 1589 616 1646 nascitur.
631 1591 751 1646 blutunm
766 1588 885 1646 debitum
898 1597 941 1648 est
996 1593 1042 1667 qui
1062 1593 1086 1631 44
1113 1592 1205 1647 valent
1231 1589 1321 1647 lacere
1341 1591 1501 1664 semetipsos
1524 1592 1596 1664 qood
1620 1600 1716 1649 natura
1734 1608 1789 1651 non

148 1685 219 1742 inter
246 1697 277 1740 se
303 1680 435 1739 nativitati
463 1695 523 1735 cour
552 1679 726 1735 mortalitate.
755 1677 853 1737 Forma
879 1695 943 1737 ruo-
961 1634 983 1711 Β
998 1688 1073 1747 sunt,
1089 1695 1137 1737 eur
1157 1695 1213 1735 non
1232 1678 1339 1736 valeant
1355 1678 1437 1734 etlam
1464 1681 1489 1718 44
1510 1695 1544 1734 cx
1570 1680 1647 1736 nulla
1665 1683 1792 1739 substau-

147 1771 238 1829 n'endi
256 1774 338 1829 cansa
361 1768 491 1825 nascendi
511 1769 628 1840 estldil).
644 1766 672 1823 Si
694 1775 806 1840 propter
827 1767 855 1823 id
871 1768 941 1841 quod
997 1770 1034 1826 tia
1056 1770 1083 1808 44
1097 1767 1208 1826 iacere?
1222 1767 1248 1823 Si
1264 1764 1332 1823 fiunt
1354 1767 1426 1839 quod
1449 1782 1504 1823 non
1527 1775 1601 1837 sunt,
1617 1784 1666 1825 cur
1688 1787 1743 1828 non
1757 1787 1792 1828 ex

152 1859 271 1918 moritur
293 1865 413 1916 mortuus
436 1866 477 1913 est
492 1856 633 1926 Christus,
659 1855 687 1911 id
715 1864 803 1912 autem
830 1856 945 1913 moritur
997 1875 1030 1916 eo
1045 1854 1109 1915 liant
1124 1857 1195 1930 quod
1218 1859 1357 1914 nonest?
1380 1856 1458 1926 Quod
1482 1862 1572 1914 autem
1586 1873 1641 1914 non
1655 1867 1707 1927 est,
1731 1876 1794 1917 cum

153 1949 231 2023 quod
254 1958 280 2006 et
293 1947 419 2017 nascitur,
441 1962 611 2019 consequens
625 1946 649 1984 ³⁵
669 1952 738 2012 erat,
762 1945 816 2001 imo
841 1961 945 2019 praece-

154 2040 236 2106 dens,
251 2046 281 2094 nt
293 2053 370 2111 aque
384 2044 537 2094 nasceretur
552 2043 662 2108 propter
676 2033 704 2089 id
722 2036 794 2108 quod
809 2035 945 2105 asscitum

152 2127 342 2201 quiapropter
358 2126 476 2198 idipsum
503 2123 573 2181 mori
597 2123 721 2192 habebat,
738 2124 822 2196 qnod,
845 2122 909 2197 quia
922 2124 948 2165 ³⁵

151 2215 281 2283 nascitur,
302 2212 427 2272 moritur.
449 2213 510 2270 Non
528 2213 696 2285 competebat
718 2213 872 2280 connasci,
896 2227 947 2285 pro

151 2320 207 2380 quo
224 2304 295 2362 mori
318 2304 499 2377 competebat.
516 2322 528 2354 ι
544 2301 646 2373 Atquin
660 2300 684 2341 ³³
699 2310 763 2358 tuac
783 2317 890 2374 quoque
904 2302 947 2356 iu·

152 2400 196 2452 tar
204 2391 387 2470 illosangelos
396 2391 420 2431 ³³
429 2390 488 2464 ipse
497 2391 627 2448 Dominus
636 2390 883 2462 appamitdbrahae
891 2388 947 2463 (33)

155 2482 214 2539 sins
236 2481 375 2540 usuritate
395 2495 457 2537 cum
477 2494 570 2536 carue.
595 2498 609 2532 s
635 2479 759 2548 Scilicet,
779 2494 829 2551 pro
853 2480 950 2536 eadem

155 2587 249 2630 εειιειε
275 2571 442 2629 diversitate.
468 2569 522 2626 Sed
535 2584 583 2626 vos
606 2570 657 2626 boe
671 2584 727 2625 non
748 2567 879 2641 recipitis,
895 2581 951 2625 non

156 2675 217 2717 eum
234 2660 372 2718 Christum
387 2657 557 2729 recipientes,
573 2657 618 2730 qui
637 2656 662 2697 ³³
672 2657 728 2728 jam
749 2665 813 2714 tunc
831 2664 857 2713 ει
871 2657 951 2715 adlo-

155 2748 212 2822 qui,
232 2756 264 2805 el
285 2747 410 2815 liberare,
427 2752 455 2802 at
472 2747 590 2818 judicare
613 2747 759 2803 humanum
783 2762 870 2820 genus
889 2746 950 2802 edi·

156 2838 252 2894 scebat
278 2837 306 2893 in
336 2838 425 2894 carnis
446 2835 551 2907 babitu,
578 2850 633 2891 non
659 2845 729 2892 natae
757 2837 859 2903 adbuc,
890 2836 953 2908 quia

999 1947 1043 2017 sit,
1070 1964 1103 2003 ex
1129 1946 1211 2002 uibilo
1236 1954 1287 2004 est.
1315 1948 1457 2018 Propterea
1487 1961 1536 2003 nec
1563 1947 1718 2020 requiritur,
1743 1963 1796 2006 uec

1000 2037 1160 2105 ostenditur,
1190 2038 1253 2108 qnid
1270 2046 1364 2109 postea
1378 2037 1477 2093 lactum
1498 2036 1532 2093 sit
1559 2038 1719 2110 corporibus
1732 2037 1797 2097 illo·

1000 2144 1061 2185 rnm
1077 2126 1144 2200 (35).
1169 2125 1247 2197 Quod
1271 2128 1306 2185 de
1333 2127 1417 2183 nihilo
1445 2127 1506 2198 fuit,
1530 2127 1597 2184 nibil
1625 2128 1725 2185 sactum
1744 2137 1796 2188 est.

1000 2217 1117 2273 Possunt
1144 2215 1212 2270 nihil
1245 2214 1335 2288 ipsum
1363 2224 1523 2274 convertere
1551 2216 1578 2272 in
1601 2232 1722 2286 carnem,
1752 2217 1799 2290 qui

1001 2305 1163 2375 semetipsos
1188 2313 1335 2377 potnerunt
1359 2313 1516 2364 convertere
1536 2306 1565 2362 in
1592 2322 1713 2363 earnem.
1733 2307 1801 2365 Plus

1002 2403 1043 2451 est
1056 2403 1181 2450 naturam
1202 2395 1349 2463 demutare,
1366 2411 1445 2467 quam
1461 2395 1549 2452 lacere
1572 2398 1723 2453 materiam.
1746 2396 1801 2453 Sed

1004 2492 1032 2542 et
1046 2484 1073 2524 ⁵⁰
1087 2482 1110 2540 si
1129 2485 1163 2541 de
1182 2485 1294 2540 materia
1309 2499 1417 2541 neeesse
1432 2485 1529 2542 luisset
1553 2485 1575 2525 ⁵¹
1592 2485 1707 2562 angelos
1722 2502 1801 2543 sunr-

1005 2574 1092 2648 psisse
1120 2590 1241 2641 earnem,
1266 2573 1421 2631 credibilius
1444 2576 1538 2647 utique
1567 2583 1607 2632 est
1634 2579 1668 2634 de
1695 2584 1802 2634 terrens

1005 2662 1127 2732 materia,
1144 2680 1224 2735 quam
1247 2665 1282 2720 de
1306 2663 1362 2719 ullo
1377 2679 1479 2736 genere
1503 2665 1651 2722 coelestium
1673 2665 1802 2721 substan-

1007 2753 1125 2823 tiarum3
1145 2766 1210 2809 cum
1229 2750 1298 2807 adeo
1320 2760 1433 2807 tamense
1453 2750 1587 2822 qualitatis
1612 2753 1753 2822 exstiterit,
1772 2762 1805 2813 ul

1007 2839 1125 2896 terrenis
1139 2839 1247 2911 pabulis
1270 2847 1346 2911 pasta
1361 2839 1405 2896 sit.
1421 2839 1513 2897 Fuerit
1527 2840 1552 2879 ⁵²
1567 2857 1639 2898 nunc
1656 2842 1682 2881 ⁵³
1699 2857 1805 2915 quoque

158 2925 279 2983 nondum
299 2925 453 2994 moritura,
475 2924 527 2980 nisi
550 2924 626 2997 prius
647 2933 674 2980 et
695 2924 828 2980 nativitas,
844 2926 905 2996 ejus
927 2930 954 2981 et
1008 2928 1113 2984 siderea
1128 2929 1349 2986 eodem⁵⁴modo
1360 2930 1476 2987 terrenis
1489 2931 1594 3001 pabulis
1603 2939 1689 3003 pasta,
1698 2932 1806 3004 quando

158 3015 311 3071 mortalitas
333 3015 563 3073 adnuntiarentur.
592 3013 678 3087 Igitur
704 3015 820 3086 probent
843 3014 954 3086 angelos
1009 3024 1116 3074 terrena
1146 3033 1199 3074 non
1228 3026 1318 3089 esset3
1343 3034 1396 3091 quo
1419 3026 1525 3076 terreno
1550 3021 1707 3078 coelestibus
1729 3029 1808 3094 pasta

156 3104 221 3163 illos
235 3104 262 3145 ⁴⁰
278 3103 313 3163 ds
332 3104 469 3163 sideribus
492 3103 626 3179 accepisse
646 3103 671 3145 ⁴¹
695 3103 870 3160 substantiam
893 3119 954 3160 car·
970 3089 992 3169 ὓ
1007 3116 1058 3174 εει,
1076 3106 1184 3181 quando
1196 3107 1315 3166 eoelostis
1329 3122 1384 3164 non
1399 3119 1472 3166 esset
1486 3109 1610 3184 (tegimus
1623 3113 1695 3168 enim
1709 3127 1809 3169 manna

798 3238 803 3249 ·
866 3218 963 3287 Varias
981 3223 1140 3290 lectiones.

198 3331 225 3375 ³³
243 3326 355 3389 Scilicet
368 3346 492 3388 carneam
511 3330 591 3386 Pom.
608 3323 697 3388 iibere.
713 3327 735 3367 ³¹
752 3328 785 3383 Et
808 3327 873 3385 add.
888 3332 968 3388 Pom.
985 3331 1072 3387 libere.
1088 3333 1112 3371 ³³
1131 3332 1161 3387 lu
1182 3347 1263 3388 carne
1278 3333 1338 3405 lliq.
1359 3334 1423 3390 Vere.
1437 3333 1462 3373 ³³
1475 3332 1613 3391 Venerunt
1626 3339 1708 3393 Pom.
1724 3341 1810 3396 biars.

161 3407 232 3466 Por.
253 3412 447 3476 processerunt
461 3402 512 3459 lit.
533 3403 621 3460 Seml.
637 3399 661 3440 54
681 3400 856 3456 Suscitaretur
871 3402 930 3474 ltiq.
953 3402 1016 3461 len.
1027 3403 1051 3441 ³⁵
1066 3404 1163 3460 Autem
1178 3403 1243 3460 odd.
1259 3403 1348 3459 Rlsen.
1364 3405 1449 3462 Semi.
1466 3405 1529 3462 item
1544 3409 1623 3464 Pom.
1639 3411 1726 3464 Fron.
1741 3412 1809 3470 Par.

167 3479 194 3519 ³⁵
221 3475 252 3532 id
276 3475 350 3561 quod
372 3473 436 3530 cdd.
463 3474 550 3531 illan.
573 3475 654 3528 Pom.
675 3473 699 3512 ³³
721 3470 804 3543 Atqui
828 3473 913 3529 Seml.
936 3472 962 3512 ³³
983 3474 1103 3547 Angelos
1126 3475 1185 3530 illos
1208 3476 1267 3547 Rip.
1292 3475 1316 3513 ³³
1337 3472 1406 3543 Quia
1428 3476 1517 3532 ltlren.
1543 3479 1628 3535 Seml.
1652 3480 1679 3517 ‘¹⁰
1698 3481 1811 3536 Carnem

168 3547 242 3608 odd.
258 3549 318 3618 1qu-
350 3547 412 3602 l'arr.
429 3545 452 3584 44
477 3545 642 3615 concupisse
656 3545 717 3615 trip.
738 3544 801 3600 lea.
816 3543 842 3581 ¹¹²
855 3542 1038 3599 Substantiam
1057 3546 1145 3602 earnis
1164 3545 1271 3603 abesto
1290 3548 1349 3618 rap.
1375 3548 1437 3604 l'err.
1453 3549 1477 3586 45
1502 3549 1601 3619 Utputa
1619 3553 1700 3606 Perre.
1720 3552 1811 3609 libers.

162 3623 189 3662 44
213 3621 316 3676 Natura
336 3618 388 3674 iti.
407 3617 492 3673 Seml.
517 3631 532 3669 a
556 3623 651 3670 natura
672 3614 732 3671 cod.
757 3613 838 3722 Apoll.
863 3624 965 3670 natura
985 3619 1066 3672 Pom.
1091 3619 1183 3673 Poris.
1209 3618 1234 3655 45
1258 3616 1294 3672 Ut
1314 3618 1408 3674 ornill.
1430 3620 1491 3690 Rip.
1516 3621 1578 3677 l'en.
1601 3622 1626 3659 44
1649 3622 1730 3679 Posse
1750 3625 1810 3680 it’.

166 3695 234 3752 Vere.
258 3689 282 3728 44
306 3685 377 3756 Quia
402 3687 489 3743 ilico.
517 3687 603 3743 Seml.
631 3684 740 3743 Oberllr.
762 3685 774 3723 4
810 3685 846 3739 Et
868 3686 956 3742 ilica.
978 3687 1064 3744 Semi.
1092 3687 1202 3746 Odcrllt.
1228 3688 1253 3726 ²¹⁹
1275 3688 1456 3744 Substantiam
1483 3691 1570 3748 libere.
1593 3693 1676 3749 Seml.
1700 3695 1811 3751 Olerl.

160 3763 256 3894 Ἓξ.
265 3759 346 3818 abest
368 3774 387 3815 a
410 3757 498 3817 libers.
516 3759 598 3814 Pom.
613 3755 635 3795 ⁵¹
662 3756 722 3814 intr
743 3757 803 3828 asp.
825 3757 889 3813 l'crr.
903 3757 928 3796 ⁵³
951 3757 1043 3814 Fuerit
1056 3760 1152 3817 omitt.
1172 3760 1261 3816 libau.
1285 3759 1372 3818 Seml.
1388 3761 1413 3800 ⁵³
1435 3760 1463 3818 Si
1482 3762 1548 3818 add.
1568 3763 1654 3820 illan.
1667 3764 1693 3804 54
1710 3765 1812 3822 Eadem

843 3899 1092 3968 Commentarius.

197 4010 259 4085 (at)
281 4008 409 4067 Christus
426 4009 501 4066 mori
514 4009 629 4076 misam,
646 4007 727 4064 nosci
740 4020 846 4081 queque
860 4024 960 4066 neces·
1015 4010 1060 4067 Sic
1073 4009 1172 4068 Seneca
1186 4011 1221 4066 de
1236 4011 1346 4068 Remea.
1362 4014 1477 4084 perluit.
1490 4013 1554 4069 Lac.

164 4085 242 4143 sorio
256 4081 356 4138 babuit
366 4084 401 4136 ut
414 4082 487 4136 mori
493 4083 595 4152 pessel.
609 4079 734 4136 Nondum
752 4079 819 4133 benc
832 4078 961 4135 Christia-
1051 4081 1109 4152 (33)
1124 4083 1243 4154 Atquin
1257 4087 1325 4138 luae
1356 4099 1391 4138 uo
1410 4100 1446 4140 ue
1458 4085 1535 4141 inter
1548 4087 1659 4157 eupales
1673 4087 1739 4144 illos
1752 4088 1814 4161 ipsc

167 4172 221 4212 uus
235 4161 295 4233 erat
317 4151 419 4232 diarius
434 4150 596 4232 Pictorinus,
616 4166 676 4206 cum
688 4152 715 4204 in
730 4149 963 4233 lascurrensem
999 4148 1156 4233 'nominas
1170 4155 1308 4224 apparuit
1322 4099 1449 4233 diruite.
1466 4154 1529 4209 Hac
1543 4155 1737 4225 interpretatio,
1753 4173 1814 4230 quae

168 4227 306 4282 Ciceronrs
330 4231 367 4277 tta
390 4221 542 4278 scriberet:
568 4241 582 4274 r
604 4223 720 4277 Tantum
746 4228 815 4276 mter
837 4220 962 4277 homiues
1019 4231 1110 4280 ortum
1133 4223 1196 4277 rude
1211 4222 1310 4276 babere
1325 4223 1440 4291 videtur,
1459 4223 1532 4294 quod
1547 4225 1653 4298 legatur
1674 4228 1740 4284 Ceo.
1756 4244 1813 4285 ur:

189 4301 260 4353 otest
275 4293 476 4359 necessarium,
493 4301 622 4365 quantum
641 4290 788 4348 secundum
811 4291 964 4362 opinionem
980 4291 1034 4370 ηε
1050 4292 1117 4348 Tres
1130 4291 1206 4357 vidit,
1222 4307 1304 4346 uuum
1320 4292 1441 4349 adoravit
1456 4311 1492 4347 ε»
1514 4310 1530 4348 a
1547 4295 1577 4350 B.
1594 4298 1746 4368 Augustino
1759 4314 1815 4356 non

167 4313 315 4424 flammam
338 4362 407 4420 salet
430 4384 436 4422 :
461 4361 561 4436 alioqui
586 4362 733 4421 secundum
755 4361 966 4419 Christianorum
1022 4365 1160 4438 probatur,
1176 4377 1258 4434 quem
1281 4363 1341 4418 ideo
1356 4362 1448 4416 videat
1472 4364 1557 4420 lector
1581 4366 1627 4421 lib.
1643 4379 1664 4421 11
1678 4367 1711 4426 cle
1738 4372 1814 4427 Trio.

170 4436 340 4510 opinionem,
363 4449 419 4493 non
441 4441 484 4490 est
501 4437 691 4492 necessarium
713 4438 901 4505 argumentum
917 4434 967 4491 :Si
1022 4453 1082 4508 cap.
1113 4438 1157 4490 i'l.
1184 4436 1268 4491 Porro
1297 4432 1413 4504 legimus
1436 4433 1538 4490 iterum
1559 4450 1592 4491 ex
1616 4441 1699 4493 ms3
1727 4440 1814 4496 Vatia.

207 4505 290 4580 perit,
308 4520 368 4562 cum
389 4506 448 4563 siro
471 4505 635 4577 mucronis,
658 4521 692 4560 ne
710 4521 745 4561 ue
767 4505 819 4561 boc
841 4521 934 4561 rursus
959 4523 967 4561 ι
1023 4509 1059 4565 Ar
1079 4507 1197 4635 uiapro
1211 4506 1301 4579 alqui.
1320 4505 1389 4561 Pau.

193 4581 296 4634 inatus
312 4588 365 4645 est,
386 4578 524 4634 morietur.
547 4578 615 4632 Nam
638 4523 709 4648 apag
725 4591 774 4633 eos
795 4576 969 4633 manifestum
1059 4524 1116 4649 434)
1159 4579 1257 4634 opstat
1272 4576 1386 4648 onqelos
1401 4592 1517 4633 caruem
1534 4593 1592 4633 nors
1607 4580 1756 4650 propriam
1770 4599 1817 4654 pa·
1846 4608 1852 4619 ·

168 4656 212 4707 est
226 4651 286 4705 sine
298 4648 356 4705 viro
370 4653 473 4714 natum,
489 4654 517 4703 ει
535 4663 589 4704 non
604 4657 748 4705 mortuum.
765 4667 778 4700 r
795 4650 852 4704 lmo
866 4647 964 4704 Domi·
1023 4655 1122 4707 classe.
1138 4648 1247 4705 Scilicet
1262 4663 1315 4703 non
1329 4662 1388 4703 esse
1401 4662 1514 4703 carneos
1528 4649 1649 4714 omnino,
1666 4658 1693 4704 et
1708 4653 1817 4721 proprie

101 4739 105 4751 ·
168 4727 384 4786 numnostrum,
404 4727 669 4791 qnemrerenatom
683 4721 880 4791 scimus,huuc
901 4733 966 4777 vere
1024 4718 1573 4793 utnos,necpondereeorporisgraves.
1589 4720 1818 4802 llludpreprism

167 4799 310 4849 mortuum
331 4789 456 4861 latemur,
476 4790 548 4847 hune
570 4807 633 4849 vero
655 4807 763 4865 quoque
785 4792 966 4850 resurrexisse
1025 4793 1143 4864 appellat
1158 4806 1241 4862 supra
1262 4792 1384 4861 ampelos,
1404 4805 1500 4860 nempe
1523 4791 1661 4861 propriam
1681 4792 1742 4856 sibi,
1763 4807 1820 4850 nou

167 4864 300 4920 dicimus.
313 4861 380 4918 ltro.
1026 4878 1109 4936 supra
1124 4879 1249 4920 caruero.
1267 4862 1333 4916 Nam
1354 4870 1380 4917 ει
1404 4861 1494 4918 statim
1519 4863 1628 4932 indicat,
1643 4871 1670 4919 et
1691 4863 1756 4919 alibi
1770 4865 1820 4920 do-

201 4935 264 5008 (32)
282 4934 384 4989 Formo
405 4933 545 4991 moriendi
569 4949 656 4990 causo
679 4935 812 4993 uescendi
830 4939 884 4993 est.
913 4932 968 5004 Qui
1026 4942 1067 4993 cat
1090 4935 1200 5007 angelos
1219 4933 1280 4989 illos
1308 4934 1443 5006 propriam
1467 4948 1575 4989 carnem
1590 4952 1646 5007 prae
1667 4951 1697 4991 εε
1716 4936 1821 5007 ιεΙίεεε,

168 5005 240 5062 dixit
252 5011 375 5061 mutuum
392 5003 475 5060 fuisse
498 5004 622 5061 debitum
646 5004 811 5062 interritam
839 5014 866 5062 et
889 5021 967 5062 mor·
1026 5007 1072 5066 sed
1099 5010 1277 5076 assumptam,
1301 5020 1355 5060 non
1379 5004 1430 5060 sibi
1446 5008 1580 5075 propriam
1610 5017 1636 5063 et
1650 5011 1821 5077 naturalem,

168 5083 238 5146 tem,
265 5076 347 5133 modo
374 5077 412 5131 ait
441 5074 555 5133 tonnam
590 5092 651 5133 esse
685 5093 792 5134 cauum
828 5077 967 5134 nascendi.
1027 5088 1056 5135 nt
1070 5080 1097 5133 in
1112 5079 1164 5133 hoc
1178 5077 1348 5148 Augustinus
1363 5085 1389 5133 et
1403 5076 1556 5133 bernardus
1570 5077 1671 5134 citandi
1680 5079 1822 5155 aliquando

168 5147 269 5205 Forma
284 5147 466 5219 igiturmutui
488 5156 529 5204 est
545 5146 629 5204 veluti
650 5149 772 5222 quaedam
794 5147 914 5204 formalis
941 5149 969 5204 in
1027 5150 1177 5222 ambigunt.
1194 5148 1260 5203 Leo.

168 5226 267 5276 mutuo
280 5217 409 5291 qualitas,
425 5218 453 5272 in
468 5218 643 5276 eoresidens.
664 5219 765 5276 Sensus
783 5234 848 5291 ergo
862 5220 969 5276 Tertul·
1064 5221 1120 5293 (35)
1139 5222 1209 5290 Quid
1225 5223 1323 5292 posteo
1337 5221 1446 5290 seclum
1469 5220 1507 5276 sil
1521 5222 1681 5294 corporibus
1696 5223 1823 5280 illorum.

168 5289 242 5347 liani
254 5299 315 5345 est:
332 5289 369 5344 tle
391 5298 470 5360 paeto
492 5296 520 5345 et
533 5290 687 5346 conditione
700 5291 840 5354 morimur,
854 5298 885 5348 ut
898 5305 969 5347 non·
1031 5292 1200 5349 Latinissime
1213 5292 1323 5348 dictum.
1340 5292 1369 5346 ld
1387 5298 1436 5356 cst,
1451 5307 1506 5363 quo
1521 5294 1704 5364 pervenerint.
1722 5293 1826 5349 Suban-

168 5359 228 5419 nisi
244 5358 306 5431 quia
333 5359 389 5415 nati
411 5358 611 5435 adstringamur
624 5363 674 5416 hac
689 5361 750 5435 lege
773 5361 879 5429 mortis,
894 5361 972 5435 quasi
1030 5364 1104 5420 ditur
1126 5364 1160 5419 dc
1175 5364 1341 5436 praepositio.
1359 5361 1403 5417 Sic
1417 5362 1510 5418 Cicero
1530 5364 1558 5417 iu
1572 5363 1685 5419 Verrem
1702 5380 1708 5417 :
1727 5382 1739 5415 ι
1755 5364 1826 5432 Quid

168 5429 297 5490 conditio
310 5431 404 5488 mortis
423 5439 496 5488 esset
519 5433 591 5490 velut
612 5432 700 5489 finalis
719 5434 846 5491 nascendi
866 5449 947 5490 causa
962 5449 971 5506 3
1032 5442 1058 5491 te
1074 5435 1193 5492 futurum
1211 5434 1275 5491 esti
1290 5450 1345 5508 quo
1360 5433 1527 5505 contagiosi
1543 5453 1554 5483 r
1573 5435 1683 5489 Plautus
1700 5451 1707 5488 :
1726 5454 1737 5484 ι
1755 5435 1825 5503 Quid

168 5504 314 5578 quianon
337 5504 552 5570 nascimur‚nisi
576 5504 627 5561 snb
646 5504 802 5562 conditione
826 5502 972 5576 moriendi,
1031 5517 1144 5580 argento
1166 5508 1268 5563 lactum
1297 5506 1430 5576 estquod
1456 5503 1558 5559 dedi«
1587 5507 1704 5561 itursum
1730 5505 1826 5564 Cicero

169 5583 199 5634 et
213 5581 371 5634 contractus
390 5575 454 5632 ritca
481 5574 569 5634 tactus
595 5581 635 5633 est
662 5578 713 5632 sub
732 5578 784 5635 bac
806 5573 970 5635 conditione.
1030 5593 1081 5650 pro
1100 5578 1223 5635 Cluentio
1239 5595 1245 5634 :
1264 5574 1361 5644 «Quid
1376 5584 1453 5646 est»
1469 5583 1523 5630 etc.
1538 5574 1630 5631 Rana.

283 5680 454 5745 Pannonii.
944 5730 951 5747 ,
1687 5684 1722 5739 26
