3840 6134
170 328 221 385 tut
507 317 725 381 nantuttltut
746 312 878 377 ulsnutt
897 315 980 378 PARS
998 318 1032 379 ll.
1052 350 1088 365 -—
1106 319 1219 382 santus
1235 321 1261 395 l,
1283 321 1459 383 Postulat.
1632 320 1637 335 '
1764 324 1817 384 868

169 464 235 504 curo
249 458 277 506 et
300 450 377 505 thure
405 450 628 514 munerantes,·et
651 444 783 515 acceperit
797 438 887 500 inians
903 443 961 499 tir·
977 458 1000 539 ss
1016 447 1084 513 ritis,
1117 459 1147 506 ut
1173 447 1301 515 dimmus,
1332 446 1522 503 idololatriam.
1550 448 1688 505 Aduersus
1722 465 1817 523 rogem

169 546 252 592 tutem
274 535 396 594 Damasei
423 534 481 592 sine
507 534 601 607 praelio
625 540 652 590 et
674 533 768 589 armis.
788 534 856 588 Nam
873 528 961 589 880
1015 544 1104 591 autern
1137 534 1320 607 Assyriorum,
1349 535 1479 592 aduersus
1514 536 1648 593 Herodem
1679 536 1817 613 intellige

165 626 348 700 praeterquod
367 625 493 682 omnibus
510 629 603 679 notum
617 630 668 690 est,
693 620 812 676 Orientis
822 620 959 687 uirtutem,
1012 629 1056 679 eui
1085 625 1180 696 utique
1205 625 1336 682 adversati
1365 633 1430 680 sunt
1456 622 1544 681 84⁰
1561 626 1633 698 magi
1660 635 1735 695 tune,
1762 642 1817 684 non

165 714 200 769 ud
215 723 256 770 ost
276 714 331 771 rim
351 721 377 770 ot
395 713 476 782 vires,
491 727 558 770 auro
577 720 602 768 et
630 708 760 767 odoribus
774 708 878 781 pollere
891 709 958 765 seli-
1013 714 1190 769 renuntiando
1221 715 1255 769 de
1279 713 1397 782 Christo,
1429 730 1510 784 quem
1541 714 1700 785 intercipere
1737 732 1816 787 qnae·

165 812 239 874 tam,
255 816 327 861 certe
345 813 385 860 est
403 802 521 860 Creatori
536 802 559 839 ⁷¹
575 801 701 861 uirtutem
719 809 872 856 caeterarum
893 813 960 869 quo
1013 802 1097 856 rebat.

77 878 83 892 ’
153 911 217 967 Ι((ηο
232 894 351 968 gentium
367 908 461 948 aurum
485 893 663 956 constituere;
678 890 749 945 sieut
771 903 821 960 per
854 889 959 944 zaeba-
1305 943 1418 1001 CAUPT
1438 944 1501 1000 XIV

163 984 232 1038 riam
247 981 318 1055 (xlv,
333 984 377 1053 lt)
393 1001 399 1036 :
416 978 451 1038 Hi
466 980 552 1038 ludas
561 978 711 1053 pertendet
725 978 750 1016 ⁷⁷
764 975 841 1050 opud
850 979 958 1035 temese
1294 1009 1297 1015 ·
1504 990 1510 1001 ·
1617 1020 1619 1025 .

112 1071 120 1079 '
166 1067 959 1144 lem,eteoagrepobitomrtemnelecticmpopulorumper
1047 1067 1223 1138 Adiuvabitur
1253 1070 1312 1125 baec
1343 1078 1434 1126 nostra
1468 1070 1661 1142 interpretatio,
1689 1071 1753 1130 dum
1788 1084 1815 1131 et

162 1163 328 1228 circuitum,
344 1176 449 1217 norom
462 1134 666 1230 affirmatum.
680 1156 720 1210 De
732 1154 781 1211 illo
794 1162 960 1210 anterntnne
1011 1155 1074 1210 alibi
1093 1155 1249 1212 bellatorem
1272 1157 1431 1213 existimans
1452 1157 1597 1224 Christum,
1620 1159 1657 1216 ob
1676 1175 1813 1218 armorum

162 1252 221 1306 auri
236 1265 347 1305 munere
361 1251 443 1304 etiam
458 1247 542 1305 Dauid
558 1265 565 1301 :
586 1249 621 1303 nt
636 1245 750 1302 debitur
763 1244 810 1299 itti
827 1259 863 1300 ec
889 1259 959 1303 auro
1012 1244 1188 1315 quorumdam
1215 1246 1345 1303 vocabula
1371 1255 1404 1325 et·
1419 1247 1550 1316 ejusmodi
1573 1248 1676 1318 uerba,
1700 1264 1736 1305 ex
1751 1249 1815 1307 reli·

161 1339 272 1396 Arabiae
280 1357 290 1405 ;
312 1347 339 1394 et
350 1353 446 1393 rursus
457 1339 556 1407 :Hegea
572 1334 697 1391 Arabum
713 1336 742 1390 et
752 1331 824 1390 Sabo
836 1348 957 1390 mettere
1011 1346 1126 1404 quorum
1143 1349 1250 1405 quoqne
1264 1350 1390 1391 sensuum
1404 1337 1603 1407 comparatione
1624 1336 1812 1396 oonnneeris:

161 1431 288 1501 asserent
312 1428 337 1465 ⁷⁷
352 1427 398 1483 itta·
425 1427 492 1497 (36).
506 1426 573 1481 Nam
587 1434 615 1480 et
627 1437 722 1495 magos
735 1437 813 1494 reges
827 1422 852 1460 ⁷⁷
866 1422 959 1480 babuit
1010 1423 1168 1495 Accingere,
1177 1422 1267 1495 inquit
1280 1423 1363 1480 David
1375 1425 1460 1496 [Psoi.
1475 1425 1598 1495 sturmi),
1613 1440 1680 1484 cnse
1691 1426 1717 1464 ⁷⁶
1726 1443 1814 1502 sopor

158 1505 214 1574 le're
228 1516 323 1575 Oriens
336 1516 402 1586 (37),
421 1523 447 1571 et
461 1515 610 1570 Damascus
624 1513 730 1568 Arabiae
754 1518 827 1569 retro
840 1513 955 1583 deputa·
1008 1513 1113 1582 soror.
1133 1511 1187 1567 Sed
1207 1512 1272 1585 quid
1291 1529 1371 1584 supra
1385 1513 1454 1585 legis
1468 1513 1502 1567 de
1517 1512 1646 1570 Christo‘l
1663 1516 1814 1589 Tempesti-

157 1608 248 1678 bstur,
272 1613 415 1677 antequam
442 1605 604 1676 transcripta
626 1608 699 1659 esset
712 1599 775 1656 ⁷⁵in
803 1602 952 1675 Syrophoe·
1007 1615 1057 1656 uus
1071 1599 1280 1672 deeereproeter
1295 1601 1368 1669 titios
1378 1601 1541 1659 homiuem:
1556 1603 1649 1672 effuse
1661 1607 1703 1661 cst
1715 1608 1812 1679 pretio

158 1696 247 1763 nicen,
263 1680 648 1764 exuistinetionesmtarum:
668 1692 747 1761 cujus
776 1699 841 1748 ωηο
862 1691 950 1748 virtu·
1005 1689 1038 1745 ta
1051 1688 1131 1745 tebit's
1145 1694 1213 1746 tots.
1227 1688 1323 1755 Rideo,
1335 1689 1359 1745 si
1372 1704 1452 1761 quem
1470 1689 1502 1744 ad
1518 1688 1618 1745 bellum
1633 1706 1699 1749 ense
1711 1691 1811 1767 cingo-

156 1793 212 1843 tem
225 1783 350 1840 Christus
365 1783 481 1854 aceepit,
496 1778 657 1852 accipiendo
672 1777 792 1853 insignia
805 1779 875 1852 ejus,
900 1794 951 1836 au·
969 1762 1066 1844 Hhat,
1084 1775 1110 1832 ei
1124 1777 1159 1832 de
1178 1777 1382 1849 tempestivitate
1402 1777 1510 1834 decoris
1529 1785 1558 1833 et
1571 1777 1702 1836 labiorum
1720 1781 1810 1855 gratis

155 1890 217 1930 rum
246 1871 348 1929 scilicet
375 1878 402 1927 ot
433 1869 550 1941 odores,
571 1867 659 1940 spolia
688 1874 780 1925 autem
809 1868 949 1941 Samariae,
1006 1863 1207 1923 blandiebatur.
1231 1865 1277 1922 Sic
1298 1867 1362 1922 item
1376 1866 1544 1939 subjungens
1558 1865 1605 1923 ⁷⁷:
1626 1868 1766 1930 Extende.
1781 1872 1810 1928 st

154 1963 230 2035 ipsos
252 1975 348 2035 magos
363 1977 370 2015 :
387 1959 435 2031 qui
458 1975 518 2016 cum
546 1957 622 2014 illum
640 1958 842 2030 cognovissent,
856 1966 884 2013 et
896 1974 953 2014 mn·
1003 1969 1179 2027 prosperare,
1198 1958 1227 2011 et
1245 1971 1350 2028 repum-
1368 1954 1488 2022 adjecit:
1505 1957 1623 2027 Propter
1645 1956 1808 2026 vamtatem,

153 2052 264 2109 neribus
290 2051 481 2116 honorassent,
514 2054 541 2103 et
567 2063 640 2120 genu
666 2047 755 2117 posito
783 2046 950 2113 adorassfl,
1005 2048 1034 2099 et
1062 2045 1220 2110 leuitatem,
1243 2047 1272 2099 et
1285 2044 1443 2116 justitium.
1459 2043 1525 2112 Quis
1538 2044 1608 2099 enirn
1624 2044 1717 2102 haeo⁷⁸
1740 2055 1808 2104 enee

154 2135 336 2209 quasillenm
353 2142 380 2190 et
405 2147 510 2205 rogem,
539 2132 590 2186 sub
613 2129 767 2186 testimonio
799 2130 897 2187 indicis
924 2139 952 2188 et
1005 2132 1171 2203 operabitur,
1186 2131 1429 2188 etnoncontraria
1449 2131 1538 2204 potius
1564 2131 1665 2188 lenitati
1685 2132 1807 2203 etiusti·

152 2223 231 2279 duola
245 2221 339 2292 stelle,
354 2220 441 2292 spolia
450 2227 515 2281 snut
528 2218 592 2274 lacti
607 2217 745 2285 Samaria,
774 2218 801 2273 id
830 2225 872 2274 est
889 2219 951 2275 ido·
1005 2220 1048 2276 tiae
1062 2222 1097 2288 ⁷⁹,
1117 2221 1207 2277 dolum
1229 2229 1255 2277 et
1269 2222 1440 2291 asperitatem
1465 2229 1491 2276 et
1504 2219 1674 2290 injustitiam,
1693 2223 1806 2296 propria

151 2309 275 2380 lolatriae,
305 2309 445 2365 credentes
467 2306 592 2364 uidelicet
609 2306 637 2363 in
653 2306 798 2363 Christum.
834 2306 950 2364 ldolola-
1003 2310 1104 2365 scilieet
1119 2309 1224 2382 negotia
1238 2310 1414 2381 praeliorum?
1435 2307 1577 2366 Videamus
1592 2326 1667 2383 ergo,
1687 2312 1806 2367 analius

150 2399 232 2455 triam
247 2397 318 2453 enim
335 2396 466 2452 Samariae
481 2395 712 2463 nominenotarit,
723 2396 950 2468 utignominioste
1003 2399 1038 2453 sit
1057 2398 1129 2453 ensis
1144 2399 1199 2463 ille,
1211 2399 1300 2470 [cujus
1318 2397 1386 2453 alins
1400 2405 1439 2453 est
1458 2408 1543 2454 actus.
1568 2399 1637 2454 Nam
1652 2407 1679 2454 et
1694 2409 1805 2470 aposto·

151 2489 187 2544 ob
215 2485 406 2556 idololatriam,
428 2499 481 2555 qna
500 2483 649 2540 desciverat
677 2492 741 2541 tunc
767 2499 785 2540 a
806 2485 874 2552 Deo,
898 2487 949 2542 snb
1000 2485 1042 2542 lus
1057 2486 1175 2543 loannes
1188 2484 1216 2541 in
1229 2484 1393 2557 Apocalypsi
1411 2483 1468 2555 (39)
1483 2487 1579 2558 (Aper.
1596 2502 1617 2557 r,
1634 2489 1690 2559 36),
1707 2502 1802 2546 ensem

151 2592 217 2649 rege
227 2575 400 2630 Hieroboam.
415 2572 473 2629 Neo
485 2572 538 2628 hoe
552 2572 624 2628 enim
639 2588 739 2630 novum
766 2582 807 2630 est
827 2575 948 2633 Creatori
1000 2574 1128 2632 describit
1141 2589 1175 2630 ex
1189 2589 1237 2632 ore
1252 2574 1302 2629 lloi
1315 2573 1501 2646 prodeuntem,
1516 2574 1693 2644 bisacutam,
1710 2594 1803 2649 praea-

149 2665 262 2738 figurate
276 2663 314 2719 nti
338 2661 511 2718 translatione
536 2661 686 2732 nominum,
702 2678 734 2718 ex
746 2663 947 2735 comparatione
1000 2672 1107 2731 eutum3
1136 2678 1217 2736 quern
1246 2661 1360 2734 intelligi
1396 2670 1506 2733 opertet
1534 2663 1644 2736 (aptes.
1673 2679 1713 2734 vr,
1742 2669 1801 2737 lt),

150 2752 299 2809 eriminum.
316 2752 385 2807 Nam
400 2757 427 2805 et
441 2749 587 2806 crebontas
609 2749 798 2819 Sodomorum,
828 2753 948 2823 appellat
1000 2765 1152 2808 sermonem
1171 2750 1300 2817 diuinum,
1323 2749 1489 2806 bisacutam
1511 2750 1619 2808 duobus
1639 2751 1801 2811 Testamen-

148 2842 292 2898 arohontas
305 2839 470 2906 iudeorum,
487 2845 515 2894 et
530 2838 659 2910 populum
687 2838 788 2911 ipsum,
815 2843 947 2913 populum
1000 2841 1047 2908 tis,
1069 2839 1147 2910 Legis
1160 2847 1187 2894 et
1200 2837 1358 2910 Evangelia
1381 2850 1486 2895 acutum
1506 2838 1648 2909 sapientia,
1670 2839 1800 2898 infestum

150 2928 310 2984 Gomoffhae
339 2933 425 2997 vocat,
456 2934 484 2982 et
501 2926 571 2982 idem
609 2927 694 2982 alibi:
716 2930 819 2995 pater,
857 2930 945 3002 inquit
997 2927 1120 2999 diabolo;
1142 2934 1291 2982 armantem
1307 2940 1356 2983 nos
1386 2927 1515 2983 adversus
1545 2926 1638 2984 hostes
1664 2928 1801 2998 spiritales

149 3017 260 3086 (Haeclr.
280 3030 340 3078 xvt,
355 3015 394 3086 3),
411 3019 477 3071 taus
508 3013 740 3083 amorrhaeam
771 3022 864 3075 muter
892 3023 944 3076 tuo
959 3055 981 3134 c
997 3015 1122 3089 nequitiae
1150 3024 1178 3072 et
1217 3015 1441 3088 concupiscentiae
1482 3015 1580 3085 omnis,
1612 3024 1797 3086 amputantem

151 3105 266 3169 Getlreo,
290 3103 325 3158 ob
339 3102 506 3159 consimilem
525 3101 702 3174 impietatem,
715 3118 784 3174 qnos
798 3105 942 3178 aliqnando
995 3106 1075 3162 etiam
1094 3122 1110 3160 a
1128 3104 1293 3162 charissimis
1311 3105 1346 3160 ob
1371 3104 1418 3160 Dei
1438 3120 1547 3160 nomeu.
1568 3103 1647 3174 Quod
1675 3104 1798 3164 situan-

148 3190 301 3247 etiamsuos
312 3188 602 3248 tiliosdixeratzliir‘os
611 3194 787 3264 generante
802 3197 939 3252 exaltent.
996 3213 1057 3252 nem
1072 3195 1193 3268 agnitum
1207 3208 1263 3249 non
1282 3193 1332 3263 vis,
1349 3194 1432 3249 babes
1446 3208 1617 3250 communem
1637 3194 1798 3268 magistrum

145 3280 191 3338 Sie
203 3280 383 3353 etAEgyptus,
397 3292 591 3350 nonnunquam
619 3282 694 3336 totus
718 3281 793 3336 orbis
811 3281 941 3355 intelligi·
997 3283 1105 3338 Paulum
1121 3284 1188 3353 (lu).
1205 3281 1415 3353 praecingentem
1430 3282 1538 3337 lunrbos
1556 3292 1666 3338 nostros
1684 3284 1798 3341 ueritate

146 3381 188 3427 tur
197 3370 269 3441 apud
284 3370 580 3441 illum,superstitionis
592 3379 619 3427 et
633 3370 828 3429 maledictionis
842 3372 942 3447 elogio.
996 3381 1023 3429 et
1044 3372 1124 3429 lorica
1135 3371 1258 3441 institiae,
1280 3380 1307 3427 et
1325 3372 1486 3428 calceantem
1505 3387 1555 3427 nos
1574 3373 1601 3428 in
1618 3373 1797 3444 praeparatio·

146 3461 192 3516 Sic
207 3469 233 3517 et
246 3459 366 3531 babylon
386 3461 478 3529 etiam,
493 3460 563 3532 apud
582 3461 715 3517 loannem
738 3469 871 3530 nostrum,
895 3479 942 3520 ro·
995 3477 1056 3518 nem
1072 3461 1209 3531 Evangelii
1225 3460 1307 3532 pacis,
1322 3475 1376 3516 nou
1392 3460 1476 3516 belli:
1500 3475 1639 3518 assumere
1651 3462 1798 3532 jubentem

145 3564 231 3604 manre
258 3548 338 3606 Urbis
368 3547 456 3623 ligura
489 3558 531 3606 est
557 3550 626 3619 (38),
648 3549 761 3621 proinde
785 3566 890 3624 mugnae
914 3559 942 3609 et
995 3556 1104 3606 scutum
1123 3547 1195 3618 fidei,
1212 3549 1307 3620 inquo
1327 3547 1569 3621 possimusomnia
1590 3549 1692 3605 diaboli
1711 3549 1797 3622 ignita

144 3652 230 3709 regno
245 3636 382 3709 superba,
399 3645 426 3692 ct
439 3646 593 3693 sanctorum
609 3637 657 3692 Dei
672 3638 868 3697 debellatricis.
884 3641 940 3699 Hoc
996 3640 1049 3696 tela
1073 3638 1262 3710 exstinguere;
1282 3645 1308 3692 et
1330 3638 1433 3711 galeam
1461 3638 1598 3706 salutaris,
1618 3649 1643 3694 et
1670 3638 1793 3712 gladium

143 3725 236 3795 itaque
249 3739 533 3796 usn,magosquoque
547 3724 741 3781 Samaritarum
756 3728 941 3798 appellatione
994 3728 1116 3800 spiritus,
1138 3728 1209 3800 quod
1228 3726 1389 3804 est,·inquit,
1412 3728 1461 3782 Dei
1480 3744 1582 3784 sermo.
1603 3725 1677 3783 Hane
1696 3735 1724 3781 et
1738 3727 1795 3783 llo-

145 3812 259 3869 titulavit
276 3810 452 3882 despoliatos,
476 3811 548 3884 quod
579 3813 726 3870 habuerant
753 3829 817 3871 cum
845 3816 940 3873 Sama·
994 3817 1154 3890 minusipse
1174 3818 1334 3873 machaeram
1355 3817 1430 3873 uenit
1448 3818 1554 3873 mittere
1573 3815 1600 3871 in
1615 3823 1796 3891 terram,npn

839 3931 935 4000 Varie
952 3940 1108 4001 lectiones.

178 4035 201 4074 ⁷¹
217 4038 351 4093 Creatoris
378 4038 464 4094 Fran.
480 4036 505 4075 ⁷⁷
519 4037 668 4093 Praetendet
690 4037 776 4096 libera.
798 4041 881 4100 scmt.
901 4044 1011 4102 Oberllt.
1027 4042 1053 4081 ⁷³
1067 4040 1188 4098 Ollerent
1216 4041 1303 4099 Rhea.
1332 4041 1417 4098 Semi.
1437 4040 1546 4099 Obertb.
1571 4039 1595 4079 ⁷⁷
1608 4038 1699 4114 Hegea
1714 4039 1795 4099 obest

142 4110 241 4167 l'ur.⁷⁷
256 4110 319 4164 Erat
329 4109 416 4165 liban.
433 4109 518 4165 Semi.
537 4110 646 4167 Obertb.
662 4109 687 4148 ⁷⁶
700 4111 799 4167 Ensem
815 4115 902 4171 Fron.
919 4115 943 4152 ⁷⁷
956 4115 1139 4188 Htproemitt.
1152 4114 1236 4172 Scmt.
1248 4115 1273 4152 ⁷⁸
1288 4114 1350 4170 Haec
1363 4113 1436 4184 cept.
1454 4114 1537 4170 Semi.
1553 4127 1586 4168 ea
1600 4112 1660 4169 cod.
1684 4113 1792 4170 Woow.

142 4180 167 4218 ⁷⁷
181 4179 293 4236 Lenitati
308 4187 335 4235 et
346 4178 467 4250 justitiae,
483 4181 578 4237 omitt.
597 4180 685 4238 libert.
702 4183 786 4239 Semi.
808 4184 919 4243 Obertb.

828 4282 1077 4349 Commentarius.

176 4383 347 4454 (lolllncere
362 4385 490 4457 offerent
499 4384 555 4441 itti.
571 4383 666 4441 Helius
679 4386 787 4446 ilticml
827 4390 931 4463 talcgit,
948 4404 971 4482 ῃ
986 4391 1083 4448 Christi
1103 4391 1198 4464 religio
1212 4389 1356 4448 constituta
1375 4399 1426 4458 est,
1442 4389 1476 4445 de
1490 4404 1522 4446 ea
1536 4387 1589 4445 diei
1610 4388 1691 4444 debet
1710 4389 1785 4462 quod

140 4456 278 4514 addeceat
293 4476 302 4512 :
317 4471 378 4512 num
393 4456 488 4513 Graece
503 4466 544 4512 est
558 4455 729 4528 προσάξουσιν.
744 4403 845 4514 [οἳ.
987 4464 1015 4521 S.
1028 4464 1142 4536 Prosper
1156 4479 1238 4518 earm.
1255 4462 1288 4518 de
1301 4463 1446 4532 lnprutt's:

173 4528 230 4597 (at)
245 4529 316 4585 Num
327 4533 353 4584 et
369 4528 456 4598 Magos
466 4543 541 4608 repes
551 4528 648 4607 babuit
657 4531 716 4599 lere
727 4529 832 4587 Oriens.
843 4532 933 4607 Reges
1183 4585 1188 4596 ,
1245 4584 1250 4596 ,
1417 4585 1422 4595 ,
1541 4584 1546 4596 ,

137 4598 204 4655 dixit
219 4600 361 4672 toparchas
376 4599 452 4654 urbis
483 4605 599 4668 attentus
623 4608 669 4653 aut
696 4601 823 4674 regionis,
849 4607 934 4675 qualis
1142 4584 1267 4657 Quidqffld
1286 4599 1336 4636 ‘¹⁰¹¹
1353 4585 1466 4649 H⁰⁸⁵¹⁷¹⁷⁷
1482 4599 1560 4635 ΝΜ

134 4668 182 4724 ille
205 4686 252 4725 res
279 4670 350 4742 apud
378 4685 457 4740 quem
490 4683 522 4724 ex
551 4675 642 4724 sutore
673 4673 795 4728 medicus
827 4675 931 4731 Ptraedrl
1103 4647 1239 4711 R⁰¹¹¹⁸¹⁰¹¹⁰
1256 4655 1330 4698 Μ·
1501 4646 1537 4698 ¹⁴⁸
1552 4647 1596 4697 ΡΒ·

50 4748 55 4761 ’
135 4737 229 4797 fabula
247 4738 475 4810 derisus3quales
499 4740 560 4793 item
586 4739 614 4793 in
641 4743 726 4798 saeris
754 4745 862 4817 paginis
884 4761 932 4803 oe·
1021 4748 1079 4820 (39)
1101 4749 1172 4805 Num
1194 4753 1223 4804 et
1244 4749 1367 4805 loannes
1390 4749 1584 4821 apostolocin
1606 4747 1689 4819 Apoe.
1712 4746 1788 4804 Facit

134 4818 246 4866 currunt
261 4825 453 4880 sepenumero.
488 4810 648 4879 Huiusmodi
676 4829 755 4887 reges
777 4817 861 4873 uariis
884 4833 931 4888 per
982 4820 1066 4876 etiarn
1079 4820 1122 4874 bic
1137 4819 1212 4875 loeus
1232 4818 1363 4875 adversus
1383 4833 1430 4875 eos
1450 4819 1496 4890 qni
1517 4819 1651 4874 loannem
1677 4828 1789 4889 aposto·

134 4881 272 4937 Orientem
286 4881 401 4937 urbibus
414 4894 508 4951 magus
525 4882 583 4937 lere
598 4881 683 4940 luisse
704 4886 742 4941 ait
770 4886 927 4957 Septimius,
982 4893 1039 4947 lum
1061 4905 1095 4945 ne
1115 4901 1161 4946 ant
1179 4899 1317 4946 auctorem
1337 4890 1550 4961 Apoealypseos,
1565 4887 1711 4947 venumda
1732 4889 1786 4946 boc

133 4951 186 5007 boe
203 4959 255 5019 est,
270 4952 391 5006 siderum
411 4959 583 5033 ‘astrorumre
611 4956 730 5012 scientiae
752 4958 930 5029 peritos.Cae·
983 4961 1064 5018 latius
1082 4905 1128 5018 liin
1150 4977 1188 5032 rt,
1211 4977 1271 5032 cap.
1294 4964 1321 5028 5,
1344 4961 1391 5017 ubi
1413 4963 1496 5017 etiam
1519 4960 1684 5017 blareionem
1705 4958 1736 5015 in
1749 4975 1785 5017 eo

134 5032 219 5079 terum
236 5038 330 5148 magos
344 5023 481 5080 Persicum
495 5040 553 5081 esse
570 5028 729 5085 uocabulum
757 5028 837 5085 docet
862 5031 928 5085 Por·
982 5048 1074 5091 errore
1095 5032 1179 5089 inisse
1204 5034 1295 5088 tradit.
1319 5034 1389 5090 Part.

132 5094 246 5165 P¹⁷Y⁷⁷⁷¹⁵
266 5091 285 5147 ¹⁷
307 5135 314 5148 ·
333 5096 387 5166 cept
406 5095 508 5165 ἀποχῆς,
523 5112 609 5169 eoque
630 5098 776 5170 significari
803 5102 859 5161 τοὺς
873 5101 928 5170 rapt
1015 5105 1072 5176 (tu)
1097 5104 1376 5162 Hebeseommurtem
1398 5106 1567 5175 magistratus
1593 5102 1728 5160 Paulam.
1753 5098 1783 5157 B.

133 5164 162 5218 τὸ
174 5167 239 5218 θεῖον
250 5168 345 5238 σοφοὺς,
358 5166 398 5219 καὶ
410 5169 656 5241 τούτουθεράποντπε,
670 5170 734 5242 μέγα
746 5168 927 5244 catasscopus
979 5175 1090 5231 loannis
1110 5176 1294 5247 Apocalypsin
1313 5190 1367 5231 non
1381 5175 1536 5230 admittebat
1552 5177 1683 5244 Marcion,
1704 5173 1787 5230 ideo·

131 5237 214 5309 stoc,
244 5239 305 5294 Rlss·
978 5263 1032 5374 3¹¹⁰
1055 5257 1177 5302 sanetum
1201 5248 1321 5313 Paulum,
1371 5262 1431 5303 nem
1452 5262 1505 5303 non
1533 5245 1704 5318 repudiabat,
1728 5246 1783 5299 ad·

166 5308 224 5380 (33)
237 5311 317 5367 Sieet
327 5311 448 5384 erepton
462 5309 777 5390 etiomupcdfllooancm
794 5316 926 5371 nostrum
1000 5320 1065 5384 ucit,
1085 5328 1114 5373 ut
1128 5334 1301 5375 communem
1320 5335 1361 5373 am
1383 5333 1458 5372 nrum
1473 5334 1528 5373 nnn
1542 5317 1624 5374 modo
1638 5315 1784 5372 sedetiam

130 5381 264 5437 Hemone
278 5383 521 5454 arbisfipnraest.
533 5381 658 5450 Vulgarrs
671 5383 855 5441 estealumnia
869 5387 924 5441 Ho·
979 5392 1098 5447 omnium
1114 5389 1281 5462 magistrum.
1302 5389 1423 5462 Elegium
1447 5388 1513 5446 illud
1532 5389 1559 5445 S.
1583 5385 1710 5460 Apostoli
1729 5385 1781 5443 sd·

128 5466 201 5532 marn
219 5452 273 5507 dici
291 5454 346 5509 Bab
366 5455 465 5508 ionem.
482 5453 511 5506 ld
524 5452 597 5533 enim
625 5450 665 5507 vir
692 5453 808 5514 eximius
829 5464 857 5512 et
880 5457 924 5512 alii
978 5461 1097 5517 dandum
1119 5461 1151 5517 iis
1175 5476 1235 5533 quae
1253 5460 1331 5516 babet
1345 5475 1405 5532 oap.
1432 5463 1465 5516 lo
1486 5460 1521 5519 de
1544 5460 1709 5532 Proscript.
1729 5455 1777 5513 ubi

128 5522 282 5595 intelligunt
295 5524 329 5578 dc
348 5471 434 5579 ἴωηη
448 5529 539 5581 uetere
552 5521 687 5579 idolorum
709 5526 782 5583 uultu
811 5525 924 5585 incredi·
977 5532 1023 5600 uit,
1048 5534 1121 5608 quod
1138 5532 1206 5606 fider
1225 5535 1324 5591 nostro
1343 5531 1507 5618 obsequium
1525 5531 1655 5663 apostolo
1669 5529 1777 5590 most.

127 5591 178 5654 bili
204 5608 344 5660 nunquam
384 5594 448 5653 noua
478 5593 663 5674 vituperanda.
701 5595 740 5656 Ex
767 5612 822 5681 quo
850 5599 922 5665 euim
1565 5617 1580 5659 e
1606 5601 1655 5661 Pa.
