3840 6134
83 349 135 409 153

81 486 141 534 tero
166 478 313 532 obseruare
341 481 520 545 praeceptum3
545 472 599 528 vim
627 470 729 527 scilicet
757 484 920 559 quacun-g

77 583 131 638 que
165 566 234 620 mihi
258 565 380 619 imminet
392 562 496 620 caventi
511 562 544 616 ab
559 559 719 616 idololatria.
731 559 765 613 Et
788 557 881 629 utique

78 656 125 723 qui
156 653 274 724 imponit
312 659 488 723 praeceptum,
526 655 668 721 extorquet
708 647 878 717 obsequium.

80 746 140 799 Non
169 743 258 815 potuit
288 757 354 815 ergo
383 741 502 796 uoluisse
538 755 570 793 ea
596 737 713 801 evenire,
747 751 794 806 per
818 750 880 805 quta

79 832 216 888 constabit
245 832 416 900 obsequium.
445 827 631 883 Praescribitur
650 824 715 879 milti
747 841 781 880 ne
799 839 880 894 quem

79 922 162 976 aliurn
194 922 281 975 Deum
310 919 411 982 dicam;
442 934 484 983 ne,
513 917 553 972 vel
578 915 702 978 dicendo,
719 913 879 968 nonminus

80 1010 172 1083 lingna
198 1024 281 1080 quam
304 1024 386 1062 manu
409 1007 494 1062 Deum
509 1005 630 1078 fingam,
647 1019 680 1057 ne
702 1018 784 1075 quem
796 1001 879 1055 alium

79 1099 201 1162 adorem,
219 1104 266 1150 aut
293 1111 404 1168 quoque
431 1095 511 1151 medo
530 1094 555 1131 99
574 1108 696 1156 venerer,
712 1099 809 1162 practer
825 1089 880 1144 uni·

78 1202 138 1240 cnrn
168 1184 246 1239 illum
261 1184 306 1255 qui
321 1184 357 1238 ita
370 1185 497 1247 mandat,
521 1198 601 1254 quem
618 1188 644 1235 et
659 1181 759 1250 jubeor
773 1180 876 1244 timere,

80 1293 110 1330 ne
138 1277 176 1330 ab
200 1289 235 1328 eo
253 1272 379 1338 deserar;
405 1274 478 1328 etde
503 1271 575 1328 omni
591 1271 740 1326 substantia
754 1268 876 1340 diligere,

79 1373 106 1417 ut
135 1378 186 1430 pro
211 1376 246 1416 eo
273 1362 382 1415 moriar.
409 1361 476 1414 Huic
499 1367 666 1415 sacramento
696 1356 815 1411 militans
844 1358 877 1411 ab

81 1451 203 1506 hostibus
228 1464 370 1520 provocor,
396 1466 443 1519 par
465 1464 525 1505 snm
541 1448 594 1502 illis
619 1447 641 1501 si
664 1446 690 1484 99
714 1461 810 1499 manus
826 1444 876 1500 de·

82 1541 160 1605 dero;
186 1538 240 1594 boe
262 1537 432 1593 defendendo
455 1537 582 1608 depugno
610 1535 637 1589 in
658 1533 874 1601 acie,t·ulneror,

81 1626 215 1691 concidor,
241 1626 359 1682 occidor.
383 1624 451 1693 Quis
488 1626 561 1682 hune
587 1623 664 1678 militi
696 1638 747 1678 suo
774 1622 877 1677 exitum

83 1715 171 1780 voluit,
201 1715 254 1770 nisi
281 1715 328 1785 qui
352 1715 398 1768 tali
414 1731 476 1771 eum
504 1721 669 1771 sacramento
692 1710 878 1785 consignavit?

396 1838 507 1897 caput
526 1837 558 1894 V.

116 1967 205 2020 llabes
232 1964 316 2038 igitur
336 1965 385 2020 Dei
400 1963 451 2019 mei
471 1963 633 2020 voluntatem
650 1981 656 2017 :
672 1978 813 2020 occursum
838 1973 879 2019 est

87 2052 157 2110 tat
178 2053 243 2109 huic
261 2054 356 2126 plagas.
378 2053 409 2107 In
423 2053 446 2090 99
461 2051 542 2106 alium
557 2052 639 2108 ictum
663 2050 877 2116 consideremus,

83 2143 111 2198 de
123 2143 271 2197 voluntatis
289 2143 426 2214 qualitate.
442 2141 563 2214 Longum
587 2149 628 2197 est
643 2149 672 2197 ut
687 2141 772 2195 Deum
787 2155 876 2195 meum

83 2232 177 2286 bonum
205 2231 367 2296 ostendam,
387 2231 463 2303 quod
502 2234 557 2300 jam
581 2247 597 2284 a
622 2228 699 2285 nobis
726 2228 879 2285 didicerunt

82 2318 250 2375 llmcionitae.
276 2319 362 2375 Deum
390 2320 494 2375 interim
518 2317 619 2376 sttlficit
639 2317 702 2385 dici,
715 2329 744 2373 ut
766 2333 877 2374 neeesse

79 2407 108 2461 sit
134 2409 241 2462 bonurn
266 2409 349 2463 credi.
369 2409 467 2464 bialum
495 2408 566 2464 enim
599 2407 742 2476 Deumqui
757 2406 782 2443 99
808 2421 878 2476 prae-

78 2497 232 2566 sumpserit,
263 2509 389 2552 antistare
417 2498 444 2552 in
473 2507 588 2566 utroque
614 2510 667 2550 non
693 2495 791 2565 poterit
810 2502 877 2552 :aut

77 2585 156 2639 &um
192 2599 298 2656 negare
324 2586 441 2648 debebit,
469 2601 550 2657 quem
580 2584 677 2638 malum
705 2582 875 2652 existimarit,

76 2681 118 2726 ant
141 2674 250 2729 bonnm
268 2673 372 2742 dicere,
397 2690 476 2745 quern
501 2675 585 2729 Deum
601 2672 788 2742 pronuntiarit.
805 2674 877 2726 Bona

76 2762 157 2832 igitur
180 2764 235 2817 erit
248 2771 276 2816 et
291 2762 417 2818 voluntas
431 2763 501 2832 ejus,
514 2762 623 2834 quinisi
648 2763 743 2829 bonus,
760 2775 814 2815 non
827 2758 877 2814 exit

76 2850 157 2904 Deus.
187 2849 319 2905 Probabit
348 2852 399 2908 ltoc
416 2852 495 2906 etium
510 2851 594 2921 ipsius
609 2851 648 2904 rai
663 2850 780 2914 bonitas,
795 2864 876 2919 quam

78 2939 151 2993 bens
178 2939 278 3003 tolnit3
307 2940 427 3011 martyrii
455 2940 529 2995 dieo:
555 2939 619 3011 quia
647 2941 748 2994 bonam
770 2935 876 2992 nonnisi

665 343 743 404 xov.
762 339 938 403 exesrxcos
956 306 1147 398 suenrueu.

1676 336 1727 398 154

933 468 973 521 tat
986 479 1049 520 eum
1063 462 1223 534 idololatria,
1234 464 1283 519 sed
1297 464 1333 520 de
1347 465 1370 502 99
1386 479 1437 520 sua
1450 464 1534 534 gratia
1547 465 1605 536 (tt)
1615 466 1728 536 ;libcrat

935 553 1006 608 enim
1031 551 1066 606 ab
1094 550 1253 608 idololatria.
1282 552 1359 620 Quod
1386 567 1402 605 a
1431 552 1501 606 malo
1528 552 1636 618 liberat,
1667 553 1730 625 quis

934 657 987 696 non
1014 640 1115 696 bonum
1142 640 1350 711 pronuntiabit?
1365 639 1429 711 quid
1457 640 1529 694 alind
1549 649 1590 696 est
1604 644 1730 700 adversa·

935 732 971 785 tio
999 729 1024 766 99
1052 728 1209 784 idololatriae
1232 741 1310 800 atque
1341 728 1474 799 martyrii,
1517 745 1597 799 quam
1636 732 1729 789 mortis

933 825 959 872 et
974 819 1055 874 vitae?
1069 818 1098 870 ln
1115 825 1216 872 tantum
1231 818 1282 871 vita
1297 817 1424 889 martyrio
1439 818 1620 888 deputabitur,
1637 835 1726 889 qnan-

934 918 990 963 tum
1016 908 1041 945 99
1057 921 1130 961 mors
1145 908 1201 975 (49)
1218 906 1375 961 idololatriae
1393 906 1428 960 99.
1448 906 1531 962 litam
1551 907 1596 976 qni
1625 908 1728 962 malum

933 995 1038 1066 dixerit,
1062 996 1142 1050 habet
1165 1004 1278 1050 mortem
1306 1011 1386 1066 quam
1414 995 1516 1050 benum
1539 995 1619 1051 (licat.
1643 996 1690 1052 Est
1703 1004 1730 1051 et

933 1086 990 1140 lime
1008 1083 1171 1154 perversitas
1192 1075 1343 1150 bominum,
1369 1083 1499 1139 salutaria
1523 1092 1658 1155 excutere,
1675 1083 1731 1141 exi-

932 1171 1000 1228 tiosa
1027 1171 1184 1244 suscipere,
1214 1172 1366 1243 periculosa
1392 1189 1513 1245 quaerere
1548 1175 1597 1241 ⁹¹,
1626 1174 1730 1231 medica

932 1262 1002 1315 male
1038 1260 1137 1324 vitare;
1166 1261 1234 1315 mori
1257 1261 1371 1330 denique
1398 1261 1491 1325 citius,
1521 1278 1603 1333 quam
1635 1263 1726 1319 curari

931 1348 1094 1404 desiderare.
1121 1349 1188 1401 Nam
1215 1358 1241 1402 et
1265 1348 1405 1403 medicinae
1425 1349 1580 1418 praesidium
1599 1351 1691 1420 plures
1702 1351 1728 1389 ⁹²

931 1436 1078 1506 refugiunt:
1109 1436 1202 1506 plures
1229 1435 1300 1490 enim
1329 1436 1355 1474 99
1382 1436 1467 1500 stulti,
1494 1438 1583 1506 plures
1603 1438 1690 1493 timidi
1703 1445 1731 1494 et

931 1525 1000 1578 male
1028 1524 1182 1580 verecundi.
1211 1525 1246 1579 llt
1273 1533 1315 1579 eat
1338 1525 1415 1596 plane
1443 1527 1520 1598 quasi
1545 1528 1650 1582 saevitia
1674 1544 1731 1583 me·

931 1613 1026 1670 dicinae
1053 1617 1088 1680 99,
1113 1616 1147 1670 dc
1169 1616 1306 1685 scalpello,
1324 1616 1412 1685 deque
1423 1616 1554 1684 cauterio,
1572 1616 1606 1672 de
1627 1618 1730 1686 sinapis

931 1703 1055 1760 incendio
1082 1705 1154 1777 (46);
1185 1720 1239 1758 non
1270 1711 1357 1759 tamen
1381 1704 1474 1768 secari,
1503 1713 1530 1760 et
1552 1705 1577 1743 ⁹⁵
1600 1705 1681 1774 inuri,
1703 1713 1731 1760 et

932 1794 1040 1847 extendi
1066 1793 1101 1859 99,
1128 1792 1228 1849 ideirco
1252 1790 1336 1848 182
1348 1791 1533 1862 malum,quia
1547 1792 1655 1848 dolores
1676 1793 1731 1848 uti-

895 1869 972 1946 Bles
987 1880 1066 1937 atlert
1085 1901 1092 1936 :
1110 1896 1159 1936 nec
1185 1881 1251 1952 quia
1275 1879 1458 1935 tantummodo
1482 1880 1631 1949 contristat,
1651 1896 1729 1937 recu·

932 1969 1050 2037 sabitur;
1077 1969 1123 2025 sed
1152 1969 1215 2040 quia
1242 1969 1394 2024 necessario
1419 1968 1573 2033 contristat,
1592 1968 1731 2023 adhibebi-

933 2064 989 2114 tur.
1029 2058 1173 2112 Horrorem
1210 2057 1299 2126 operis
1328 2056 1430 2112 tructus
1458 2063 1579 2113 excuset.
1618 2055 1735 2112 Ululans

932 2144 1048 2215 denique
1076 2146 1132 2209 ille,
1163 2155 1190 2199 et
1217 2161 1338 2219 gemens,
1364 2145 1529 2218 etmugiens
1549 2146 1729 2199 intermanus

931 2235 1038 2306 medici,
1079 2234 1249 2306 postmodum
1282 2234 1391 2289 easdem
1419 2236 1544 2291 mercede
1574 2234 1729 2299 cumulabit,

930 2323 1047 2380 artifices
1071 2324 1185 2395 optimas
1205 2323 1369 2394 praedieabit,
1393 2330 1420 2377 et
1434 2339 1518 2378 saevas
1539 2324 1596 2393 jam
1608 2322 1728 2394 negabit.

931 2414 975 2468 Sic
1004 2422 1031 2468 et
1058 2414 1081 2451 99
1112 2415 1240 2485 martyria
1275 2413 1434 2477 desaeviunt,
1470 2412 1516 2468 sed
1545 2413 1572 2467 in
1599 2411 1728 2477 salutem,

929 2501 1022 2557 licebit
1035 2509 1062 2556 et
1077 2502 1174 2556 Deoia
1189 2502 1268 2557 vitam
1288 2508 1414 2556 aeternam
1429 2516 1477 2571 per
1487 2500 1566 2572 ignes
1579 2507 1606 2555 et
1624 2498 1731 2570 gladios

929 2600 956 2647 et
970 2593 1069 2647 acerba
1090 2607 1205 2662 quaeque
1229 2606 1332 2647 curare.
1349 2591 1402 2646 Sed
1422 2590 1553 2646 medicum
1577 2589 1687 2662 quidem
1701 2590 1726 2628 99

930 2681 1071 2735 miraberis
1098 2679 1179 2735 etiarn
1200 2678 1228 2734 in
1253 2680 1307 2746 ille,
1321 2680 1394 2750 quod
1414 2679 1498 2735 lerme
1515 2695 1592 2754 pares
1615 2679 1726 2734 adhibet

928 2768 1074 2838 qualitates
1100 2767 1265 2823 medelarum
1290 2768 1419 2823 adversus
1450 2766 1591 2839 qualitates
1625 2781 1726 2838 quere·

930 2858 1031 2913 larum:
1062 2872 1122 2911 eum
1151 2858 1225 2927 quasi
1249 2856 1282 2910 de
1306 2871 1431 2925 perverse
1454 2856 1607 2925 auxiliatur,
1623 2871 1672 2925 per
1698 2870 1731 2910 ea

930 2944 1092 2999 subveniens
1128 2960 1176 3014 per
1213 2960 1273 3015 quae
1310 2945 1456 3000 laboratur.
1483 2945 1551 2999 Nam
1581 2955 1607 2998 et
1627 2946 1731 3001 calores

83 3025 170 3080 bonus
192 3027 328 3085 voluitffi.
345 3028 447 3083 Bonum
467 3030 602 3084 cont-mdo
628 3027 788 3098 martyrium
805 3026 877 3097 apud
892 3040 914 3119 c
929 3032 1064 3087 caloribus
1089 3032 1206 3102 amplius
1233 3033 1371 3088 onerando
1398 3033 1555 3103 compescit,
1577 3042 1604 3088 el
1619 3033 1731 3092 urtlores

84 3115 214 3168 eumdem
244 3114 333 3184 Deum,
357 3133 373 3172 a
396 3134 451 3188 quo
473 3118 533 3171 8iet
547 3117 705 3188 prohibetur
726 3127 752 3170 et
769 3114 877 3183 punitur
931 3120 974 3174 siti
990 3122 1078 3191 potius
1092 3120 1252 3173 macerando
1274 3120 1414 3188 restinguit
1429 3122 1463 3185 99,
1479 3130 1506 3174 et
1521 3120 1729 3178 lellisexeessus

80 3198 244 3255 idololatria.
275 3203 406 3259 Obnititur
434 3204 503 3259 enim
526 3217 552 3261 et
579 3205 736 3260 adversatur
765 3203 877 3259 idolola-

74 3289 137 3342 triae
163 3291 330 3360 martirium.
355 3293 423 3347 llalo
444 3303 530 3347 autem
558 3292 643 3348 obniti
662 3302 688 3348 et
702 3293 835 3379 adversari
851 3291 876 3330 ⁸⁵

68 3377 119 3430 nisi
151 3382 256 3431 bonum
281 3395 337 3434 non
367 3389 462 3449 petest.
490 3382 550 3437 Non
572 3380 650 3452 quasi
666 3396 799 3454 negemus
815 3396 875 3436 esse

68 3464 286 3531 aemulationem,
317 3479 370 3522 tam
394 3469 524 3525 malorum
541 3469 611 3525 inter
624 3485 663 3537 se,
678 3485 760 3540 quam
775 3477 802 3523 rt
822 3470 874 3523 bo-

67 3570 177 3609 norum.
203 3557 261 3612 Sed
285 3558 337 3612 alia
362 3558 480 3614 conditio
504 3570 545 3615 est
565 3560 645 3630 hujus
668 3559 748 3615 tituli.
774 3561 875 3629 llarty-

72 3643 139 3697 rium
171 3645 245 3700 enini
272 3663 328 3703 non
356 3647 390 3704 de
417 3649 553 3703 communi
568 3649 659 3720 aliqua
677 3649 766 3704 militia
781 3650 806 3687 99
820 3663 877 3704 eea·

929 3210 1027 3263 antaris
1051 3207 1203 3279 quibusque
1227 3206 1389 3275 potiunculis
1419 3208 1427 3243 ¹
1452 3208 1554 3278 colligit
1577 3209 1598 3272 9,
1615 3217 1641 3262 et
1668 3227 1731 3264 san-

929 3297 1019 3369 guinis
1042 3297 1130 3352 lluxus
1153 3295 1249 3350 delusa
1264 3297 1375 3365 insuper
1389 3295 1487 3349 venula
1507 3305 1625 3350 revocat.
1641 3297 1729 3353 Deum

929 3401 1002 3453 xero,
1019 3397 1046 3440 et
1071 3384 1180 3456 quidem
1205 3382 1328 3449 zelotem,
1358 3383 1521 3454 culpandum
1553 3382 1729 3453 existimabis,

930 3474 952 3527 si
981 3473 1063 3528 voluit
1091 3481 1208 3529 certasse
1235 3489 1295 3527 eum
1319 3488 1411 3536 eausa,
1429 3472 1575 3542 ctinjuriae
1594 3472 1727 3528 aemulan-

928 3563 964 3616 do
981 3563 1119 3629 prodesse,
1146 3571 1259 3615 morteto
1283 3570 1369 3616 merto
1394 3561 1553 3626 dissolvere,
1570 3561 1731 3618 occisionem

929 3650 1065 3705 occisione
1096 3649 1263 3721 dispargere,
1292 3649 1432 3704 tormentis
1453 3656 1586 3705 tormenta
1609 3651 1730 3707 discute·
1796 3720 1804 3729 „

768 3782 862 3845 Variae
876 3787 1030 3848 lectiones.

112 3909 290 3979 ⁷''Quomodo
302 3915 390 3971 litteo.
400 3915 483 3972 Sernl.
499 3915 609 3971 Obertb.
618 3917 697 3970 Pota.
708 3930 761 3983 quo
778 3916 858 3969 modo
872 3917 938 3974 lun.
949 3918 975 3954 99
984 3916 1011 3971 Si
1028 3917 1080 3972 illis
1091 3916 1178 3972 libert.
1191 3919 1270 3972 Pom.
1288 3917 1374 3973 Seml.
1389 3915 1497 3972 oberth.
1509 3916 1560 3972 nisi
1572 3916 1624 3972 illis
1640 3919 1730 3972 Latio.

74 3981 98 4017 ²³¹
113 3983 171 4037 Nec
187 3986 281 4040 lutire.
297 3986 323 4022 99
337 3985 403 4056 Quis
414 3988 492 4040 Pom.
511 3986 595 4042 litteo.
611 3987 695 4043 Semi.
710 3986 820 4043 Obertb.
832 3987 968 4040 83Bonum
980 4004 1033 4041 non
1049 3988 1200 4041 nisibenus
1215 3987 1308 4050 voluit,
1325 3989 1384 4042 clii.
1394 3988 1418 4024 99
1430 3988 1526 4057 Etubj.
1544 3989 1631 4043 libert.
1645 3988 1730 4044 Semi.

79 4053 188 4109 merto.
204 4056 229 4093 99
244 4056 387 4111 Observari
403 4061 487 4113 Frart.
503 4058 528 4094 99
543 4057 634 4111 Militia
649 4061 728 4113 Pom.
746 4057 830 4114 libem.
849 4058 933 4114 Semi.
952 4059 1060 4113 ilberti.
1076 4057 1100 4094 99
1118 4059 1182 4111 Cum
1201 4059 1294 4113 Vocet.
1310 4060 1394 4114 Srml.
1417 4058 1442 4093 99
1456 4058 1615 4113 adversario
1641 4059 1730 4113 libera.

79 4126 162 4180 Semi.
182 4128 273 4182 l'ettet.
289 4128 315 4165 99
330 4129 358 4181 ln
372 4138 501 4200 quantum
515 4131 606 4184 Latin.
623 4130 648 4166 99
662 4129 798 4197 Quatttum
811 4128 888 4183 :ttorti
904 4128 1055 4183 idololatria
1071 4131 1157 4184 liberi.
1176 4131 1254 4183 l'uut.
1274 4131 1364 4184 l'ettet.
1383 4131 1467 4185 Semi.
1482 4129 1592 4185 Obertb.
1613 4128 1636 4165 99
1648 4128 1734 4195 Quae·

76 4212 129 4263 que
144 4200 229 4252 Semi.
247 4199 272 4235 99
285 4197 448 4267 Quiinterit
461 4200 543 4255 Scrol.
559 4200 584 4237 99
600 4200 676 4254 Enim
692 4200 747 4268 obj.
764 4202 848 4255 Semi.
865 4200 890 4238 99
904 4201 1030 4254 lletlteiua
1051 4202 1135 4256 Semi.
1152 4201 1176 4236 ⁸⁵
1187 4201 1311 4269 Etoljt'e.
1329 4202 1412 4256 Serui.
1428 4201 1453 4237 99
1468 4200 1637 4267 ilerderique
1663 4199 1728 4255 eald.

79 4268 165 4343 laben.
189 4271 270 4323 Poto.
296 4272 380 4327 Semi.
405 4271 513 4327 Obertb.
525 4269 549 4306 99
565 4272 597 4324 Et
611 4273 632 4325 si
649 4272 765 4328 semite
774 4271 888 4342 Quoque
900 4272 985 4329 Serxtl.
1002 4269 1026 4308 99
1039 4271 1186 4342 ltcstringit
1197 4271 1284 4327 llltett.
1301 4272 1380 4328 Puto.
1394 4273 1479 4328 Semi.
1505 4270 1615 4327 oberat.
1639 4271 1648 4307 ¹
1678 4272 1731 4325 Po-

78 4339 200 4393 uotxibus
210 4341 298 4397 libert.
308 4344 388 4397 Pom.
407 4342 491 4399 Serttl.
509 4342 618 4399 Obertlt.
635 4342 646 4379 9
665 4341 782 4413 corrigit
796 4344 890 4397 botin.

759 4465 1008 4545 Commentvins.

96 4599 915 4692 ⁴tlt)llartyrt'umertt‘mraondeeomrnuttialiquooti·n
1045 4675 1048 4679 ,
1228 4668 1233 4676 Ι
1351 4665 1378 4676 Η
1604 4667 1608 4676 “

80 4673 144 4725 tatio
157 4676 250 4727 certat
261 4688 327 4726 cunt
338 4672 570 4737 idololatrio,sad
581 4688 647 4726 ott-m
661 4688 714 4726 sexo
728 4671 832 4740 pratia.
847 4669 875 4724 ln
934 4671 986 4724 Sed
1015 4671 1095 4724 altam
1123 4684 1181 4724 esse
1210 4675 1247 4721 att
1279 4671 1460 4722 conditionem
1492 4682 1624 4723 sermonis
1652 4683 1733 4733 quem

79 4743 227 4812 exemplari
259 4743 366 4813 legitur.
392 4745 516 4804 molitio,
542 4744 604 4797 xlexn
628 4759 691 4799 vero
719 4741 879 4822 invulgatts

79 4812 252 4874 editionibus,
269 4814 363 4870 certate
377 4830 431 4869 situ
445 4816 558 4884 protim-
575 4816 666 4884 itaque
682 4813 879 4869 entendattouis

81 4896 182 4952 partem
197 4884 357 4940 debebimus
370 4886 487 4955 antiquis
511 4885 564 4938 illis
589 4885 727 4955 Agebardi
741 4888 878 4938 nletttbt'a·

80 4955 129 5012 nis.
160 4964 265 5026 partem
287 4955 363 5009 libris
383 4956 506 5024 vulgatis.
532 4957 577 5011 Sic
592 4957 663 5010 enim
691 4954 799 5010 etsi-tet
815 4970 879 5009 vera

78 5024 156 5080 lectio
185 5026 208 5078 si
232 5025 366 5098 legimus:
398 5044 410 5080 x
427 5027 583 5097 lilartyrium
607 5029 678 5081 enim
694 5043 748 5079 non
761 5028 793 5078 de
807 5042 881 5080 eom·

78 5097 152 5151 muni
167 5098 259 5166 aliqua
284 5097 379 5153 militia
398 5106 481 5152 certat
507 5115 568 5152 eum
591 5099 754 5159 idololatria,
775 5098 821 5151 sed
845 5100 879 5152 tle

79 5185 126 5221 sua
140 5167 250 5239 gratias
269 5168 365 5223 liberat
387 5168 457 5222 enim
477 5171 512 5224 ab
527 5169 687 5224 idololatria.
714 5168 787 5221 »itit
807 5169 879 5222 Ter·

79 5239 218 5304 tullianus,
236 5241 394 5311 martyrium
409 5256 469 5295 esse
485 5241 595 5307 bonum,
616 5240 681 5312 quia
705 5240 788 5305 male,
806 5240 880 5311 quod

78 5320 119 5365 est
147 5310 326 5376 idololatria,
354 5313 525 5381 adversatur,
554 5326 604 5365 nec
644 5312 781 5367 adversari
810 5311 880 5365 malo

81 5384 174 5449 possit,
201 5382 252 5436 nisi
278 5382 391 5438 benum.
406 5383 466 5437 Non
482 5383 560 5455 quasi
571 5392 650 5455 neget
666 5382 880 5438 adversationem

80 5468 127 5506 seu
155 5469 277 5526 pugnarn
300 5454 562 5526 aemu'ationentque
588 5470 648 5509 esse
678 5456 807 5510 vitiorum
831 5471 880 5509 seu

82 5525 213 5580 malorum
242 5525 313 5582 iuter
340 5541 385 5582 se:
407 5527 507 5599 quippe
543 5526 677 5580 interdurn
713 5525 878 5595 experimur,

81 5597 254 5665 rapacitatem
284 5606 387 5653 certare
415 5613 477 5653 curn
507 5596 673 5662 erudelitate,
707 5599 802 5673 gulam
817 5613 879 5653 cum

931 4598 1054 4658 libidine.
1077 4615 1139 4653 num
1166 4605 1230 4652 tunc
1258 4596 1381 4666 utrmque
1404 4604 1466 4651 sunt
1499 4597 1568 4651 mala
1598 4607 1624 4650 et
1656 4597 1731 4652 vitia.

935 4741 1049 4794 instituit
1075 4743 1108 4795 de
1135 4741 1282 4795 certamine
1320 4738 1441 4808 martyrii
1479 4754 1538 4792 eum
1569 4736 1730 4808 idololatria.

933 4812 1037 4866 Etenim
1063 4812 1223 4882 martyrium
1240 4827 1294 4865 nen
1320 4818 1423 4865 certare
1447 4825 1508 4865 cum
1532 4807 1682 4863 idololatria
1697 4810 1731 4864 de

933 4882 1066 4937 communi
1096 4882 1186 4950 alitque
1209 4882 1320 4948 malitia,
1351 4884 1426 4952 quasi
1454 4892 1526 4938 essct
1545 4889 1682 4936 certamen
1695 4881 1732 4935 in·

934 4961 973 5007 ter
997 4954 1052 5009 tluo
1085 4953 1164 5020 atala,
1194 4963 1281 5007 utrum
1298 4955 1332 5007 sit
1348 4955 1490 5021 potentius,
1507 4954 1561 5009 imo
1581 4962 1682 5008 certare
1698 4955 1732 5007 de

934 5042 981 5078 sua
1009 5025 1104 5095 gratia,
1123 5025 1156 5078 de
1188 5040 1236 5079 suo
1264 5025 1347 5090 bono,
1369 5025 1441 5096 quod
1464 5028 1497 5081 ab
1523 5025 1679 5082 idololatria*
1699 5025 1733 5078 li-

934 5098 1019 5151 lterat.
1036 5099 1099 5151 litu.

969 5170 1026 5236 (45)
1046 5170 1190 5236 Quantum
1204 5170 1292 5222 extorti
1307 5167 1480 5222 idololotria.
1497 5169 1542 5224 Sic
1556 5177 1597 5222 est
1612 5166 1638 5221 in
1664 5167 1732 5221 libro

935 5240 1086 5310 Agebardi;
1103 5248 1130 5293 at
1148 5241 1173 5292 in
1190 5240 1256 5294 libro
1269 5237 1371 5304 Ursini,
1390 5257 1401 5287 t
1421 5238 1556 5303 Quantum
1571 5255 1643 5295 mors
1670 5238 1731 5293 irle·

936 5312 1057 5366 lolattiae.
1079 5333 1089 5361 t
1112 5311 1174 5366 lite.

970 5383 1027 5451 (te)
1041 5386 1079 5439 De
1092 5384 1201 5465 sinapis
1217 5381 1356 5437 incendio.
1374 5381 1540 5436 Describitur
1554 5396 1568 5432 a
1585 5377 1668 5455 Plinio
1691 5375 1732 5429 si-

935 5454 1011 5518 napis
1025 5454 1098 5527 ignei
1122 5454 1245 5517 allectus,
1272 5451 1480 5509 saluberrimum
1505 5449 1620 5518 corpori.
1638 5445 1732 5503 Etdon

934 5525 1060 5580 tribuitur
1074 5525 1115 5579 xis
1126 5525 1242 5580 caustica
1258 5532 1283 5580 et
1298 5523 1390 5595 urigo·
1403 5523 1466 5578 lite.
