3840 6134
130 311 182 372 609
475 303 695 374 ’114111111114111
714 307 848 370 01511014
866 307 949 370 utus
971 307 1004 368 11.
1025 326 1061 348 ·-
1079 302 1193 366 statas
1213 305 1232 370 1,
1255 302 1430 363 1041411101..
1722 302 1777 363 700

130 438 197 493 14414
228 452 261 492 ex
275 449 391 506 operum
420 434 579 492 corumdem
603 434 757 492 diuersitate
780 436 923 510 signatur,
940 450 964 531 Α
979 434 1058 501 forte,
1084 431 1194 505 44444144
1217 445 1282 488 vero
1306 429 1420 499 visible;
1444 429 1484 487 sic
1504 429 1638 496 loannes,
1664 429 1693 486 in
1716 429 1776 501 spi-

129 531 159 580 ut
172 523 225 578 sint
239 529 294 578 tam
306 520 423 580 discreta
445 539 526 594 quam
549 523 634 594 paria,
652 530 706 579 444
733 523 820 581 44444
847 541 926 598 quam
980 522 1031 578 ritu
1047 519 1206 590 1144144444,
1228 520 1333 576 animas
1356 526 1503 592 martyrum
1525 517 1657 589 conspicit
1675 519 1774 593 (Aput.

129 618 158 670 41
172 610 278 668 aemula.
293 609 432 682 Siquidem
446 618 473 666 et
500 611 553 683 ipsi
577 610 731 685 philosophi
754 628 787 668 ex
814 624 926 672 contra·
980 612 1018 683 vi,
1034 610 1089 681 40).

128 700 176 756 4114
191 699 316 758 universa
341 707 468 756 constare
496 699 649 766 condicunt,
680 701 827 759 secundum
856 703 928 760 ami·
1290 695 1464 753 0141111111.

129 789 219 848 citiam
234 796 261 844 et
275 787 443 845 inimicitiam
455 788 629 860 Empedoclis
642 789 712 861 (44).
724 790 859 863 sicigitur
873 792 926 850 etsi
1016 789 1085 845 Cum
1094 786 1191 844 animae
1204 801 1302 857 corpus
1308 786 1455 842 asserimus
1464 786 1521 858 (41)
1537 786 1651 858 propriae
1666 786 1779 859 quatita·

129 875 214 937 05⁸
246 876 396 950 corporalia
434 875 651 948 incorporalibus
691 878 826 951 objacent,
869 881 928 952 ipsa
980 878 1017 936 144
1029 874 1117 936 aba
1131 884 1158 932 at
1171 876 1212 934 sui
1226 876 1333 949 generis
1347 875 1414 948 (444),
1428 877 1485 946 jam
1499 876 1557 931 haec
1570 876 1689 934 conditio
1711 893 1779 949 pro-

129 982 238 1040 quoque
264 968 336 1024 inter
362 983 390 1022 se
418 966 557 1034 differunt,
588 974 617 1023 ut
641 965 791 1025 differentia
825 971 929 1043 species
983 966 1103 1041 prietatis
1126 966 1160 1021 de
1182 965 1289 1022 caeteria
1311 964 1494 1022 accidentibus
1513 966 1690 1037 corpulentia
1708 982 1780 1039 4444-

128 1070 221 1112 44444
248 1055 366 1128 4441444,
398 1070 452 1112 444
480 1072 568 1128 genus
595 1063 701 1113 mutet:
732 1067 761 1113 ut
788 1058 842 1114 sint
868 1074 930 1117 cor·
982 1053 1113 1123 judicavit
1141 1055 1207 1123 (40).
1241 1062 1288 1111 444
1315 1054 1373 1109 haec
1398 1054 1494 1110 adesse
1522 1052 1548 1110 ei
1574 1070 1655 1126 quam
1679 1069 1780 1129 444444

130 1143 242 1216 4444114,
273 1145 313 1202 444
339 1145 423 1201 44114
448 1143 476 1199 44
502 1143 553 1201 041
581 1143 695 1218 gloriam
710 1147 746 1218 ³¹,
759 1147 823 1205 dum
837 1149 929 1221 varim
983 1143 1151 1200 ostendimus
1165 1143 1199 1210 31,
1216 1142 1263 1200 444
1284 1151 1311 1199 44
1332 1143 1391 1213 ipsa
1405 1142 1447 1198 sui
1460 1145 1578 1214 generis,
1592 1159 1643 1216 pro
1658 1144 1779 1215 corporis

129 1234 269 1301 aicvaria,
294 1233 360 1293 dam
385 1235 514 1304 diuersa3
537 1233 600 1292 dum
629 1235 671 1291 his
699 1235 744 1292 4114
771 1237 931 1310 qualitatum
983 1232 1165 1304 proprietate:
1190 1240 1236 1289 004
1259 1233 1309 1288 01οἱ
1325 1246 1378 1288 000
1393 1231 1491 1298 000ἰο1,
1514 1233 1567 1290 l¹⁰0
1581 1248 1641 1290 ⁰⁵⁸0
1654 1233 1781 1305 0100110·

129 1339 235 1397 sensus,
251 1322 383 1396 avitinis,
399 1324 464 1380 dum
488 1323 531 1379 his
553 1323 606 1379 aiia
624 1323 764 1391 alimenta,
784 1326 837 1382 4144
861 1327 929 1398 11144;
984 1320 1058 1392 falls,
1082 1336 1137 1376 000
1159 1320 1255 1376 adesse
1277 1320 1385 1391 corpori
1407 1320 1515 1387 0010110,
1537 1337 1599 1392 000
1620 1321 1784 1394 corporibus

129 1413 194 1467 dum
209 1414 268 1469 haec
281 1412 436 1484 invisibilia,
453 1412 500 1468 illa
514 1412 646 1483 visibilia:
662 1414 728 1470 dum
743 1415 801 1471 haec
827 1417 929 1489 gravia,
984 1408 1088 1466 0010τὶ4
1101 1408 1201 1465 adsint·
1216 1410 1249 1466 Et
1264 1417 1422 1465 tamennon
1445 1410 1627 1466 inconstanter
1641 1409 1781 1481 444144441-

129 1500 175 1558 4114
190 1500 268 1558 leuia.
284 1501 453 1560 1144414444
470 1501 611 1560 etidcirco
630 1501 750 1557 444444
765 1502 931 1577 incorpora.
984 1514 1054 1564 mur,
1071 1496 1235 1554 001001010Γο
1249 1512 1373 1570 (4000000,
1389 1506 1417 1555 el
1438 1497 1593 1554 001οῑ0000
1609 1499 1781 1555 000110000-

128 1589 182 1648 lem
196 1590 414 1661 renuntiandam,
429 1589 504 1661 quia,
519 1589 643 1665 digressa
656 1604 699 1656 44,
718 1589 843 1663 grauiora
866 1589 929 1647 4114-
985 1585 1123 1657 palentiae,
1139 1586 1235 1644 adesse
1249 1587 1346 1642 anima
1359 1602 1479 1659 qaoque,
1490 1587 1664 1654 414444444,
1680 1595 1711 1643 ut
1729 1597 1781 1646 144-

128 1680 233 1738 4144144
260 1694 375 1751 corpora
407 1676 606 1746 defunctorum,
641 1692 700 1734 curu
725 1677 828 1734 leviora
869 1695 929 1737 esse
984 1675 1098 1742 minum,
1114 1675 1224 1732 utillud
1239 1674 1370 1733 trifariam
1392 1675 1566 1734 distantivum
1584 1677 1619 1748 ³⁵,
1633 1676 1782 1752 longitudi-

129 1769 268 1835 deberent,
286 1768 367 1823 unius
381 1764 502 1840 corporis
524 1765 646 1837 pondere
668 1775 804 1837 exempto,
824 1767 849 1825 si
870 1769 930 1826 ani-
946 1735 969 1813 0
985 1781 1047 1821 444
1071 1764 1142 1832 4144,
1158 1764 1377 1832 4114411441444,
1402 1774 1430 1822 41
1454 1765 1663 1838 sublimitatem,
1684 1766 1783 1838 quibus

128 1872 172 1912 ma
198 1871 308 1927 corpus.
337 1853 410 1924 Quid
438 1854 521 1924 4444,
550 1853 636 1928 inquit
660 1853 829 1924 Soranus,si
858 1875 933 1917 mare
986 1861 1123 1910 momatur
1133 1868 1245 1924 corpora
1255 1853 1420 1927 philosophi.
1435 1853 1506 1923 Quid
1520 1853 1786 1926 44444444414114·

129 1952 231 2017 negent
244 1957 354 2013 corpus,
368 1944 433 2014 quia
454 1951 529 1999 extra
544 1959 618 2001 mare
646 1945 792 2004 immobilis
810 1955 838 2005 41
866 1965 932 2022 gra·
986 1943 1059 2018 giem
1074 1943 1171 1999 anima
1185 1944 1281 1999 damus
1295 1943 1362 2016 (50),
1378 1944 1488 2000 Platona
1503 1944 1614 2001 nolente
1628 1943 1696 2016 (51),
1707 1944 1786 2016 quasi

126 2032 168 2091 via
198 2030 273 2088 navis
295 2030 439 2088 eflicitur?
454 2030 562 2103 Quanto
590 2047 658 2107 ergo
686 2035 805 2093 validius
833 2038 933 2111 corpus
986 2032 1153 2104 periclitetur
1166 2032 1200 2089 da
1213 2033 1309 2090 animae
1323 2032 1643 2090 immortalitate‘tOmne
1656 2033 1732 2091 enim
1744 2032 1786 2090 41-

129 2119 237 2184 animae,
257 2118 331 2190 qaod
352 2119 418 2176 tanti
430 2129 524 2193 postea
538 2121 667 2193 ponderis
681 2138 780 2195 corpus
794 2126 932 2184 levissima
986 2121 1108 2198 flgitium
1129 2123 1309 2194 compositum
1333 2129 1361 2178 01
1384 2121 1505 2179 structile
1527 2120 1667 2180 adfirmat:
1692 2120 1784 2177 (0400·

129 2206 276 2265 mobilitate
300 2207 483 2266 circumfert?
510 2211 644 2268 (iaeteram
668 2222 711 2269 est
739 2212 764 2252 ³²
790 2213 933 2274 invisibilis
985 2209 1071 2267 lubilc
1084 2217 1183 2274 autem.
1205 2225 1285 2267 omne
1307 2210 1518 2280 composititium
1532 2217 1560 2268 44
1577 2209 1717 2267 structile:
1734 2208 1783 2265 sed

128 2295 227 2364 anima,
253 2302 341 2367 41444
356 2297 510 2354 conditione
528 2301 650 2370 corporis
676 2301 728 2367 sui,
749 2309 777 2356 et
796 2317 844 2373 pro
864 2319 932 2374 pru·
985 2296 1100 2353 animam
1122 2297 1322 2354 immortalem:
1337 2298 1424 2374 igitur
1442 2298 1783 2373 indissolubilemquairn-

130 2385 242 2457 44441444
270 2385 436 2456 substantias,
460 2393 488 2443 at
520 2401 570 2457 pro
604 2395 699 2443 natura
723 2388 804 2445 ctiam
838 2405 931 2445 eorum
986 2386 1135 2453 mortalem,
1164 2395 1192 2443 ct
1216 2385 1406 2460 ineffigiatam,
1432 2403 1485 2459 qua
1508 2387 1533 2427 ³⁶
1556 2387 1782 2445 indissolubilem.

130 2473 231 2548 quibas
245 2473 389 2532 invisibilis
416 2489 476 2531 essa
500 2475 595 2532 sortita
622 2484 673 2531 cst.
702 2477 791 2535 Solem
821 2489 932 2537 noctua
985 2475 1351 2547 Caeterumacomposititiam
1365 2483 1392 2531 ct
1406 2475 1565 2545 structilem,
1580 2476 1602 2531 si
1616 2475 1783 2550 effigiatam3

130 2562 361 2630 nesciuntccnli;
390 2563 489 2636 aquilae
516 2563 554 2619 444
575 2567 720 2634 444144444,
750 2576 779 2622 44
807 2575 932 2625 natorum
985 2573 1112 2634 tanquam
1135 2563 1188 2621 alio
1213 2579 1273 2620 eam
1301 2563 1382 2621 modo
1406 2563 1531 2637 effigians
1557 2562 1784 2620 intellectualibus

132 2668 243 2710 444444
257 2651 463 2724 generositatem
478 2652 511 2707 44
538 2653 701 2725 4444114444
717 2654 829 2712 audacia
853 2656 931 2727 judi·
986 2651 1090 2719 formis,
1107 2653 1246 2725 pulchram
1259 2653 1362 2724 iustitia
1377 2661 1404 2710 et
1424 2652 1574 2725 disciplinis
1589 2652 1782 2724 philosophias,

130 2750 209 2799 cent:
230 2739 332 2812 alioqui
346 2755 403 2795 nou
425 2740 586 2808 educabunt,
601 2749 631 2798 ut
654 2742 828 2816 degenerem,
848 2762 931 2816 quarn
984 2743 1130 2801 deformem
1155 2760 1219 2801 vero
1243 2744 1387 2802 contrariis
1410 2745 1522 2802 artibus.
1548 2743 1601 2801 Sed
1621 2758 1672 2799 444
1687 2758 1784 2814 corpo·

132 2830 199 2888 44114
213 2829 305 2886 444444
325 2829 465 2886 averterit.
493 2829 542 2886 Est
559 2829 628 2888 4444
642 2831 719 2888 411441
743 2832 809 2905 quid
835 2833 931 2893 invisi·
986 2833 1057 2889 44144
1084 2848 1193 2906 quoque
1217 2832 1255 2889 illi
1282 2832 1456 2890 inscribimus
1477 2833 1581 2904 lineas,
1601 2847 1657 2889 non
1680 2839 1808 2893 tantuna.

132 2919 196 2986 bile,
223 2917 299 2978 alteri
320 2931 385 2985 non,
415 2917 486 2990 qnod
511 2933 564 2974 nou
597 2918 660 2978 ideo
687 2920 859 2993 incorporale
886 2924 930 2991 sit,
986 2938 1020 2977 ex
1039 2920 1138 2979 fiducia
1159 2921 1356 2994 corporalitatis
1376 2938 1423 2992 per
1446 2920 1663 2990 estimationem,
1688 2935 1786 2978 varum

131 3006 198 3079 quic
223 3021 279 3064 non
306 3022 339 3063 cx
360 3021 440 3078 aquo
467 3006 509 3063 vis
535 3007 561 3047 ³³
587 3008 668 3064 valet.
696 3010 742 3066 Sol
772 3010 844 3069 enim
873 3027 933 3069 cor-
987 2998 1785 3083 4144444044144444114(54)444444414414444.1144

133 3111 194 3167 444,
216 3092 351 3167 siquidem
371 3094 460 3167 ignis;
475 3094 524 3152 sed
545 3095 621 3169 qnod
648 3097 737 3171 aquila
762 3077 1051 3172 4444144444,04444
1080 3099 1210 3173 spiritalia
1239 3097 1401 3155 charismata
1429 3098 1600 3175 agnoscimus
1625 3096 1694 3170 (53),
1724 3101 1788 3171 4444

133 3191 214 3257 nogat
248 3192 443 3255 444144;444
474 3192 563 3242 tamen
600 3187 782 3258 prejudicans
810 3189 933 3260 aquilae:
988 3190 1119 3244 loannem
1143 3202 1253 3260 quoque
1277 3187 1446 3259 prophetiam
1470 3186 1620 3244 meruimus
1643 3185 1786 3260 consequi.

133 3272 299 3330 tantumdem
325 3279 352 3328 et
379 3273 476 3331 animae
504 3288 604 3346 corpus
640 3274 779 3333 invisibila
803 3277 879 3333 carni
911 3292 926 3332 s
989 3278 1037 3332 Est
1057 3275 1140 3333 hodie
1160 3291 1238 3335 soror
1262 3277 1333 3349 apud
1354 3291 1404 3333 nos
1425 3277 1481 3347 (54)
1502 3275 1695 3333 revelationum
1718 3276 1786 3331 cha-

821 3373 918 3437 Variae
939 3378 1093 3438 lectiones.

168 3451 191 3490 ³¹
205 3449 235 3506 ln
250 3450 298 3506 Dei
312 3450 399 3520 gloria
408 3450 496 3509 1144444.
520 3450 871 3512 3151444444441441441114444.
888 3454 973 3512 Semi.
991 3452 1103 3511 obertu.
1117 3455 1182 3512 tan.
1206 3454 1316 3510 mauult
1331 3452 1389 3509 Etsi
1406 3452 1547 3508 invisibilis
1566 3452 1656 3506 anima
1672 3457 1717 3508 :at
1756 3465 1787 3506 44

134 3523 304 3579 conditione.
312 3521 338 3562 ³³
347 3521 428 3579 Visus
452 3522 519 3578 luc.
535 3520 631 3592 ³⁴Qua
644 3537 744 3594 corpus
758 3525 933 3582 4444444444
952 3524 1037 3583 111444.
1047 3527 1126 3582 Pam.
1142 3528 1171 3580 et
1187 3526 1249 3580 clii.
1265 3525 1290 3563 ³⁵
1305 3523 1489 3580 Distentiuum
1513 3526 1539 3581 V.
1558 3525 1586 3582 C.
1607 3525 1709 3581 Woaw.
1744 3521 1785 3578 is-

135 3593 272 3651 44444444
285 3594 330 3651 444
337 3591 510 3650 distantivum
517 3595 578 3650 Lat.
590 3593 744 3650 distantium
758 3593 968 3668 longitudinem,
985 3595 1156 3653 latitudinem
1170 3603 1198 3652 ct
1215 3595 1404 3651 sublimitatem
1423 3596 1487 3654 dod.
1508 3593 1642 3667 Aqoburd.
1657 3593 1683 3633 ³⁶
1698 3591 1786 3662 Quam

134 3662 314 3721 immortalem
328 3679 457 3737 -quum
470 3661 685 3723 indissolubilem
698 3665 788 3725 41444.
803 3670 833 3723 44
851 3668 914 3724 aiii.

169 3837 230 3910 (44)
243 3837 405 3896 Secundum
418 3839 581 3895 amicitiant
595 3843 624 3896 et
636 3842 820 3899 inimicitiam
834 3762 1103 3917 0404ῗέ8ῃο00οξ44
1117 3841 1164 3898 lib.
1180 3858 1218 3900 u:
1238 3861 1251 3894 a
1266 3841 1390 3898 Hominis
1404 3841 1538 3916 figuram;
1558 3862 1571 3894 4
1586 3850 1622 3913 44,
1640 3861 1654 3894 c
1670 3834 1788 3899 0144444-

135 3909 232 3966 444144.
242 3906 412 3980 Empedoclis
422 3924 515 3964 versus
529 3909 580 3964 hac
593 3910 628 3966 de
638 3927 668 3967 re
683 3912 722 3967 sic
737 3914 835 3972 habent
850 3932 857 3968 :

134 3979 243 4075 :hiteta
257 3978 290 4072 ef<
304 3979 416 4105 {titania
429 3981 585 4071 mrrpgtpts'
603 3979 635 4041 εἰς
648 3983 785 4049 isaacum,

148 4051 240 4104 Αλλοτε
254 4051 268 4103 δ
289 4069 305 4102 α
332 4050 376 4124 atq
392 4051 485 4105 ἕκαστα
497 4070 632 4125 4444444444
645 4053 735 4115 νείκεος
749 4054 828 4128 ἔχθει,

791 4126 857 4183 1144.

985 3923 1068 3971 14444
1081 3914 1204 3984 corporis
1217 3914 1245 3968 in
1265 3929 1319 3986 quo
1333 3915 1487 3986 adaptatur.
1505 3934 1516 3965 4
1532 3915 1599 3970 Lan.

1019 3985 1061 4057 (1)
1074 3987 1192 4044 Platone
1206 3985 1330 4042 44144444.
1347 3986 1467 4042 Platonis
1479 3986 1561 4040 verba
1580 3985 1644 4040 citat
1657 3983 1786 4040 Clemens

964 4056 1060 4127 4144.
1083 4056 1129 4112 lib.
1153 4058 1307 4114 4814444.
1333 4056 1405 4112 Plato
1426 4057 1455 4110 iu
1475 4057 1615 4114 Phaedone
1636 4053 1699 4111 fccit
1723 4055 1784 4108 ani·

983 4143 1056 4183 mam
1082 4136 1222 4198 expertem
1248 4128 1332 4184 totius
1367 4126 1463 4200 figurae
1490 4137 1517 4182 at
1543 4126 1665 4184 coloris:
1696 4140 1786 4197 nequa

170 4193 227 4267 (47)
240 4194 702 4267 Cumanimoecorpusasserimns.
719 4196 760 4251 144
775 4197 932 4270 praecedcn·
984 4198 1057 4255 enirn
1083 4215 1145 4256 cum
1172 4197 1263 4271 effigia
1294 4205 1418 4255 constare
1444 4206 1549 4270 poterat
1576 4197 1786 4267 incorporalitas

135 4264 202 4322 tium
215 4265 334 4336 capitum
348 4265 464 4320 absurda
487 4266 673 4337 suppositione
691 4267 725 4324 de
742 4269 930 4340 corporalitate
983 4271 1104 4396 animae,J
1126 4287 1213 4343 neque
1239 4286 1300 4325 cum
1327 4267 1547 4339 incorporalitate
1573 4266 1784 4334 immortalitas,

134 4336 241 4404 animae,
256 4336 370 4392 trahitur
387 4336 415 4392 in
437 4335 509 4392 aliud
525 4338 672 4393 absurdum
694 4358 701 4394 :
730 4339 817 4396 instar
839 4357 929 4398 annu·
983 4341 1087 4412 quami

1107 4342 1114 4397 i
1129 4341 1216 4406 141411,
1231 4349 1258 4396 44
1276 4341 1372 4422 444444
1396 4341 1447 4397 444
1470 4338 1589 4396 Socratis
1611 4353 1739 4410 persona.
1754 4339 1785 4395 14

134 4408 221 4464 lorum
241 4415 362 4464 catenata
385 4409 496 4466 veniunt
510 4408 602 4464 omnia
624 4409 658 4465 ad
673 4409 753 4469 unius
776 4410 926 4471 lationem:
946 4392 969 4470 1)
988 4415 1089 4470 fimoeo
1104 4428 1210 4485 quoquo
1232 4411 1298 4468 dicrt
1321 4411 1496 4468 substantiam
1520 4411 1681 4479 simplicem,
1699 4408 1786 4466 facul·

135 4479 232 4608 ffigbat
252 4477 380 4550 deinceps
405 4478 522 4552 effigiem
546 4494 608 4536 esse
630 4480 725 4536 animae
753 4483 931 4554 corporalem.

171 4620 228 4692 (40)
249 4622 375 4694 Propria:
389 4621 538 4695 qualitatis
557 4625 586 4678 ct
613 4624 658 4680 sui
680 4627 800 4696 generis.
817 4625 932 4697 Plinius,

135 4693 187 4749 4144
202 4705 256 4748 non
276 4691 394 4761 optimus
417 4695 512 4749 harum
535 4709 626 4749 rerum
653 4694 763 4759 doctor,
792 4705 935 4778 postquam

136 4765 170 4820 44
192 4763 249 4819 1444
262 4762 340 4832 dixit,
360 4765 470 4821 «14444
493 4770 535 4818 441
562 4780 668 4832 444444,
685 4770 757 4822 44444
784 4776 826 4823 444
847 4783 933 4836 vasus,

137 4835 548 4903 141444444444,14144444444,
563 4841 635 4891 14144
653 4835 735 4892 44444
748 4855 755 4908 3
785 4857 798 4890 u
820 4837 933 4906 addidit,

138 4910 217 4963 totas
231 4907 289 4962 sui.
305 4907 369 4962 1144.

172 5007 207 5017 -
228 4978 335 5049 Corpus
347 4979 394 5033 sai
402 4979 522 5047 4444444.
538 4975 583 5032 Sic
601 4977 682 5034 etiam
696 4978 816 5053 loquitur
829 4979 877 5035 lib.
901 4981 935 5038 de

139 5048 203 5104 Car.
223 5046 287 5103 Chr.
298 5047 362 5102 1144.

173 5118 230 5186 (40)
243 5119 281 5174 Dc
294 5118 406 5176 caeteris
428 5119 620 5177 accidentibus
635 5119 821 5196 corpulentia
829 5121 936 5193 praeja-

138 5189 252 5245 dicaait.
268 5188 348 5260 Saepe
361 5187 389 5242 iu
403 5205 452 5246 suo
467 5189 616 5262 significatu
631 5195 715 5248 utitur
729 5191 811 5250 verbo
832 5192 936 5263 proju-

138 5260 209 5325 4444,
238 5273 297 5328 444,
323 5259 454 5329 judicium
484 5261 616 5332 praevium
626 5261 699 5330 4444,
729 5269 774 5318 aut
797 5277 934 5332 praemon·

139 5340 235 5389 strare.
251 5330 354 5387 Sensus
364 5332 445 5401 huius
458 5331 583 5389 clausulae
603 5342 662 5390 est:
679 5333 799 5391 conditio
808 5332 935 5412 proprie-

140 5403 200 5459 tatis
213 5416 346 5473 44444444
356 5401 413 5474 jara
439 5405 490 5460 erit
503 5404 680 5475 conspicuam
724 5402 838 5460 uoddam
866 5402 937 5457 4444-

138 5475 210 5602 441444
228 5473 262 5602 al?
273 5474 451 5544 iudicandum
465 5476 613 5533 decantaris
627 5424 800 5550 4444044414
814 5473 937 5531 acciden-

138 5554 159 5602 tr
180 5559 221 5601 us.
259 5559 303 5601 ac.

176 5617 243 5688 (50).
257 5619 328 5688 Quid
349 5635 437 5693 nuuc,
453 5619 525 5693 qaod
535 5625 562 5679 et
576 5621 699 5692 effipr’eau
713 5618 820 5677 uairuae
835 5618 936 5675 dantus

988 4485 1086 4540 1411444
1112 4482 1296 4555 multiplicem,
1324 4491 1351 4539 et
1378 4489 1506 4555 tanquam
1540 4480 1655 4538 tabulam
1686 4496 1786 4547 rasam,

987 4558 1059 4627 quod
1081 4553 1355 4623 docuithristoteles,
1368 4563 1395 4609 ct
1408 4553 1545 4624 praecipue
1568 4568 1601 4608 44
1625 4566 1710 4623 44444
1732 4565 1788 4623 quo

987 4643 1049 4683 cum
1072 4627 1182 4682 Platane
1205 4625 1461 4680 marimanam..
1484 4625 1517 4681 dc
1537 4623 1632 4680 divina
1656 4623 1790 4705 sapientia

988 4697 1136 4754 secundum
1151 4696 1300 4766 AEgyptios,
1319 4715 1329 4745 4
1347 4695 1395 4752 lib.
1412 4712 1441 4751 rr.
1458 4711 1518 4768 cap.
1534 4698 1561 4760 3,
1577 4702 1604 4751 et
1617 4693 1748 4752 Alcinous
1761 4693 1789 4749 in

989 4771 1085 4825 instit.
1101 4769 1178 4824 Plot.
1193 4768 1260 4823 Lac.

1024 4839 1081 4909 (50)
1106 4841 1149 4895 Ex
1169 4839 1329 4896 4444444144
1352 4839 1463 4910 qratia.
1490 4837 1674 4895 Constantiam
1694 4835 1790 4908 gratiae

988 4910 1063 4972 dicit,
1078 4909 1192 4981 gratiam
1206 4910 1239 4965 44
1253 4925 1306 4981 qua
1320 4909 1468 4965 certissime
1486 4914 1600 4965 constat.
1615 4908 1680 4964 1144.

1026 4983 1084 5049 (53)
1099 4981 1170 5037 Nam
1189 4981 1256 5052 quia
1275 4981 1441 5053 spiritualia
1460 4980 1643 5036 charisimuta
1658 4980 1791 5051 4444444·

990 5069 1062 5109 mats.
1079 5052 1181 5106 llorum
1197 5051 1319 5109 meminit
1332 5052 1413 5107 etiarn
1426 5052 1555 5116 14444444,
1574 5049 1622 5109 144.
1642 5066 1669 5116 4,
1685 5066 1751 5124 444·
1764 5052 1792 5115 8,

990 5125 1038 5179 ubi
1052 5124 1186 5192 perfectos
1204 5122 1395 5204 interpretatur
1406 5137 1453 5177 444
1475 5120 1522 5195 qui
1542 5130 1722 5191 perceperunt
1735 5121 1795 5192 Spi-

989 5195 1068 5250 ritum
1088 5194 1147 5259 Dei,
1165 5205 1192 5250 et
1210 5194 1335 5250 omnibus
1357 5193 1457 5264 linguas
1473 5193 1624 5264 loquuntur
1639 5209 1689 5262 par
1704 5193 1794 5265 Spiri-

990 5276 1045 5322 tum
1068 5264 1136 5321 Dci:
1163 5284 1178 5318 a
1203 5264 1436 5335 Quemadmodum
1450 5263 1549 5335 inquit,
1571 5273 1597 5319 et
1624 5265 1726 5321 multos
1750 5280 1799 5321 au·

989 5336 1105 5392 divimus
1131 5337 1228 5394 fratres
1258 5337 1286 5391 in
1319 5335 1438 5394 Ecclesia
1470 5334 1628 5406 prophetica
1659 5336 1793 5392 habentes

989 5407 1163 5474 charismata,
1187 5417 1214 5465 et
1241 5424 1292 5481 per
1314 5407 1442 5480 Spiritum
1463 5406 1600 5464 univorsis
1622 5406 1726 5480 linguis
1749 5409 1791 5464 lo·

989 5489 1112 5551 quantes.
1130 5480 1192 5535 lira.

1025 5551 1082 5622 (54)
1103 5553 1152 5607 Est
1174 5550 1254 5609 hodie
1274 5567 1352 5611 soror
1372 5550 1448 5623 apud
1467 5568 1527 5610 uos.
1554 5547 1789 5606 Existimivitlac.

989 5622 1122 5680 Pauuelius
1153 5636 1275 5679 sororem
1308 5624 1375 5678 hanc
1402 5621 1487 5678 fuisse
1518 5621 1684 5679 Priscillam:
1714 5622 1792 5694 quod
