3840 6134
187 268 239 332 531
535 267 761 335 smutturam
777 267 911 336 OPRRUM
928 265 1014 334 PARS
1031 267 1066 343 ll.
1084 293 1120 314 ··
1137 264 1249 345 mattis
1268 267 1290 341 1,
1308 265 1484 334 minutus.
1777 266 1835 333 532

189 397 269 456 lium.
285 397 346 454 Non
360 403 476 470 possunt
487 397 558 458 dnos
572 399 638 458 deos
652 399 821 472 facereque
834 398 884 457 etsi
897 397 984 457 diver·
1037 393 1104 453 deis
1121 393 1284 466 infidelibus,
1304 393 1334 451 in
1360 394 1459 469 quibus
1481 401 1605 466 opertum
1633 401 1675 453 est
1699 389 1836 466 aliquibus

187 503 229 555 ss,
243 484 315 557 apud
336 501 420 542 uuum
438 487 577 544 recenseri
591 496 787 561 praevenerunt.
805 490 982 547 Commemo-
1035 484 1211 560 Euangelinm
1226 484 1313 542 adhuc
1326 483 1377 542 sub
1399 475 1647 557 reluminelopsi.
1673 480 1731 547 iliis
1758 480 1833 538 euim

188 581 230 632 rat
242 579 272 631 et
282 573 315 630 de
328 574 467 633 uelamine
478 575 572 648 Moysi,
583 593 636 650 quo
647 571 752 650 socie-m
767 577 875 652 tepebat
889 577 984 633 incorr·
1035 573 1110 632 Deus
1123 573 1192 646 (lau.
1207 589 1284 640 xxix,
1299 573 1352 646 lt),
1369 571 1451 630 lobiis
1465 571 1646 645 diligentibus
1659 585 1735 639 euru,
1748 568 1832 629 corde

193 663 385 737 imploiilem
411 665 480 736 filiis
504 666 604 724 lsrael.
631 665 660 722 Si
688 666 750 724 ideo
775 674 805 723 ut
834 665 983 723 claritatem
1035 659 1653 736 cutemloueectsistectiiuaoieo‚minatus
1666 659 1836 730 luerat(lso.

188 754 322 827 majorem
342 754 500 813 defenderet
511 755 580 813 Nori
600 756 776 830 Testamenti,
801 757 873 831 quod
886 758 983 815 manet
1035 751 1152 823 n1‚ltt):
1168 751 1243 809 Aure
1250 750 1383 818 audietis,
1398 753 1427 809 et
1436 766 1494 810 uon
1504 748 1643 818 celuim
1653 749 1742 808 ocutis
1755 747 1836 806 uide·

188 845 222 904 iu
249 847 350 919 ρὶονία,
369 861 450 918 quarn
464 846 574 921 veteris,
594 846 665 921 quod
689 848 822 906 evacuari
851 847 981 915 trieben
1036 838 1111 906 litis,
1127 842 1155 897 et
1165 855 1222 897 non
1234 839 1363 897 uidebitis
1369 858 1380 910 ,·
1392 847 1420 897 et
1435 839 1501 913 (loo.
1525 853 1574 909 mr,
1592 839 1619 909 9)
1636 855 1645 894 r
1662 837 1723 895 Nisi
1745 835 1839 894 credi·

99 992 102 997 .
188 933 242 992 hoc
267 942 294 990 ct
321 949 389 991 meae
427 935 552 992 convenit
591 934 664 1004 fidei,
698 935 866 1009 praeponenti
896 936 985 993 Evan-
1037 927 1212 1001 donitianus
1226 928 1450 1001 iutellieetis‚·et
1464 928 1837 1001 (lsu.x11x,ll}:Auferem

189 1022 293 1098 pelium
321 1022 387 1097 legi.
408 1025 444 1081 Et
465 1025 528 1082 vide
556 1039 592 1081 ne
618 1023 706 1099 magis
734 1041 813 1081 meae.
827 1024 885 1082 Illic
912 1024 983 1081 enim
1036 1016 1838 1091 sepieutmmsupieutium,etprudentiumprudentium

189 1107 242 1167 erit
261 1109 408 1183 superponi
426 1111 501 1185 quid,
517 1112 563 1170 ubi
584 1113 666 1190 luerit
687 1123 715 1170 et
737 1113 805 1171 illud
823 1114 867 1172 oui
888 1129 984 1186 super·
1037 1107 1153 1165 irritm
1167 1106 1456 1178 sutiam-Haetiultm
1472 1120 1527 1162 110⁰
1542 1104 1635 1178 utique
1644 1104 1678 1160 ⁶0
1686 1104 1837 1177 1333383133

190 1197 311 1273 ponitur.
325 1199 363 1256 At
374 1216 435 1257 cum
449 1201 531 1258 dicit:
544 1201 596 1262 sed
609 1202 701 1260 obtusi
714 1208 783 1261 surii
792 1218 891 1262 retusus
900 1218 986 1261 muc-
1037 1193 1088 1252 liei
1114 1193 1201 1268 ignoti
1220 1194 1413 1251 abscondendo
1431 1193 1594 1250 minabatur.
1610 1194 1660 1260 1¹³,
1675 1207 1731 1250 ³0¹1
1745 1193 1772 1234 ³³
1786 1194 1838 1250 Μ·

190 1284 239 1356 di;
262 1302 317 1345 non
334 1287 426 1361 utique
441 1289 588 1362 Crantoris,
604 1289 652 1346 sed
675 1289 769 1363 populi
784 1291 830 1363 qui
856 1289 883 1346 in
906 1305 986 1345 mun·
1036 1282 1082 1355 jus
1096 1282 1145 1339 aeri
1159 1283 1242 1352 Deus,
1258 1279 1663 1355 edicitetiumoootujcs
1677 1283 1837 1341 enimcu-

190 1373 227 1432 do
241 1384 293 1434 eat.
308 1376 348 1433 De
361 1376 458 1434 israele
471 1377 495 1418 ³¹
515 1379 590 1434 enim
603 1377 670 1436 dicit
691 1395 698 1433 ι
719 1376 803 1438 dut)
820 1379 861 1448 rid
876 1378 986 1437 hodier-
1039 1375 1088 1430 ret
1102 1388 1159 1439 eor,
1173 1373 1248 1443 qnod
1260 1371 1396 1428 Christum
1415 1373 1476 1445 ejus
1503 1387 1558 1429 non
1579 1370 1651 1428 ultro
1666 1385 1838 1445 recognove-

193 1466 987 1542 „ummqmeramfflipsummormomm.1tjgu.
1039 1459 1094 1517 rint
1107 1459 1141 1516 de
1165 1458 1320 1532 scripturis,
1350 1458 1570 1535 intelligendum.
1598 1460 1631 1517 Et
1659 1459 1778 1530 positum
1808 1459 1838 1516 in

190 1568 248 1611 raus
263 1553 381 1613 ostendit
394 1554 479 1614 luisse
492 1557 615 1615 acumen
639 1556 715 1615 iudei
738 1556 767 1614 in
787 1558 891 1631 Mopse,
906 1556 985 1615 vela·
1040 1547 1217 1624 ambiguitate
1244 1548 1424 1607 distinctionis
1457 1550 1587 1606 hillinus
1619 1555 1772 1616 ‘melitite
1800 1563 1839 1606 ¹10

191 1641 273 1700 minis
293 1645 383 1702 cordis
402 1645 430 1702 iu
452 1647 563 1720 populo,
578 1647 643 1721 quia
661 1663 714 1707 nec
732 1663 806 1705 nunc
829 1646 900 1719 apud
922 1646 986 1704 illos
1038 1636 1193 1695 3333333330
1209 1637 1358 1710 3333333333,
1388 1645 1531 1696 3033333333
1555 1636 1701 1707 νῑθῑθῐῑθι
1726 1653 1770 1696 3333
1792 1636 1839 1695 1³1·

190 1731 370 1806 perspiciatur
397 1735 506 1807 Moyses
531 1736 624 1803 corde,
649 1735 720 1794 sicut
748 1751 798 1795 neo
824 1736 892 1795 ineie
911 1746 985 1794 tuno.
1003 1717 1083 1796 ΜΟ
1113 1724 1139 1765 ³⁴
1166 1741 1279 1799 1³0³³¹³¹¹³
1308 1735 1336 1783 0³
1368 1727 1396 1781 333
1423 1734 1510 1784 30333333
1538 1726 1740 1785 33333θῦ3333ῐῦ
1767 1727 1841 1784 333333

192 1820 316 1893 Quidest
329 1837 395 1897 ergo
416 1823 631 1884 adhuotelatum
654 1825 683 1882 in
704 1826 884 1899 lloysequod
904 1825 988 1897 perti·
1041 1811 1194 1885 praeterisse
1230 1812 1389 1888 iiml³¹¹³²i⁰ri
1423 1828 1552 1886 ³³l⁰¹¹³⁰·
1588 1816 1647 1872 Plae
1674 1830 1755 1872 33333333
1784 1814 1840 1874 3333

191 1916 253 1967 neat
267 1908 303 1966 ad
317 1909 441 1981 Paulum,
455 1911 479 1969 si
491 1912 614 1970 Christus
626 1913 761 1971 creatoris
775 1929 791 1969 a
808 1914 901 1987 Moyse
916 1928 990 1985 proe·
1041 1900 1147 1960 seilicet
1159 1901 1184 1942 ³⁵
1198 1901 1280 1974 hujus
1292 1902 1344 1960 aeri
1364 1902 1503 1959 dominum
1518 1902 1656 1961 diabolum
1675 1903 1840 1976 intorpreta-

192 1995 298 2055 dicatus
310 1998 432 2056 noudum
446 2000 541 2058 venit?
555 1999 697 2072 Quomodo
710 2002 766 2074 iarn
780 2009 873 2074 operta
895 2010 923 2058 et
940 2019 989 2059 ve·
1044 1989 1077 2059 ³12
1094 1990 1141 2063 qui
1165 1990 1271 2061 dimili
1288 1991 1422 2064 P³⁰llh³l³
1442 1990 1572 2048 ³³f³l³¹¹¹³
1600 1993 1666 2063 (1333·
1688 2006 1749 2060 lli,
1766 1991 1815 2064 33)
1832 2007 1839 2045 ²

192 2084 246 2143 lata
269 2086 358 2145 adhuc
381 2089 543 2147 denotentur
568 2089 651 2146 corda
678 2089 845 2158 iudeorum,
869 2087 990 2147 nondum
1043 2083 1097 2140 liro
1111 2081 1215 2138 similis
1234 2081 1385 2148 ditissimi·
1399 2097 1505 2154 1303333333
1519 2083 1551 2138 333
1568 2081 1688 2141 'inbibit
1704 2084 1842 2141 3330333333

194 2172 320 2231 exhibitis
341 2175 579 2246 predicationibus
594 2175 690 2251 Moysi,
707 2177 734 2234 id
756 2186 799 2234 est
817 2177 852 2234 de
871 2175 989 2245 Christo,
1043 2184 1160 2239 maurus
1174 2168 1245 2227 siout
1257 2176 1285 2226 et
1300 2177 1354 2226 tota
1373 2169 1456 2240 huius
1469 2168 1519 2227 aevi
1534 2170 1690 2242 superstitio
1703 2169 1744 2226 illi
1763 2185 1842 2228 mau-

194 2257 222 2314 in
236 2274 292 2332 quo
310 2277 372 2318 eum
392 2262 541 2339 intelligere
562 2263 712 2324 deberent?
726 2264 795 2335 Quid
817 2262 852 2320 ad
875 2266 991 2336 aposto·
1044 2257 1131 2329 dotia
1144 2264 1195 2325 θεῖ,
1210 2258 1255 2332 (tili
1270 2267 1387 2316 31033333
1401 2257 1553 2316 infidelium
1575 2259 1670 2330 303313,
1688 2268 1715 2316 0³
1735 2258 1765 2317 in
1782 2259 1841 2327 titi·

194 2344 252 2403 lum
264 2348 364 2406 Christi
386 2350 505 2418 alterius,
526 2351 549 2408 si
572 2352 623 2409 Dei
646 2352 689 2409 sui
712 2361 881 2411 sacramenta
902 2349 991 2408 tndaei
1044 2350 1240 2422 misoposlatae
1253 2349 1407 2408 Marcionis.
1423 2348 1558 2421 Denique,
1573 2365 1628 2407 non
1647 2349 1714 2408 sidit
1746 2365 1842 2406 occur-

195 2450 251 2491 non
266 2436 459 2510 intelligebant,
474 2439 526 2498 nisi
548 2441 611 2512 quia
633 2441 753 2499 velamen
777 2442 866 2498 cordis
880 2440 991 2497 illorum
1045 2445 1148 2496 rentem
1164 2438 1214 2495 sibi
1228 2437 1374 2496 clausulam
1390 2454 1486 2496 sensus
1503 2456 1510 2495 r
1528 2440 1667 2509 Quoniam
1679 2441 1844 2513 irrumpe·

196 2525 231 2583 ad
258 2526 424 2593 coecitatem,
451 2544 504 2598 qua
537 2543 591 2586 uon
626 2537 818 2602 perspexerant
842 2530 990 2597 Christum,
1045 2528 1122 2587 dieii
1136 2544 1173 2586 ex
1193 2527 1316 2587 tenebris
1337 2529 1427 2586 lucem
1446 2530 1597 2596 lucescere,
1612 2530 1765 2588 retexitis
1783 2546 1845 2588 cor

196 2614 284 2688 ldoysi
306 2615 476 2686 pertinebat?
490 2616 622 2689 Denique,
646 2618 720 2690 quod
743 2619 863 2692 sequitur
890 2636 896 2677 :
923 2622 993 2677 Cum
1045 2617 1231 2676 liburnostrit
1245 2618 1282 2674 od
1295 2617 1542 2676 illuminationem
1556 2619 1844 2691 accumularemus

195 2717 261 2762 uero
275 2706 446 2762 couverterit
459 2704 495 2761 ud
510 2708 608 2773 Deum,
623 2709 774 2779 auferetur
788 2708 931 2777 velemur,-
941 2707 993 2764 hoc
1046 2722 1166 2782 persorm
1190 2707 1305 2765 Christi.
1329 2704 1396 2776 Quis
1424 2706 1450 2746 ³³
1467 2706 1558 2763 dixit:
1574 2709 1728 2766 Finitus?
1751 2707 1784 2763 lit
1804 2707 1841 2766 de

196 2789 291 2847 ludeo
315 2792 424 2863 proprie
446 2792 530 2863 dicit,
554 2795 625 2865 apud
645 2810 728 2868 quem
752 2803 780 2852 et
802 2806 844 2854 est
869 2797 992 2855 velamen
1045 2795 1244 2854 illuminatione
1258 2796 1363 2863 mundi,
1378 2796 1439 2869 quis
1451 2796 1560 2854 Christo
1575 2797 1614 2852 ait
1628 2797 1693 2868 (isc.
1710 2811 1777 2863 rur,
1792 2795 1843 2867 d):

196 2879 285 2952 lloysi
302 2895 309 2936 :
332 2880 378 2953 qui
403 2897 462 2938 cum
489 2882 625 2940 transierit
639 2883 666 2938 in
684 2882 765 2939 fidem
785 2883 895 2952 Christi,
909 2883 992 2941 intel·
1045 2886 1131 2943 Posui
1145 2889 1172 2942 te
1191 2886 1224 2941 iu
1239 2885 1336 2942 lumen
1351 2886 1514 2951 enimcum,
1531 2884 1683 2941 sedentium
1698 2885 1801 2942 scilicet
1815 2884 1845 2940 in

197 2965 258 3042 ligii
272 2969 382 3041 lloysen
397 2970 431 3026 de
449 2971 557 3028 Christo
570 2971 743 3044 praedicasse,
759 2973 905 3040 Caeterum,
920 2988 993 3048 quo·
1010 2973 1178 3079 piencuria,
1194 2979 1221 3030 et
1233 2972 1261 3029 in
1276 2975 1370 3029 umbra
1385 2973 1480 3029 mortis
1495 2975 1509 3029 i
1535 2973 1586 3031 Cui
1616 2973 1765 3046 respondet
1780 2973 1847 3044 Spi-

198 3056 281 3112 modo
304 3055 441 3115 auferetur
459 3060 641 3119 uelamentum
670 3061 805 3119 Crantoris
832 3061 861 3118 in
887 3060 994 3119 Christo
1048 3066 1092 3118 tus
1110 3060 1138 3115 in
1164 3059 1273 3117 Psalmo
1288 3059 1336 3131 (rr,
1351 3060 1391 3130 7),
1418 3076 1451 3117 ex
1475 3060 1644 3131 providentia
1667 3061 1773 3117 futuri:
1794 3061 1844 3120 st-

199 3144 249 3203 Dei
269 3143 390 3213 alterius,
416 3149 493 3217 cuius
515 3157 683 3206 sacramenta
704 3150 808 3209 velasse
828 3165 884 3208 oon
904 3149 995 3223 potuit
1047 3150 1215 3222 patientum
1235 3154 1287 3220 eat,
1313 3149 1410 3222 inquit,
1437 3166 1522 3224 super
1543 3166 1594 3208 nos
1610 3144 1704 3208 lumen
1717 3166 1847 3224 persone

199 3232 321 3303 Creator,
349 3235 433 3308 ignoti
458 3237 584 3296 videlicet
612 3239 723 3311 ignotai
746 3239 819 3298 Dicit
838 3254 914 3313 ergo,
942 3256 994 3298 nos
1048 3240 1250 3306 lemucerine.
1261 3240 1478 3296 Personaautem
1494 3239 1682 3310 [tricicum
1695 3238 1842 3297 Dominus.

194 3324 259 3398 jum
273 3329 375 3398 apertu
394 3328 479 3399 secu,
496 3327 589 3401 utique
604 3328 704 3394 cordis,
719 3327 791 3400 qnod
813 3327 930 3385 velatum
953 3333 996 3384 est
1048 3325 1162 3383 Undeet
1171 3325 1296 3399 Apostoli
1309 3343 1414 3399 supra:
1432 3328 1485 3396 Qui
1499 3332 1542 3387 est
1554 3331 1656 3402 imcpc,
1671 3328 1770 3400 inquit,
1782 3329 1844 3385 liei.

199 3410 228 3468 in
240 3412 349 3481 Judaeis,
360 3416 585 3488 contemplantes
596 3416 752 3485 Christum,
763 3417 860 3475 eudem
869 3417 995 3489 insuetae
1046 3413 1133 3489 luitur
1154 3414 1178 3472 si
1195 3413 1318 3473 Christus
1337 3432 1453 3489 persona
1477 3417 1611 3475 Creatoris
1633 3417 1756 3489 disemis,
1779 3374 1878 3493 diuis

199 3504 404 3576 treusfieururi
419 3506 539 3578 optorto
555 3506 619 3578 (qua
633 3505 738 3563 scilicet
751 3512 779 3563 et
792 3505 900 3578 lloyses
910 3514 997 3563 trans·
1048 3504 1101 3565 lux
1110 3525 1121 3576 ‚·
1134 3511 1161 3563 at
1178 3502 1312 3572 Christus,
1341 3514 1368 3562 et
1390 3507 1527 3579 Apostoli,
1549 3515 1579 3563 et
1602 3506 1791 3580 Euangeliou,
1818 3514 1848 3564 et

199 3589 369 3664 figurabatur
382 3610 398 3650 a
411 3593 499 3667 gloria
520 3594 643 3667 Domini)
666 3597 699 3654 ic
720 3597 840 3669 pierium
855 3616 865 3654 .·
879 3595 995 3653 itacor-
1047 3595 1172 3654 velamen
1186 3596 1348 3667 citienses,
1363 3603 1391 3653 et
1414 3604 1470 3654 tota
1485 3596 1573 3654 series
1594 3597 1744 3655 secundum
1768 3597 1846 3653 testi-

198 3683 322 3753 poralem
334 3684 423 3754 lloysi
437 3684 670 3742 inluminationem
684 3685 718 3740 de
737 3701 886 3759 congressu
905 3687 996 3743 Domi·
1048 3684 1170 3742 monium
1182 3683 1312 3742 clausule
1326 3683 1462 3742 Creatoris
1476 3693 1518 3743 est
1532 3687 1581 3742 Dei
1594 3686 1677 3756 huius
1694 3685 1756 3756 aevi,
1771 3692 1846 3743 certe
1871 3751 1872 3754 Ἴ

199 3768 238 3836 ui,
252 3782 279 3827 et
293 3771 433 3842 corporale
447 3772 571 3830 velamen
594 3773 628 3830 de
649 3772 804 3831 infirmitate
826 3775 919 3848 populi
933 3791 997 3847 pro·
1049 3788 1105 3831 non
1120 3773 1239 3847 ejusqui
1261 3790 1398 3847 nunquam
1422 3775 1511 3833 dixit:
1531 3778 1597 3834 Fiut
1621 3777 1684 3832 luc.
1710 3775 1847 3832 Praetereo

199 3871 305 3929 ponens
325 3867 352 3915 et
370 3858 516 3930 spiritalem
531 3860 678 3917 claritatem
698 3861 726 3917 in
751 3862 856 3919 Christo
870 3865 996 3934 superin-
1048 3861 1093 3920 hic
1110 3869 1138 3918 et
1160 3863 1194 3919 de
1221 3862 1273 3920 alin
1303 3863 1438 3935 Epistola,
1468 3880 1550 3936 quam
1577 3878 1628 3921 nos
1653 3865 1687 3936 ad
1711 3863 1848 3936 Ephesios

200 3945 314 4013 ducens,
331 3951 467 4020 tunquam
480 3964 499 4005 c
512 3951 639 4017 Domino,
649 3948 737 4023 inquit
745 3951 901 4024 spirituum
910 3952 944 4019 ³¹,
956 3961 997 4009 io·
1048 3950 1234 4023 praescriptam
1259 3951 1399 4019 habemus,
1425 3952 1546 4009 haeretici
1569 3967 1634 4009 nero
1652 3950 1687 4008 ad
1707 3951 1845 4010 Laodice-

201 4041 258 4090 tum
272 4033 396 4091 ordinem
410 4035 504 4106 lloysi,
521 4036 636 4110 liguram
654 4037 770 4108 ignorati
788 4039 859 4110 apud
874 4040 994 4109 iudeus,
1048 4053 1099 4096 nos
1114 4039 1183 4111 (tu).
1199 4039 1245 4097 Ait
1267 4040 1338 4096 enim
1364 4041 1474 4114 (Epires.
1500 4056 1534 4111 ιι,
1554 4043 1599 4113 lt)
1622 4039 1777 4097 meminisse
1796 4054 1850 4096 na·

200 4123 285 4198 agniti
299 4137 363 4182 vero
377 4125 450 4195 apud
466 4140 516 4181 nos
530 4124 630 4182 Christi
647 4125 733 4184 luisse
747 4135 869 4185 testatur.
886 4128 996 4188 Scimus
1048 4127 1146 4195 tiones,
1157 4128 1229 4200 quod
1239 4127 1284 4185 illo
1294 4128 1323 4198 in
1333 4135 1456 4202 tempore
1469 4145 1536 4189 eum
1545 4130 1709 4188 essentitas
1724 4129 1848 4196 Christo,

200 4212 333 4284 quosdam
354 4228 452 4270 sensns
473 4213 679 4288 ambiguitatem
704 4216 995 4291 postposuissem
1050 4216 1183 4274 clientuli
1198 4217 1311 4287 israele,
1325 4221 1386 4276 siue
1399 4221 1622 4288 conversatione,
1638 4223 1668 4277 et
1691 4223 1850 4276 tertumrc-

204 4299 440 4370 pronuotiationis,
454 4310 499 4358 aut
512 4301 547 4357 de
561 4301 641 4359 modo
656 4302 846 4376 distinotionis,
866 4321 928 4363 cum
943 4308 994 4364 du·
1010 4282 1033 4364 n
1051 4306 1098 4375 tis,
1118 4309 1147 4366 et
1165 4322 1213 4378 ope
1225 4307 1435 4380 promissionis,
1451 4310 1540 4366 etium
1555 4310 1615 4366 siue
1628 4308 1682 4364 Deo
1700 4306 1724 4346 33
1739 4311 1846 4372 esseut.

202 4386 309 4459 plicitas
330 4404 422 4445 uarum
442 4388 595 4448 intercedit.
621 4391 698 4449 Hace
724 4395 843 4451 Marcion
865 4395 993 4467 captarit,
1047 4395 1076 4452 in
1094 4395 1196 4452 mundo
1210 4395 1314 4470 unque,
1329 4393 1381 4452 etsi
1408 4396 1442 4452 de
1466 4395 1603 4452 creatore.
1619 4394 1691 4467 lingo
1716 4393 1740 4450 si
1761 4394 1851 4450 natio-

200 4474 240 4533 sio
265 4475 392 4549 legendo,
406 4476 442 4534 lu
469 4477 566 4552 quibam
591 4481 666 4538 Deus
694 4482 747 4539 ceri
774 4482 857 4554 leuius
876 4482 948 4554 (39);
966 4489 996 4538 ut
1048 4498 1097 4541 nes
1111 4483 1170 4541 sine
1184 4483 1244 4540 Deo
1263 4483 1330 4539 dixit
1343 4496 1414 4552 esse,
1428 4483 1505 4540 Deus
1528 4491 1618 4540 autem
1642 4481 1696 4540 illis
1718 4481 1850 4556 diabolus

200 4563 356 4622 Creatorem
377 4567 524 4625 ostendens
541 4568 630 4624 Deum
653 4569 737 4640 hujus
751 4570 815 4640 aevi3
836 4570 918 4635 alium
930 4588 996 4645 sug·
1047 4578 1100 4640 est,
1120 4587 1174 4629 non
1190 4572 1311 4639 Creator,
1326 4578 1439 4643 apparet
1453 4571 1595 4629 dominum
1610 4571 1660 4631 asni
1675 4562 1760 4642 hujus
1782 4588 1849 4630 eum

133 4697 137 4702 .
200 4659 277 4724 gerat
297 4653 385 4711 Deum
407 4654 519 4712 alterius
543 4657 604 4713 arri.
631 4657 687 4713 Nos
710 4658 868 4727 contrusio
894 4659 995 4719 distin·
1047 4659 1265 4734 intelligendum,
1280 4675 1362 4732 quem
1375 4658 1500 4717 nationes
1521 4676 1571 4733 pro
1593 4660 1651 4717 Deo
1673 4669 1848 4732 receperunt,

199 4742 336 4814 guendum
351 4741 467 4801 dicimus
483 4761 490 4798 r
507 4745 542 4801 ln
560 4745 661 4819 quitur
679 4749 767 4817 iteum
795 4748 913 4809 dehinc:
942 4753 997 4810 oeui
1048 4764 1105 4808 nort
1116 4750 1272 4808 Creatorem
1287 4763 1367 4821 quem
1381 4747 1517 4821 ignorant.
1533 4749 1620 4822 Quale
1640 4756 1681 4807 est
1704 4757 1795 4806 autem
1819 4757 1850 4807 ut

200 4829 290 4904 liujus
302 4833 457 4891 encoeooor't
469 4837 580 4892 menter
597 4834 777 4907 infidelium,-
793 4840 825 4894 in
837 4839 997 4912 quitusln·
1047 4852 1103 4894 non
1144 4836 1269 4909 ejusdem
1307 4836 1439 4895 habeatur
1481 4838 1634 4899 thesaurus
1674 4839 1707 4896 iu
1749 4839 1851 4920 fictili·

884 4982 981 5047 Varia
1001 4982 1159 5047 lectiones.

198 5177 222 5219 π
234 5105 356 5236 {omi
373 5108 486 5239 gligit}
498 5109 524 5150 33
538 5109 641 5185 Spiritu
660 5113 701 5170 ci.
721 5114 745 5154 ³³
760 5113 816 5172 Etsi
836 5116 928 5175 Versat.
939 5115 964 5156 ³⁴
975 5115 1034 5173 Neo
1046 5112 1118 5172 ultra
1128 5115 1193 5171 lut.
1209 5112 1235 5152 ³⁵
1247 5113 1355 5172 Scilicet
1367 5117 1464 5174 omitt.
1480 5116 1573 5175 terret.
1585 5114 1611 5155 33
1630 5113 1676 5172 sie
1689 5112 1755 5171 edd.
1773 5114 1851 5171 Semi

895 5256 1145 5324 Commentarius.

235 5391 293 5463 iti)
307 5392 381 5451 Deus
400 5393 455 5450 eeui
469 5391 568 5467 liujus.
585 5391 810 5452 Cumdacmouem
823 5402 906 5464 nont,
929 5393 993 5465 quia
1045 5393 1113 5450 stola
1127 5391 1256 5450 adimens
1278 5391 1450 5449 Marcionitas
1471 5392 1550 5450 etiam
1573 5391 1699 5464 producit
1722 5392 1847 5449 testimo·

196 5463 235 5521 dii
248 5464 370 5538 gentium
384 5463 529 5531 daemonia,
550 5471 581 5519 ut
604 5463 718 5520 hahctur
732 5464 760 5520 iu
783 5464 853 5522 l’sal.
872 5475 900 5522 et
918 5465 992 5538 apud
1046 5465 1091 5521 nia
1114 5481 1173 5538 cap.
1203 5480 1266 5522 xvir
1293 5463 1373 5527 inira.
1404 5465 1451 5521 ubi
1478 5480 1509 5520 er
1533 5463 1628 5521 licetur
1656 5463 1738 5520 etiam
1764 5463 1845 5529 illud,

196 5535 359 5606 Apostolum
375 5553 383 5592 r
403 5537 529 5606 Quowm
543 5537 615 5593 mter
629 5538 727 5617 ocrim
736 5539 787 5592 est.
803 5535 841 5593 lus
855 5538 904 5597 Pa.
1046 5538 1362 5604 miserescimus,
1375 5536 1497 5617 ete.,sed
1513 5480 1595 5609 forge
1608 5534 1668 5591 aliis
1681 5535 1773 5593 verbis
1787 5550 1845 5591 ma·

232 5606 290 5679 (tt)
304 5608 437 5668 manu
451 5619 515 5668 cero
534 5604 572 5666 ud
594 5606 771 5671 luoduenos.
791 5608 833 5668 lie
859 5609 911 5670 irco
936 5607 992 5685 epi·
1045 5608 1235 5684 sisipostolo
1247 5607 1469 5682 congruentibus.
1484 5609 1555 5665 Pau.
