3840 6134
151 308 204 371 347

391 272 397 281 ’
495 300 712 362 raaruuuuru
730 299 865 362 oruuuu
884 300 968 364 rsus
987 300 1021 361 u.
1041 331 1078 342 -
1096 295 1210 358 sunus
1229 296 1250 367 r,
1274 295 1447 356 retaurul.

1745 292 1801 354 ets

150 437 196 502 tis,
214 443 246 491 nt
262 433 410 493 bonitatem
422 446 498 489 suarn
511 428 626 489 uoluerit
650 430 803 494 ostendere,
828 428 855 484 iu
879 427 944 498 qui·
961 442 984 521 Α
1000 436 1025 483 et
1039 426 1066 481 in
1081 427 1133 482 hoc
1152 440 1200 494 per
1221 423 1281 479 illas
1304 424 1391 479 Deum
1414 439 1506 480 mrum
1530 424 1656 488 zelotem,
1673 421 1718 494 qui
1754 437 1800 478 res

150 525 203 585 bus
238 523 406 597 pruisern
443 519 623 577 seueritatem.
657 517 727 589 Quia
762 533 812 574 nec
846 517 945 573 mirum

151 614 202 672 erit
214 614 239 654 ⁸⁶
261 610 406 668 diversitas
420 608 585 680 temporalis,
607 607 630 663 si
645 608 744 678 'postea
766 608 840 663 Deus
854 606 947 663 mitior

152 719 201 776 pro
224 701 303 759 rebus
326 698 462 765 edomitis,
484 698 531 768 qui
554 706 626 753 retro
641 697 774 754 austerior
796 712 846 768 pro
869 696 948 751 indo·

152 791 233 849 mitis.
249 791 288 845 lta
303 806 349 860 par
363 788 511 844 antitheses
535 785 641 841 facilius
664 785 772 841 ostendi
795 795 884 857 petest
899 799 947 840 or·

150 879 186 936 do
199 879 334 936 Crantoris
356 894 372 932 a
394 876 501 932 Christo
521 873 683 931 retormatus
708 883 734 929 et
760 889 945 945 repercussus,

151 977 177 1024 et
196 967 317 1027 redditus
340 966 531 1037 potiusquam
554 965 688 1032 exclusus,
704 978 765 1020 cum
788 963 811 1000 ⁸³
832 978 947 1033 praeser-

151 1056 199 1112 tim
211 1056 298 1111 Deum
312 1064 388 1111 tuum
411 1053 445 1107 ab
464 1051 539 1107 omni
563 1059 636 1106 motu
655 1050 788 1106 amariore
808 1064 945 1111 secernas,

150 1145 243 1218 utique
257 1153 285 1200 et
307 1145 342 1199 ab
357 1143 526 1199 emulatione
547 1139 684 1198 Creatoris
707 1137 817 1194 seilicet,
840 1140 908 1194 Nam
923 1138 948 1194 si

151 1233 188 1288 ita
209 1238 261 1299 est,
280 1231 419 1304 quemodo
441 1245 503 1285 eum
528 1228 676 1284 antitheses
700 1228 821 1300 singulas
844 1226 948 1298 specics

1001 531 1065 571 suas
1092 511 1260 570 arbustiores
1287 512 1315 568 iu
1341 511 1496 584 primordiis
1523 513 1593 568 boun
1622 520 1650 566 et
1675 509 1801 567 rationali

1000 602 1171 658 aemulatione
1194 598 1355 656 maturitatis
1374 600 1561 672 praecurarerit
1578 600 1634 669 lii)
1654 613 1703 654 suo
1720 599 1794 668 jure.

1003 695 1088 766 Cujus
1106 693 1257 748 antitheses
1276 691 1357 747 etiam
1375 681 1435 762 ipse
1457 690 1575 745 mundus
1592 690 1653 760 ejus
1672 696 1801 761 agnoscet

1000 801 1034 842 es
1048 782 1284 840 contrarietatibus
1298 781 1503 850 elementorum,
1519 796 1626 836 summa
1648 790 1737 834 tamen
1751 793 1798 834 ra-

1001 872 1251 930 tionemodulatus.
1276 869 1475 939 Quamobrem,
1502 866 1800 926 inconsiderantissime

1000 960 1127 1027 Marcion,
1150 960 1233 1016 alium
1255 960 1344 1015 Deum
1369 959 1439 1015 lucis
1466 958 1621 1014 ostendisse
1642 957 1797 1021 debueras,

1001 1051 1080 1105 alium
1101 1065 1165 1105 sero
1183 1050 1365 1117 tenebrarum,
1380 1062 1434 1119 que
1453 1046 1558 1102 facilius
1581 1046 1663 1100 alium
1688 1043 1798 1101 bonita-

1001 1139 1046 1204 tis,
1060 1139 1144 1194 alium
1158 1138 1308 1194 seueritatis
1322 1138 1513 1209 persuasisses.
1531 1136 1665 1192 Ceterum
1674 1132 1733 1203 ejus
1747 1133 1800 1190 erit

1003 1227 1152 1294 antithesis,
1167 1227 1245 1297 cujus
1259 1234 1299 1281 est
1311 1226 1339 1282 in
1354 1227 1468 1283 munde.

150 1320 286 1378 Crantoris
307 1319 464 1375 aemulatum
486 1317 682 1381 demonstrant,
705 1331 851 1388 agnoscam
865 1315 949 1388 igitur

840 1440 935 1505 Variae
955 1445 1112 1507 lectiones.

186 1550 286 1606 86Ετειι
301 1551 387 1609 Semi.
404 1549 511 1608 Pamet.
522 1549 548 1587 θ’
559 1549 625 1605 Cum
640 1549 733 1606 omitt.
745 1547 852 1604 Posset.
865 1549 950 1605 Seml.

846 1644 1094 1711 Commentarius.

188 1755 244 1824 (i'll
260 1755 313 1823 Qui
326 1769 447 1810 ressaas
462 1752 635 1815 arbustiores
648 1751 681 1807 ia
698 1751 861 1833 primordiis
877 1753 948 1810 hersa
963 1771 985 1849 fl
1000 1753 1072 1809 enim
1092 1752 1180 1825 (sicuti
1203 1761 1276 1810 recte
1298 1753 1435 1811 adnotavit
1458 1752 1603 1808 Rhenanus
1625 1748 1659 1804 ad
1681 1764 1766 1820 marg.
1786 1753 1799 1804 l

152 1825 331 1883 etratieaoti
348 1824 551 1881 emulationes
583 1886 586 1891 ⁸
644 1822 718 1879 ‘tatas
750 1825 946 1881 securaverit.
1001 1825 1079 1894 edit.)
1096 1825 1344 1895 videturusurpare
1358 1839 1407 1895 pro
1429 1824 1590 1895 ferociores,
1609 1830 1717 1891 sumpta
1739 1835 1800 1876 me·

151 1895 202 1964 Qui
213 1892 530 1964 ressuassrhustioresp
633 1892 711 1957 serit,
723 1839 774 1950 icc
789 1901 839 1961 est,
856 1895 948 1951 robus·
1002 1898 1117 1968 taphora
1130 1896 1163 1950 ab
1178 1896 1295 1951 arbustis
1318 1894 1524 1951 luxuriantibus.
1543 1890 1709 1948 Arbustandi
1727 1891 1802 1947 enim

151 1969 243 2021 tiores.
259 1963 313 2034 Qui
370 1961 433 2037 ieet
448 1979 502 2019 nou
517 1964 639 2021 surculos
651 1964 821 2048 depanxerit,
836 1964 881 2022 sed
891 1965 948 2036 jam
1001 1967 1084 2025 verbo
1097 1967 1182 2023 utitur
1194 1967 1273 2023 etiam
1293 1965 1406 2022 Plinius.
1424 1965 1551 2037 Aliequin
1567 1969 1719 2044 putaretur
1736 1962 1798 2031 (aad

152 2037 275 2105 arbusta,
361 2035 549 2101 'arbustiora
560 2038 613 2093 hoe
626 2043 678 2102 cst,
689 2052 744 2106 ram
754 2037 947 2108 grandiaque
1001 2053 1056 2094 non
1080 2041 1163 2110 reete)
1189 2038 1332 2109 legendum
1358 2038 1537 2094 austeriores.
1566 2037 1803 2103 Comparatronem

152 2106 267 2163 tructam
280 2120 329 2176 pro
341 2116 420 2163 erunt
431 2107 563 2165 maturius
572 2108 629 2165 sive
639 2107 754 2164 celerius
767 2108 852 2164 multo
865 2124 947 2189 quam
1001 2117 1091 2166 autem
1111 2109 1174 2165 tacit
1201 2107 1362 2166 maturitatis
1384 2107 1454 2165 Nori
1480 2105 1640 2163 Testamenti
1663 2104 1697 2161 ad
1720 2119 1802 2161 acer·

152 2177 263 2235 surculi.
289 2179 350 2234 litu.
378 2207 415 2219 -
434 2179 553 2251 Elegans
578 2179 755 2252 metaphora3
783 2181 947 2236 arbustiores
1001 2181 1113 2236 hitatem
1128 2181 1241 2239 Veteris.
1256 2180 1328 2236 Pau.

749 2455 912 2543 ernau
955 2453 1208 2546 neurius,

365 2737 455 2795 820
466 2737 723 2797 theonestus.
1039 2741 1096 2797 vll.
1112 2741 1242 2798 Conuiuci
1257 2751 1347 2797 autem
1362 2749 1491 2813 utrosque
1507 2740 1615 2796 duobus
1638 2738 1739 2796 Christi
1754 2739 1806 2794 ad·

188 2831 209 2885 l.
225 2830 334 2886 Librum
348 2832 420 2886 hune
433 2827 544 2885 tertium
558 2829 686 2886 adsersus
699 2828 864 2886 Marcionem
878 2827 949 2886 scri·
1003 2831 1140 2901 ventibus,
1157 2831 1258 2904 duplici
1272 2849 1287 2886 a
1311 2831 1449 2905 prophetis
1472 2828 1566 2886 habitu
1586 2829 1805 2900 demonstrates;

153 2927 250 2993 pluras
271 2918 305 2973 da
322 2917 439 2984 Christo,
460 2916 593 2988 imprimis
617 2917 752 2974 Christum
767 2931 821 2971 nen
839 2916 949 2972 alterius
1002 2935 1117 2992 quorum
1132 2922 1260 2993 priorem,
1280 2919 1465 2977 obscuriorem
1480 2927 1506 2975 et
1528 2918 1719 2990 indigniorem,
1731 2917 1806 2975 intel·

154 3007 205 3065 Dei
218 3005 432 3081 intelligendum,
448 3022 531 3078 quam
555 3006 700 3072 Creatoris,
716 3005 875 3075 praeseribit,
891 3013 948 3062 turn
1003 3007 1088 3081 ligere
1102 3017 1128 3065 et
1141 3010 1316 3067 crederenon
1333 3015 1489 3078 potuerunt.

153 3096 227 3168 quod
241 3095 459 3171 praecedentibus
471 3093 549 3151 libris
571 3093 782 3152 determinatum
802 3095 847 3168 sit,
869 3079 988 3157 altumC
1038 3098 1108 3156 illll.
1124 3099 1245 3155 Posthaee
1258 3097 1389 3155 adversus
1403 3096 1573 3153 Marcionitas
1587 3105 1614 3153 et
1628 3096 1696 3153 alios
1727 3096 1805 3167 ipso·

151 3188 308 3244 Deumnon
322 3185 489 3243 credendum
514 3186 783 3255 qnamCreatorem3
799 3193 856 3241 tum
879 3183 950 3259 qued
1005 3205 1065 3244 rum
1093 3202 1216 3244 errorum
1241 3197 1372 3256 auctores,
1397 3187 1431 3242 ab
1455 3187 1579 3257 apostole
1607 3186 1711 3242 toaune
1735 3185 1807 3242 antl-

152 3274 502 3348 probetnrapostelicamrn
517 3281 544 3329 et
565 3274 753 3331 hereticorum
776 3273 952 3330 ecelesiarum
1005 3276 1121 3334 christos
1137 3276 1332 3348 pronuntiatos,
1355 3276 1491 3332 Christum
1505 3275 1628 3331 detenuit
1641 3291 1705 3333 vere
1727 3284 1756 3330 et
1780 3274 1806 3329 in

152 3380 274 3434 recensu,
299 3363 375 3420 nulla
396 3363 559 3419 mentionem
583 3360 697 3435 sltem
711 3361 760 3418 Dei
783 3365 829 3417 aut
851 3362 951 3419 Christi
1005 3380 1084 3421 carue
1107 3364 1223 3431 venisse,
1239 3365 1279 3423 vel
1303 3382 1335 3421 ex
1349 3379 1381 3421 eo
1404 3364 1477 3436 quod
1496 3363 1595 3435 alloqui
1621 3363 1702 3419 etiam
1725 3363 1806 3419 Chri-

152 3453 278 3527 agitatam
297 3458 360 3509 ante
372 3452 529 3509 scandalum
544 3448 698 3521 lhcionis.
1006 3452 1084 3509 stiaui
1099 3452 1216 3509 nominis
1230 3450 1346 3519 tructus,
1364 3468 1437 3509 mers
1452 3452 1550 3508 Christi
1575 3451 1699 3525 neganda
1713 3453 1759 3519 sit,
1780 3460 1806 3510 et

189 3543 226 3598 ll.
241 3541 347 3601 Made
362 3550 520 3613 suspectum
536 3555 606 3610 esse,
622 3541 694 3613 quod
716 3548 770 3597 tam
793 3539 883 3596 subito
907 3555 952 3596 re·
1006 3540 1178 3597 resurrectio.

152 3631 223 3688 uerit
236 3631 361 3690 Christus
383 3630 539 3695 Marcionis,
559 3639 704 3702 antequam
728 3629 805 3686 Pater
826 3628 860 3685 dc
884 3629 952 3686 Filio
1041 3630 1091 3685 Xl.
1106 3630 1201 3702 Neque
1224 3629 1276 3701 ipsi
1291 3629 1434 3704 suflragari
1445 3630 1558 3702 angeles
1571 3629 1718 3700 Crantoris,
1730 3630 1806 3700 qussi

154 3727 308 3788 testaretur,
322 3718 477 3774 mittenade
491 3718 586 3774 missa
1005 3718 1042 3774 ihi
1065 3720 1092 3774 iu
1116 3720 1302 3789 phanusrmte
1324 3720 1454 3791 putativae
1482 3717 1571 3773 camis
1603 3718 1711 3791 egerint
1733 3717 1806 3788 apud

187 3809 234 3865 lll.
250 3808 418 3879 Nsnuevero
432 3807 568 3876 sullieere,
584 3808 657 3881 quod
672 3825 702 3866 se
715 3808 813 3865 Filium
827 3808 877 3865 Dei
892 3823 952 3880 pro·
1006 3808 1139 3864 Abraham
1162 3815 1189 3864 et
1207 3808 1273 3873 Let;
1294 3815 1320 3864 et
1343 3815 1432 3863 tamen
1452 3823 1516 3864 rora
1535 3807 1590 3863 sint
1613 3807 1757 3880 congressi
1779 3814 1807 3862 et

153 3897 263 3953 baturus
278 3904 352 3953 esset
365 3895 420 3968 'per
442 3896 603 3964 documenta
624 3896 752 3954 virtutum
766 3916 774 3966 ;
797 3904 854 3953 tum
876 3896 951 3969 quod
1006 3898 1094 3971 pasti;
1111 3898 1183 3970 quod
1193 3899 1225 3954 al
1238 3898 1409 3955 moriendum
1424 3913 1473 3971 pre
1488 3897 1566 3954 nobis
1580 3912 1635 3954 non
1651 3897 1808 3956 essontdis·

153 3984 323 4042 temerariam
335 3984 475 4057 signorum
498 3983 581 4041 tidem
596 3985 655 4057 ipse
670 3985 793 4043 Christus
815 3985 950 4054 ostendat,
1006 3986 1098 4058 positi.

153 4075 235 4133 etiam
251 4073 325 4146 apud
351 4073 605 4146 pseudoprophetas
627 4074 789 4140 facillimam,
804 4081 861 4130 tum
876 4075 950 4146 quod
1040 4077 1078 4132 X.
1093 4075 1122 4132 Si
1134 4085 1222 4133 sutem
1237 4091 1347 4134 caruem
1362 4075 1486 4133 Christus
1510 4085 1641 4148 unquam
1665 4075 1808 4150 indiguam

153 4165 264 4221 Creator
275 4162 331 4234 jam
355 4170 418 4218 ante
437 4163 523 4229 illum,
540 4171 567 4219 et
581 4179 628 4235 per
649 4163 765 4219 famulos
781 4178 847 4221 suos
861 4164 950 4221 tirta-
1005 4174 1164 4237 aspernatus
1200 4176 1261 4235 est,
1290 4164 1491 4237 dedignandam
1528 4165 1610 4222 etiarn
1649 4164 1688 4220 illi
1724 4164 1809 4222 tuisse

152 4259 194 4311 tes
208 4253 244 4309 sit
256 4259 395 4324 operatus.
1006 4254 1078 4338 illius
1105 4254 1264 4329 imsgimm,
1278 4268 1311 4311 eo
1333 4255 1408 4327 quod
1428 4263 1530 4312 statum
1552 4262 1681 4327 sequatur
1705 4253 1808 4311 simili-

189 4341 235 4399 tv.
252 4339 281 4397 Si
304 4346 393 4399 autem
410 4347 470 4410 post
492 4339 659 4409 Creatorem,
682 4338 759 4396 illurn
786 4339 949 4397 emendatu-
1007 4345 1085 4401 tudo.
1257 4346 1262 4356 '
1626 4396 1630 4405 .

152 4446 209 4499 rus,
225 4428 361 4487 revelatus
374 4428 547 4486 sithristus
565 4430 732 4503 Marcionis3
748 4430 878 4489 debuisse
891 4445 948 4488 uon
1040 4435 1134 4490 XLEt
1156 4449 1218 4491 vero
1242 4449 1295 4490 non
1319 4443 1389 4490 reete
1417 4434 1580 4489 ltarcionem
1606 4433 1755 4504 putativam
1779 4433 1808 4489 in

152 4525 224 4586 aute,
241 4517 289 4574 sed
303 4526 365 4589 post
378 4516 514 4574 Christum
529 4518 663 4576 Crantoris
680 4519 802 4587 revelari,
815 4519 854 4576 uti
870 4520 951 4576 etiam
1004 4524 1112 4581 Christo
1126 4524 1321 4595 corpulentiam
1336 4524 1495 4595 asseruisse,
1510 4539 1544 4577 ne
1564 4522 1729 4579 nativitatem
1748 4523 1808 4594 eins

152 4608 227 4665 illum
242 4608 408 4664 emendaret.
1006 4627 1154 4688 agnoscere
1172 4621 1331 4685 auguratum
1348 4613 1412 4685 qun
1427 4618 1534 4682 peterat
1553 4611 1634 4666 etium
1658 4611 1808 4682 putativam

186 4697 219 4754 i'.
233 4698 293 4753 tant
307 4697 526 4768 reroSeripturis
542 4698 703 4770 probaturus
720 4698 859 4756 Christum
875 4699 953 4756 Crea·
1006 4701 1081 4758 illam
1105 4701 1270 4757 oadritatem
1285 4701 1524 4768 aecemmodasse3
1540 4716 1654 4772 quarum
1680 4709 1807 4757 neutrum

152 4786 220 4843 toris
232 4785 329 4852 tuisse,
345 4788 424 4856 cujus
439 4786 584 4856 Scripturas
608 4787 642 4842 ab
665 4803 697 4844 eo
712 4787 864 4860 adimpleta
886 4788 950 4852 sint,
1006 4799 1095 4846 tamen
1106 4790 1190 4860 possit
1203 4790 1360 4861 consistere,
1371 4806 1404 4847 co
1414 4789 1485 4862 quod
1496 4791 1554 4845 Deo
1565 4790 1808 4863 magiscampctat,

152 4872 289 4946 praelator,
304 4873 371 4930 duas
385 4890 481 4931 causas
501 4874 601 4948 eloquii
621 4876 774 4947 prophetici
789 4876 954 4933 adversariis
1006 4878 1116 4943 veritas,
1134 4894 1213 4951 quarn
1228 4879 1406 4934 mendacium.

154 4963 361 5034 agnoscendam
377 4979 535 5037 unamque
559 4962 649 5020 futura
666 4965 799 5021 interdum
823 4980 872 5036 pro
896 4966 953 5037 jam
1044 4967 1101 5024 xtl.
1117 4967 1190 5024 Nihil
1215 4969 1295 5024 ctiam
1317 4968 1404 5025 tricare
1423 4976 1517 5024 contra
1536 4966 1670 5024 Christum
1698 4969 1807 5025 Creato-

152 5050 291 5110 transactis
313 5053 524 5120 annuntiantur;
549 5053 638 5124 aliam,
654 5071 708 5127 qua
730 5055 859 5128 pleraque
883 5053 953 5126 ligu-
1007 5055 1054 5125 ris,
1071 5058 1144 5129 quod
1166 5057 1288 5112 abisaia
1311 5059 1469 5114 Emmanuel
1491 5056 1629 5113 rocaudus
1654 5058 1807 5129 scribatur,

154 5147 212 5198 rate
228 5142 434 5213 portenduntur.
1007 5160 1060 5217 quo
1076 5145 1184 5201 nornine
1199 5161 1254 5202 nou
1269 5157 1311 5201 est
1334 5147 1439 5212 editus;
1460 5145 1523 5217 quia
1546 5143 1655 5207 sullicit,
1679 5147 1756 5217 quod
1776 5144 1810 5201 si·

188 5229 235 5286 ll.
249 5231 344 5302 ltaque
357 5230 498 5288 tudaieum
511 5247 632 5290 errorem
647 5249 696 5304 pre
712 5233 875 5291 ltarciouitis
900 5248 953 5290 nou
1007 5233 1187 5308 gnificatioue,
1204 5250 1257 5290 nen
1272 5250 1350 5307 sone,
1366 5234 1509 5291 nobiscum
1530 5231 1698 5289 Deusluerit
1713 5233 1809 5290 Chris·

153 5318 310 5392 laceraret
324 5317 462 5378 Christum
477 5322 620 5389 creatoris,
644 5331 771 5393 tauquam
793 5329 953 5378 extraneum
1008 5330 1063 5379 tus.

153 5408 355 5481 interfecerint,
371 5417 464 5479 utpote
484 5426 555 5482 quos
569 5410 646 5468 illum
657 5409 842 5486 ignoraturos,
858 5413 952 5486 Scrip-
1043 5411 1116 5468 xlll.
1133 5413 1229 5484 Neque
1244 5413 1324 5468 etiarn
1338 5426 1387 5483 per
1400 5411 1525 5469 virtutem
1544 5408 1678 5477 Damasci,
1694 5417 1722 5466 et
1746 5423 1810 5482 spo·

114 5554 117 5559 .
153 5497 318 5556 iurasset
343 5496 673 5573 praedictumsi13idque,
697 5511 834 5575 quatenus
859 5503 952 5561 solum
1007 5499 1046 5555 lia
1069 5500 1250 5570 samaritem
1274 5518 1366 5575 regem
1400 5501 1572 5574 Assyriorum
1600 5500 1671 5572 (qua
1701 5500 1809 5557 Christo

154 5586 295 5647 hominem
309 5590 520 5647 arbitrabantur.
1007 5590 1194 5649 accommodat
1206 5589 1307 5661 isaias)
1323 5589 1483 5650 bellatorem
1498 5590 1573 5645 illum
1587 5588 1735 5671 perpendir
1760 5585 1807 5645 sed
