3840 6134
128 288 181 350 717
808 281 905 343 allisit
924 279 965 340 llll
982 277 1096 339 Ablbt.
1721 289 1773 348 718

126 413 239 488 aliquid,
254 415 329 487 quod
350 410 448 471 efficiat
469 407 547 466 aliter
569 407 635 480 quid
654 409 808 464 asensibus
822 423 922 465 renuu-
937 399 960 477 fl
976 407 1044 481 ipsae
1066 422 1155 463 causae
1180 406 1287 463 iufamia
1307 408 1463 480 liberantur,
1476 419 1578 483 quanto
1599 415 1686 490 magis
1708 432 1774 473 sen·

127 504 198 571 tisri,
214 519 293 576 quam
309 501 345 557 sit
363 500 388 556 in
414 499 604 555 reburs.Porro
622 497 645 554 si
670 505 756 568 potest
777 498 804 553 id
817 514 921 571 renun—
975 512 1032 565 sua,
1051 496 1147 568 quibus
1169 499 1224 568 jam
1252 505 1278 552 et
1301 514 1404 554 caussae
1429 499 1514 556 libere
1543 505 1682 574 praeunti
1712 521 1773 562 curn

128 593 188 650 tiari
204 592 278 664 quod
296 606 350 647 non
369 589 404 643 sit
419 590 444 641 in
466 589 558 652 rebus,
574 603 622 642 eur
637 601 690 643 non
714 584 825 657 perinde
841 586 924 656 possit
976 584 1038 640 hino
1063 583 1235 656 potissimum
1259 593 1285 641 et
1313 591 1413 642 ueritas
1438 598 1464 644 et
1488 587 1554 646 fides
1583 603 1608 648 et
1633 592 1776 666 integritas

127 699 178 755 per
191 681 219 736 id
239 678 393 735 renuntiare
412 679 484 751 quod
503 693 558 733 non
578 676 613 734 sit
632 677 659 730 iu
680 679 815 743 sensibus,
831 678 880 734 sed
898 677 923 731 in
976 675 1101 730 sensibus
1116 674 1277 732 vindicanda
1296 675 1338 742 sit,
1355 677 1428 747 quod
1443 691 1498 732 non
1517 678 1594 736 aliter
1610 684 1773 750 renuntient,

127 768 168 825 eis
183 767 335 824 rationibus
349 783 409 839 quae
433 766 614 823 interveniant
628 781 677 821 sno
692 765 820 820 nomine?
833 765 923 837 Atque
976 778 1057 836 quam
1079 765 1149 834 quod
1173 764 1221 818 illa
1238 764 1306 822 ratio
1331 764 1477 833 mandavit,
1498 783 1559 838 quae
1582 767 1681 826 efficiat
1699 772 1775 828 aliter

126 859 196 914 adeo
211 855 305 914 licebit
318 871 364 912 eas
388 854 558 930 recognosci.
574 854 643 910 Nam
658 861 687 907 ut
702 851 729 907 in
747 868 818 924 aqua
833 868 924 909 remus
976 850 1042 923 quid
1064 866 1079 906 a
1093 852 1218 910 sensibus
1233 854 1389 919 renuntiari,
1407 870 1486 926 quana
1507 857 1542 912 ait
1556 857 1584 913 in
1598 858 1689 914 rebus.
1705 860 1775 929 Quid

125 942 255 1000 inillexus
270 943 327 1012 (13)
344 942 386 998 vel
406 941 539 999 infractus
561 948 700 1012 appareat,
717 957 786 1013 aqua
802 941 925 995 incensa
978 939 1047 1011 agis,
1070 940 1215 997 Academia
1238 941 1428 1011 procacissima
1450 944 1501 998 ⁸⁰?
1525 955 1608 1001 toturn
1633 946 1694 1002 vitae
1717 959 1775 1003 sta-

126 1039 178 1091 est.
194 1030 320 1102 Denique
335 1040 410 1087 extra
429 1045 525 1102 aquam
539 1029 645 1098 integer
659 1027 730 1085 visui
749 1043 851 1084 remus.
867 1028 924 1082 Te·
978 1034 1035 1083 tum
1058 1031 1167 1095 avertis,
1184 1045 1292 1086 omnem
1308 1039 1411 1087 naturae
1430 1033 1557 1090 ordinem
1576 1037 1676 1102 turbas,
1692 1038 1779 1110 ipsius

127 1119 229 1178 ueritas
250 1128 340 1175 autern
363 1119 519 1174 substantiae
543 1116 627 1189 dhus,
647 1132 700 1188 qua
722 1115 864 1186 speculum
892 1130 925 1171 ex
977 1116 1025 1174 Dei
1050 1117 1245 1189 prouidentiam
1280 1135 1410 1186 excaeeas,
1442 1122 1488 1194 qui
1517 1124 1622 1180 cunctis
1648 1126 1779 1196 operibus

127 1206 231 1265 lumine
260 1206 386 1276 efficitur,
411 1215 492 1278 prout
514 1204 566 1260 icta
592 1221 640 1260 seu
664 1214 737 1259 mota
766 1211 817 1268 est,
840 1202 877 1257 ita
900 1210 927 1259 et
978 1203 1035 1261 suis
1057 1204 1248 1278 intelligendis,
1270 1208 1429 1274 incolendis,
1455 1211 1657 1285 dispensandis,
1682 1213 1778 1271 froen-

127 1294 275 1371 imagiuem
302 1295 422 1359 uibrans,
442 1293 539 1350 evertit
566 1292 665 1347 lineam
697 1292 773 1347 recti.
802 1291 868 1348 ftenr
895 1299 926 1346 ut
979 1293 1076 1365 disque
1104 1292 1214 1349 fallaces
1241 1305 1269 1350 et
1295 1297 1442 1354 mendaces
1469 1299 1596 1356 dominos
1628 1301 1779 1372 prefecerit

129 1386 212 1442 turris
233 1383 342 1440 habitus
365 1382 465 1448 eludat,
489 1380 625 1438 intervalli
648 1379 768 1436 conditio
792 1376 927 1450 compellit
979 1395 1085 1437 sensus.
1101 1383 1198 1440 Annon
1221 1383 1279 1442 istis
1301 1388 1427 1445 universa
1449 1391 1567 1447 conditio
1591 1391 1779 1449 subministra·

128 1472 156 1530 in
171 1481 284 1545 aperto:
300 1471 438 1543 aequalitas
451 1471 522 1525 enim
533 1466 687 1526 circumfusi
703 1468 784 1534 aeris,
795 1469 852 1540 pari
867 1467 927 1523 luce
979 1469 1042 1524 tur‘l
1065 1471 1162 1526 Annon
1178 1488 1225 1542 per
1242 1473 1309 1530 istos
1329 1477 1449 1532 secunda
1471 1492 1578 1550 quoque
1596 1478 1698 1536 mundo
1718 1480 1778 1537 ins-

127 1561 246 1619 testiens
269 1559 391 1633 angulos,
417 1557 552 1614 oblitterat
579 1556 675 1613 lineas.
699 1556 744 1612 Sic
766 1566 794 1612 et
820 1555 926 1612 unifor·
980 1559 1076 1615 tractio
1099 1560 1231 1616 accessit?
1252 1571 1291 1618 tot
1309 1574 1388 1629 artes,
1413 1572 1452 1621 tot
1475 1566 1595 1639 ingenia,
1619 1575 1657 1625 tot
1678 1569 1777 1635 studia,

127 1649 210 1706 initas
232 1648 352 1720 porticus
376 1645 478 1704 acuitur
500 1647 527 1700 in
550 1645 614 1711 fine,
634 1645 699 1702 dum
723 1644 795 1702 acies
813 1644 839 1699 in
859 1659 925 1702 con·
978 1647 1097 1719 negotia,
1112 1645 1211 1715 officia,
1227 1650 1398 1716 commercia,
1412 1653 1542 1721 remedia,
1559 1655 1683 1723 consilia,
1700 1657 1776 1714 soln-

129 1737 206 1794 cluso
226 1736 331 1808 stipata,
350 1735 405 1792 illic
428 1744 552 1792 tenuatur
575 1749 630 1806 quo
649 1742 676 1791 et
701 1733 862 1790 extenditur.
883 1734 926 1790 Sic
942 1709 965 1788 Β
981 1733 1026 1802 tia,
1047 1736 1144 1801 uictus,
1169 1735 1257 1793 cultus
1279 1745 1444 1811 ornatusque
1463 1741 1574 1796 omnia?
1596 1742 1693 1801 Totum
1717 1746 1779 1801 vilar

132 1835 162 1884 et
178 1828 277 1883 coelum
300 1825 367 1881 mari
392 1824 495 1891 unitur,
514 1824 560 1879 ubi
583 1823 651 1882 visio
675 1822 840 1889 absumitur;
865 1839 926 1895 quae
983 1839 1111 1896 saporem
1139 1825 1311 1892 condierunt,
1338 1826 1401 1882 dum
1427 1844 1474 1898 per
1502 1831 1551 1886 bos
1583 1846 1680 1887 sensus
1707 1834 1780 1889 solus

133 1912 264 1986 quamdiu
286 1913 364 1986 riget,
382 1912 484 1967 tamdiu
504 1910 609 1968 dividit.
629 1912 760 1967 Auditum
784 1910 927 1984 veroquid
981 1913 1102 1970 omnium
1121 1914 1203 1972 homo
1218 1916 1317 1971 animal
1335 1917 1467 1973 rationale
1486 1917 1662 1989 dignoscitur,
1677 1919 1779 1976 intelli-

131 2002 206 2059 aliud
229 2000 350 2074 decipiet,
376 2017 457 2072 quam
485 2016 616 2057 sonorum
638 1999 806 2058 similitudo‘l
832 2001 878 2068 Et,
903 2000 929 2056 si
981 2003 1079 2075 gantiae
1098 2013 1223 2077 caparet
1246 2004 1332 2076 ipsius
1347 2005 1509 2065 Academiae.
1526 2006 1580 2062 Sed
1603 2008 1677 2063 enim
1697 2009 1779 2074 Plato,

129 2104 227 2166 postea
241 2090 330 2146 minus
347 2090 432 2161 spirat
447 2096 627 2162 unguentum,
642 2099 669 2147 et
682 2088 771 2145 minus
795 2090 867 2160 sapit
885 2089 927 2145 ti·
981 2106 1016 2147 ne
1030 2091 1104 2163 quod
1128 2092 1313 2149 testimonium
1334 2092 1459 2149 sensibus
1483 2094 1581 2165 signet,
1596 2086 1740 2167 propterea
1755 2104 1781 2151 et

130 2197 206 2247 num,
222 2186 250 2234 et
265 2178 354 2234 minus
369 2179 443 2236 lacus
457 2176 589 2249 fervetis
603 2176 730 2261 omnibps
743 2175 828 2234 ferme
844 2176 930 2249 prima
983 2179 1010 2236 in
1024 2180 1143 2242 Phaedro
1158 2197 1190 2237 ex
1204 2182 1322 2239 Socratis
1337 2198 1452 2255 persona
1467 2191 1550 2256 negat
1573 2199 1603 2239 se
1617 2199 1782 2256 cognoscere

128 2269 170 2328 ris
193 2274 249 2324 tota
268 2267 292 2306 ⁷⁹
310 2274 360 2322 est.
377 2267 522 2339 Caeterum,
535 2266 569 2323 de
591 2267 686 2323 scabro
708 2282 739 2323 ac
756 2265 817 2323 laevi
833 2266 929 2323 merito
983 2283 1065 2341 posse
1080 2270 1264 2341 semetipsum,
1280 2279 1309 2326 ut
1322 2282 1416 2326 monet
1434 2270 1565 2342 Delphica
1582 2271 1740 2344 inscriptio;
1756 2281 1783 2329 ot

129 2372 226 2412 manus
249 2372 282 2412 ac
307 2356 402 2426 pedes,
429 2365 520 2411 tenera
543 2354 648 2413 scilicet
670 2364 696 2411 et
719 2354 818 2411 callosa
842 2371 929 2411 mem·
984 2357 1009 2412 in
1030 2357 1165 2417 Theaeteto
1189 2357 1283 2414 adimit
1304 2357 1354 2414 sibi
1376 2357 1456 2426 scire,
1473 2367 1554 2430 atque
1569 2362 1686 2428 sentire,
1713 2371 1741 2419 et
1755 2361 1783 2418 in

128 2444 189 2511 bra,
210 2442 383 2499 dissentiunt.
404 2442 489 2517 Igitur
513 2444 564 2499 hoo
588 2443 679 2511 modo,
699 2443 774 2500 nulla
802 2459 932 2499 sensuum
984 2446 1112 2513 Pboedro,
1125 2454 1187 2519 post
1208 2455 1323 2503 mortem
1344 2446 1437 2503 differt
1460 2449 1517 2519 (lb)
1540 2449 1700 2505 seutentiam
1713 2450 1783 2506 veri-

129 2532 268 2591 frustratio
282 2549 364 2590 causa
382 2532 493 2589 carebit.
509 2531 586 2602 Quod
606 2532 629 2587 si
648 2547 750 2589 caussae
765 2532 859 2588 fallunt
874 2548 932 2588 seu·
985 2535 1056 2601 tatis,
1071 2536 1242 2607 posthumam
1265 2533 1383 2605 scilicet3
1405 2542 1431 2591 ot
1452 2545 1549 2600 umen,
1566 2538 1687 2594 nondum
1706 2553 1782 2594 mor-

128 2638 187 2689 sus,
201 2631 229 2678 et
253 2639 302 2692 per
322 2638 417 2677 sensus
440 2621 592 2693 opiniones,
606 2621 662 2692 jam
687 2637 739 2677 nec
762 2621 788 2676 in
807 2619 933 2684 sensibus
986 2631 1059 2691 tuus,
1076 2624 1328 2696 philosophabatur.
1344 2625 1405 2683 Non
1419 2623 1493 2693 licet,
1510 2639 1565 2681 uon
1584 2624 1647 2681 licet
1660 2626 1685 2665 8¹
1705 2626 1785 2682 nobis

128 2710 324 2768 constituenda
338 2708 439 2766 fallacia
452 2720 502 2778 est,
517 2710 563 2783 qui
585 2725 693 2765 caussas
708 2716 867 2783 sequuntur,
883 2724 934 2765 nee
987 2712 1014 2767 in
1031 2711 1142 2767 dubium
1165 2728 1260 2768 sensus
1275 2711 1342 2768 istos
1362 2713 1504 2776 devocare,
1521 2729 1555 2767 ne
1578 2722 1605 2768 et
1625 2713 1652 2766 in
1677 2714 1785 2770 Christo

130 2797 315 2871 opinionibus,
333 2815 395 2870 quea
409 2814 426 2854 o
441 2797 563 2855 sensibus
575 2797 740 2870 diriguntur,
757 2797 934 2869 sequentibus
988 2800 1023 2854 de
1037 2798 1089 2854 fide
1104 2814 1199 2856 eorum
1215 2799 1379 2857 deliberetur
1392 2799 1435 2871 ⁸²3
1452 2814 1485 2854 ne
1500 2797 1570 2857 forte
1582 2799 1696 2866 dicatur,
1712 2801 1785 2872 quod

131 2903 251 2944 mamas.
267 2885 319 2957 Qui
333 2885 480 2953 insaniunt,
492 2886 560 2943 alios
574 2885 601 2941 in
617 2885 678 2941 aliis
691 2885 791 2953 vident,
803 2894 834 2942 ut
847 2884 930 2942 Ores·
985 2886 1052 2943 falso
1077 2888 1203 2944 Satanam
1235 2888 1411 2960 prospectarit
1435 2888 1471 2943 do
1497 2889 1567 2944 coelo
1593 2888 1784 2961 praecipitatum

132 2982 175 3033 tes
188 2985 301 3034 matrem
320 2975 347 3031 ia
367 2991 469 3042 sorore,
485 2986 511 3032 ot
530 2977 599 3046 Ajax
613 2975 740 3047 Ulyssem
759 2975 786 3030 in
799 2983 930 3040 armento,
947 2992 970 3072 t
985 2975 1063 3044 (duc.
1079 2989 1110 3040 x,
1123 2975 1179 3045 18),
1194 2981 1239 3029 aut
1254 2974 1323 3031 falso
1338 2990 1432 3032 vocem
1446 2976 1533 3032 Patris
1547 2975 1662 3033 audierit
1677 2977 1710 3032 de
1724 2976 1785 3048 ipso

133 3073 162 3121 ut
183 3066 313 3121 Athamas
327 3072 352 3121 et
365 3066 458 3137 Agaue
476 3063 504 3118 in
529 3062 593 3119 filiis
606 3063 716 3120 bestias.
732 3061 857 3120 Oculisne
880 3062 933 3118 hou
986 3060 1155 3119 testificatam
1170 3061 1280 3133 (batth.
1306 3078 1345 3127 ru,
1363 3064 1423 3135 l'l);
1447 3072 1494 3119 aut
1518 3064 1646 3136 deceptus
1665 3065 1700 3120 sit
1723 3081 1785 3121 cunr

133 3151 303 3209 mendacium
318 3153 504 3223 exprobrabis,
518 3168 552 3207 aa
567 3151 669 3209 furiis‘l
684 3151 736 3222 Qui
752 3147 932 3209 redundantia
985 3151 1056 3207 Petri
1079 3165 1187 3206 socrum
1213 3148 1298 3220 tetigit
1322 3150 1432 3219 (lfottb.
1457 3167 1519 3216 vrrs,
1546 3155 1611 3224 lb);
1636 3159 1682 3208 aut
1701 3153 1784 3209 aliurn

133 3241 205 3299 fellis
219 3241 381 3312 auruginant
396 3242 466 3311 (th),
482 3256 573 3296 amara
586 3247 649 3296 sunt
663 3240 764 3297 omnia.
780 3241 850 3296 Num
865 3253 931 3311 ergo
986 3249 1080 3311 postea
1094 3238 1226 3311 unguenti
1240 3237 1355 3295 senserit
1373 3239 1508 3311 spiritum,
1523 3240 1597 3312 quod
1616 3241 1643 3296 in
1657 3242 1784 3313 sepultu-

133 3331 227 3406 gustui
240 3326 332 3388 676
342 3329 589 3401 praevaricationem
605 3328 796 3401 exprobrabis,
809 3344 843 3384 an
858 3329 932 3385 vale·
986 3341 1042 3383 ram
1066 3342 1144 3382 suam
1167 3328 1323 3397 acceptavit,
1348 3325 1429 3382 aliurn
1453 3335 1547 3398 postea
1567 3328 1620 3384 uini
1645 3343 1783 3400 saporem,

133 3419 281 3476 tudinem?
294 3418 396 3476 Omnes
417 3419 509 3491 itaque
529 3434 623 3474 sensns
637 3427 805 3482 euertuntur,
820 3417 861 3473 rel
877 3415 931 3471 cir·
985 3416 1058 3489 quod
1082 3417 1110 3471 in
1133 3415 1271 3488 sanguinis
1296 3415 1336 3470 sui
1361 3417 1521 3473 memoriam
1539 3416 1714 3473 consecravit.
1740 3417 1785 3476 Sic

132 3509 345 3568 cumveniuntur
371 3508 406 3565 ad
433 3516 547 3580 tempus,
572 3515 601 3563 ut
626 3506 790 3578 proprietate
818 3504 931 3561 fallaciae
985 3508 1058 3562 enirn
1072 3513 1098 3561 et
1111 3504 1231 3561 Marcion
1245 3505 1404 3576 phantasma
1417 3522 1480 3563 eum
1499 3505 1593 3561 maluit
1610 3505 1731 3572 credere,
1748 3515 1785 3563 to-

132 3606 254 3656 caresnt.
270 3598 328 3656 lmo
347 3600 405 3669 iam
418 3613 454 3654 ne
473 3597 541 3669 ipsis
555 3595 666 3669 quidem
684 3594 773 3652 causis
791 3593 931 3650 ascriben-
987 3594 1039 3650 tias
1065 3592 1188 3665 corporis
1211 3592 1240 3648 in
1263 3591 1308 3648 illo
1331 3591 1496 3666 dedignatus
1520 3592 1673 3649 ueritatem.
1695 3588 1783 3650 θη

133 3686 198 3743 dum
213 3693 255 3744 est
268 3684 381 3743 [abacia
395 3683 525 3758 elogium.
539 3683 567 3740 Si
587 3684 659 3738 enim
673 3683 776 3738 ratione
791 3682 849 3737 baec
863 3679 933 3738 acci·
986 3681 1086 3754 Atquin
1105 3697 1139 3738 ne
1153 3681 1180 3738 in
1195 3680 1326 3752 apostolis
1339 3682 1448 3754 quidem
1463 3683 1525 3752 eius
1540 3680 1676 3738 ludificata
1688 3688 1786 3738 natura

134 3776 212 3844 dant,
237 3775 306 3833 ratio
335 3774 442 3831 fallacia
462 3773 598 3846 perhiberi
624 3787 677 3828 non
702 3778 831 3828 merctur.
852 3769 933 3840 Quod
986 3781 1039 3829 est.
1055 3770 1152 3827 Fidelis
1167 3769 1218 3826 fuit
1231 3778 1259 3827 et
1272 3770 1347 3829 visus
1362 3779 1389 3826 et
1402 3771 1512 3828 auditus
1527 3769 1556 3826 in
1570 3777 1662 3827 monte
1673 3769 1785 3841 (batth.

134 3866 175 3923 sic
193 3863 253 3922 fieri
277 3872 393 3938 oportet,
409 3861 577 3949 mendacium
602 3875 657 3918 non
675 3870 726 3916 est.
742 3860 835 3933 Itaque
859 3859 882 3916 si
906 3867 933 3917 et
987 3862 1083 3931 xvrr):
1123 3857 1211 3915 fidelis
1242 3867 1270 3914 ct
1296 3869 1391 3932 gustus
1418 3859 1474 3917 uini
1504 3858 1588 3925 illius,
1619 3857 1682 3915 licet
1709 3874 1786 3932 aquae

832 3993 929 4058 Variae
944 3997 1101 4059 lectiones.

140 4180 150 4226 t
172 4098 314 4228 ”sfotum
328 4101 395 4157 fua.
412 4094 605 4154 ⁸⁰Academice
620 4092 811 4169 procacissime
824 4093 904 4148 Pom.
922 4089 1010 4150 Rhea.
1024 4091 1119 4146 81Νιιιι
1134 4089 1195 4146 licet
1209 4090 1400 4148 senacharib.
1415 4091 1495 4147 Pota.
1510 4088 1599 4147 Rhea.
1619 4089 1646 4128 ⁸²
1659 4086 1784 4147 Delibre·

151 4187 186 4227 nr
213 4189 262 4231 ua.

838 4256 1088 4323 Commentarius.

172 4360 212 4430 (3)
226 4361 298 4418 Nam
312 4365 348 4418 et
365 4362 398 4416 in
411 4377 484 4434 aquo
506 4374 602 4416 remus
621 4358 758 4428 inflexus.
772 4356 801 4412 Si
819 4354 928 4428 quaudo
945 4368 1073 4446 urorum
1095 4358 1145 4408 est.
1170 4349 1224 4406 Sed
1240 4357 1267 4404 et
1280 4348 1330 4429 oui·
1340 4364 1463 4418 saporem
1479 4347 1617 4421 proprium
1632 4347 1785 4405 redundans

137 4447 231 4489 remus
252 4448 328 4504 aquus
351 4432 493 4489 immersus
511 4432 611 4487 fractos
632 4428 763 4495 uideatur,
780 4436 826 4483 aut
849 4425 929 4482 turris
984 4424 1027 4480 sui
1042 4424 1111 4480 felbs
1133 4421 1285 4481 amaritudo
1305 4419 1418 4490 uitiauit,
1435 4422 1458 4475 si
1480 4420 1568 4476 dulcia
1589 4418 1669 4474 mella
1683 4420 1785 4491 degus-

135 4504 269 4577 quadrsta
281 4515 409 4575 appareat
425 4505 548 4569 rotunda,
564 4503 591 4556 id
612 4501 676 4559 uitio
699 4510 727 4557 et
741 4498 828 4557 errori
842 4497 929 4553 sensi·
985 4503 1034 4561 tet,
1051 4503 1080 4551 ut
1103 4510 1221 4551 arnararn
1236 4489 1405 4548 dulcedinem
1427 4487 1514 4545 mellis
1533 4489 1655 4557 infamat,
1671 4505 1725 4546 non
1740 4505 1786 4546 re·

135 4575 189 4631 bus
209 4574 292 4630 tribui
314 4589 367 4630 non
391 4575 480 4639 debet,
497 4578 542 4629 sed
558 4572 705 4630 intellectui
722 4591 729 4631 :
745 4586 840 4629 seusus
858 4568 932 4624 enirn
984 4582 1155 4638 cognoscens
1174 4564 1274 4620 malurn
1299 4562 1417 4634 propriae
1431 4559 1628 4616 amaritudinis.
1647 4583 1661 4611 ι
1683 4564 1720 4616 La
1736 4562 1784 4616 Pa.

136 4645 252 4704 facultas
274 4654 317 4702 est
338 4644 469 4702 ratiocinii
489 4660 594 4715 expers,
613 4647 684 4701 unde
707 4644 753 4700 illa
777 4641 933 4725 apparentia
1021 4640 1079 4708 (15)
1093 4639 1169 4695 Elin
1182 4634 1301 4692 Pboedro
1313 4630 1627 4757 gostnrorlemdissert.
1640 4631 1787 4710 Peculiaria

135 4716 229 4775 fucum
248 4718 336 4774 facere
357 4732 410 4772 non
434 4725 529 4785 potest,
544 4731 606 4772 cum
625 4726 714 4772 manen
736 4716 770 4770 de
793 4713 933 4769 intellectu
986 4710 1096 4780 quidem
1120 4710 1198 4765 verba
1222 4706 1294 4778 apud
1340 4704 1455 4758 latonem
1475 4717 1504 4755 m
1522 4700 1639 4758 Panare
1667 4716 1787 4770 reperire

136 4804 194 4845 non
208 4789 281 4843 idem
297 4787 408 4843 accidat.
423 4787 542 4843 Rationis
557 4788 630 4842 enim
644 4788 777 4859 particeps
796 4793 838 4842 est
851 4782 933 4838 intel·
987 4795 1043 4836 non
1059 4781 1140 4848 potui,
1157 4778 1206 4834 sed
1228 4792 1261 4832 eo
1281 4774 1413 4847 pertinere
1437 4771 1503 4828 mibi
1522 4773 1640 4837 videtur,
1655 4771 1728 4842 quod
1749 4771 1785 4825 ihi

135 4859 237 4925 frctus,
258 4870 340 4930 atque
363 4874 424 4915 curn
448 4858 627 4914 sensationam
649 4858 744 4915 factam
768 4857 856 4926 sentit,
879 4868 933 4911 aon

136 4931 254 4988 ulterius
276 4929 450 5006 progreditur
478 4930 511 4984 ad
541 4930 614 4986 illius
637 4945 758 4994 examen,
782 4929 829 4983 sed
856 4925 934 4997 iudi-

136 5002 213 5058 cium
235 5017 356 5073 praeceps
373 5010 488 5065 exercet,
507 5001 579 5057 unde
600 5016 676 5056 error
695 4999 785 5056 omnis
808 4999 860 5068 ipsi
882 4997 934 5053 tri-

136 5073 262 5129 buendus
288 5083 338 5138 est,
361 5071 487 5143 quoniam
518 5087 551 5127 ea
579 5087 633 5128 non
662 5070 787 5142 expendit
808 5085 869 5142 quae
891 5066 935 5124 sui

138 5144 261 5202 muneris
274 5151 347 5199 sunt.
363 5145 403 5199 La
419 5143 467 5198 Pa.

173 5217 232 5286 llil
255 5217 308 5284 Qui
335 5214 527 5273 redundantia
548 5215 625 5284 scilia
648 5213 834 5284 canapinam.
860 5211 937 5266 llunc

142 5286 217 5342 οιιιιιι
244 5287 337 5343 Ιοιιιιιι
361 5288 485 5342 tractavit
506 5284 636 5341 aduersus
660 5285 776 5339 Arianos
800 5282 937 5354 Georgius

143 5356 265 5424 murus,
281 5358 328 5413 ubi
345 5356 378 5413 de
393 5356 522 5427 sapientia
541 5356 598 5413 Dei.
621 5378 632 5405 ι
646 5356 719 5411 Nihil
738 5354 766 5410 in
789 5353 838 5409 illa
851 5354 937 5409 since·

142 5428 243 5486 rissimi
257 5427 365 5485 decoris
385 5427 530 5499 aspiciunt,
545 5428 638 5499 inquit,
658 5428 728 5483 sicut
751 5433 778 5481 et
797 5424 938 5497 lippienti·

141 5500 193 5559 bus
216 5501 306 5558 oculis
328 5499 403 5556 nulla
417 5507 460 5555 est
482 5497 552 5556 uisio
574 5498 703 5570 veritatis,
717 5495 937 5569 quandoquidem

141 5571 219 5632 aliter
251 5588 346 5632 eorum
383 5571 518 5630 renuntiat
551 5578 684 5644 aspectus,
712 5584 793 5643 quam
823 5567 853 5624 in
883 5566 938 5624 fide

987 4852 1192 4933 philosophatur
1214 4849 1247 4903 de
1270 4844 1422 4911 animabus,
1446 4860 1508 4915 quae
1529 4846 1590 4914 post
1609 4845 1679 4898 hanc
1704 4841 1787 4898 uitam

988 4939 1016 4977 ru
1047 4920 1229 4992 supercoelesti
1258 4916 1327 4984 loco,
1357 4915 1384 4971 id
1416 4916 1490 4988 quud
1523 4930 1616 4972 revera
1643 4921 1699 4980 est,
1729 4913 1788 4970 sive

989 4994 1073 5064 ipsas
1107 4993 1259 5055 veritatem,
1289 4988 1386 5045 intueri
1417 4993 1565 5055 merentur,
1595 4994 1622 5041 et
1650 4985 1693 5040 bis
1726 5000 1786 5056 qum

990 5079 1083 5119 reuera
1110 5073 1172 5119 sunt
1195 5060 1334 5132 inspectis,
1357 5074 1452 5115 rursus
1474 5059 1544 5129 apud
1568 5057 1701 5113 internam
1723 5055 1787 5114 omli

990 5142 1093 5207 partem
1108 5143 1289 5198 reuertuntur,
1305 5130 1454 5201 etquidem
1475 5131 1559 5185 multo
1582 5128 1673 5186 studio
1693 5143 1788 5184 ornnes

990 5207 1072 5264 teneri
1089 5205 1195 5263 uidendi
1210 5220 1269 5262 carn
1289 5220 1334 5259 um
1348 5201 1481 5267 veritatis,
1492 5202 1602 5258 ubinam
1618 5202 1663 5256 sit.
1675 5200 1788 5255 Pau.-

990 5281 1026 5336 llt
1050 5279 1080 5333 in
1099 5277 1226 5335 Phaedre.
1279 5274 1392 5330 inimum
1415 5274 1490 5329 abest
1509 5273 1574 5342 quin
1597 5273 1629 5326 ιιι
1650 5270 1789 5327 Pboedouc

991 5351 1135 5422 legendum
1155 5348 1317 5412 existimem,
1333 5352 1362 5400 ut
1382 5344 1409 5398 in
1434 5359 1493 5414 cap.
1510 5341 1643 5414 sequenti,
1656 5339 1702 5394 ubi
1717 5339 1790 5393 testi·

992 5423 1114 5478 monium
1135 5419 1225 5476 affert.
1247 5419 1333 5475 Voces
1355 5415 1437 5472 etiam
1456 5412 1564 5470 attende
1587 5413 1789 5488 postmortem

992 5493 1106 5565 dissert.
1131 5491 1276 5548 Morituros
1298 5487 1370 5544 eninr
1390 5487 1555 5543 Phaedonem
1577 5485 1740 5552 composuit,
1762 5488 1790 5536 et

993 5563 1201 5640 philosophatus
1221 5567 1262 5618 est
1282 5558 1420 5632 Socrates,
1434 5565 1542 5630 sumpto
1554 5566 1669 5613 ueneno.
1685 5551 1725 5611 ba
1737 5551 1789 5614 Pa·
