3848 6120
142 286 197 352 ies
796 260 919 363 Ι11666
937 295 980 363 66
999 296 1114 363 imit.
1736 295 1790 360 rei

141 413 249 483 linium,
264 417 376 487 situum,
391 413 554 488 officiorum,
570 421 722 481 necessario
735 427 762 480 et
779 422 877 493 anima,
892 424 937 483 di·
953 440 977 523 Ι
991 426 1066 501 quod
1079 424 1168 486 adhue
1179 429 1318 484 cunctatur
1328 421 1488 497 incorpore,
1500 421 1620 482 enuntiat
1631 437 1692 498 quae
1702 421 1788 493 videt,

140 505 296 562 labentibus
319 507 448 579 paulatim
471 507 665 580 instrumentis,
690 521 716 570 et
734 513 887 582 domiciliis,
911 524 938 572 61
991 531 1053 588 quae
1066 515 1150 585 audit,
1166 530 1226 587 quis
1240 513 1335 586 incipit
1349 529 1440 571 nosse.
1457 513 1486 569 Si
1499 513 1570 569 enim
1594 529 1695 586 eorpus
1717 514 1788 571 istud

140 593 237 667 spatiis
265 597 330 660 suis,
352 595 480 669 paulatim
506 606 533 654 et
556 600 615 670 ipss
643 601 760 675 migrare
787 602 936 676 compulsa,
991 602 1129 661 Platonica
1152 603 1285 661 sententia
1299 600 1354 673 (63)
1369 618 1472 669 career,
1487 609 1615 659 caeterum
1642 605 1790 675 apostoliea

140 683 287 741 deducitur
304 684 333 740 in
351 685 536 744 diminutionis
560 688 694 763 effigiem
710 705 763 747 non
778 691 832 749 alio
847 693 938 764 modo,
992 690 1019 762 (l
1032 693 1092 748 Cor.
1109 706 1149 757 ιιι,
1166 692 1210 760 16)
1224 689 1275 746 Dei
1289 690 1500 762 templum‚eum
1510 690 1539 746 iii
1549 691 1657 749 Christo
1672 703 1727 759 est3
1740 692 1790 748 sed

139 789 226 847 quam
252 789 308 844 quo
334 785 360 832 et
388 775 514 848 aurigam
542 777 632 850 ipsum
666 795 775 853 quoque
806 774 939 840 deiecisse
992 779 1101 837 interim
1120 781 1238 837 enimam
1261 788 1390 851 consepto
1404 795 1455 838 sno
1469 780 1596 847 obstruit,
1611 781 1788 848 etobsourat,

138 861 326 932 presumitur,
357 879 420 921 oum
448 864 519 921 vires
546 882 677 941 equorum
705 869 861 944 delatigutio
886 871 938 929 de·
991 861 1019 926 et
1032 869 1205 927 concretione
1223 867 1315 925 earnis
1332 868 1456 936 inlaecat3
1476 870 1549 927 unde
1571 869 1790 940 intueturper

138 950 271 1023 negauit,
305 964 435 1023 quamam
463 954 498 1011 de
525 954 703 1027 dispositione
734 957 854 1016 destituti
882 958 938 1018 ho·'
991 968 1119 1016 corneum
1142 960 1264 1031 specular
1289 959 1356 1029 (61),
1381 957 1531 1016 obsoletior
1552 958 1603 1016 lux
1626 973 1719 1015 rerum
1737 965 1788 1025 est,

137 1039 233 1105 minis,
262 1055 317 1096 non
343 1040 377 1097 de
404 1041 539 1114 passionis
561 1044 682 1102 veritate.
703 1046 815 1104 Perinde
843 1049 939 1124 auriga
991 1046 1086 1120 procul
1100 1047 1183 1106 dubio
1205 1063 1265 1105 eum
1289 1047 1315 1104 vi
1336 1047 1432 1104 mortis
1455 1048 1617 1121 exprimitur
1630 1047 1665 1103 de
1678 1062 1789 1105 666666·

136 1127 265 1199 corporis
284 1128 546 1204 66666166666666166,
566 1131 716 1190 deliciantis
736 1135 865 1195 vectaculi
884 1151 937 1194 no·
992 1137 1064 1194 tione
1077 1136 1175 1208 earnis,
1200 1145 1226 1194 et
1247 1136 1307 1209 ipsa
1330 1136 1506 1210 expres=ione
1526 1138 1643 1203 colatur,
1659 1144 1733 1194 certe
1754 1135 1789 1193 de

136 1214 222 1284 mine,
237 1231 292 1272 non
308 1232 368 1284 suo,
384 1215 480 1288 delicit,
494 1233 580 1291 opere
592 1221 736 1291 decedens,
754 1238 808 1282 non
828 1224 935 1300 vigore3
991 1239 1113 1298 oppanso
1137 1227 1259 1298 corporis
1273 1225 1392 1296 emmpit
1405 1224 1432 1280 in
1448 1237 1582 1298 apertum,
1597 1225 1632 1281 66
1646 1232 1789 1282 memmei

136 1313 200 1362 actu
220 1305 380 1378 elanguens,
400 1322 454 1363 non
473 1316 559 1377 statu;
579 1312 769 1380 constantiam,
793 1329 847 1371 non
871 1313 938 1371 suh·
991 1329 1088 1386 puram
1109 1322 1136 1372 et
1157 1329 1236 1371 suam
1251 1315 1338 1373 lucem
1351 1313 1442 1371 statim
1455 1315 1630 1388 semetipsam
1652 1315 1679 1370 in
1703 1329 1788 1384 expe·

134 1392 265 1450 stantiam
279 1393 442 1466 decoquens,
454 1395 517 1467 quia
531 1413 686 1469 comparere
700 1409 797 1469 cessat,
809 1417 864 1459 non
875 1401 938 1474 quia
991 1401 1095 1458 ditione
1122 1401 1281 1459 substantie
1304 1402 1495 1475 recognoscit,
1520 1414 1548 1460 et
1569 1403 1597 1458 iu
1622 1402 1789 1459 divinitatem

138 1496 213 1539 esse.
231 1481 278 1540 Sic
296 1492 324 1540 et
342 1483 435 1554 rapida
453 1501 567 1557 quaeque
586 1501 660 1543 mors
676 1488 742 1560 (61),
758 1495 789 1544 61
802 1488 936 1544 cervicum
991 1488 1050 1560 ipsa
1064 1489 1187 1545 libertate
1202 1489 1345 1560 resipiscit,
1360 1498 1390 1546 ut
1405 1488 1439 1545 de
1454 1504 1559 1547 somnio
1578 1505 1731 1563 emergens,
1752 1490 1787 1545 ab

137 1571 249 1635 messis,
263 1572 384 1628 66666199
398 1580 498 1628 tantam
511 1575 623 1644 januam
638 1576 768 1646 6666666,
782 1576 938 1634 6166666699
989 1577 1154 1651 imaginibus
1167 1580 1200 1635 66
1216 1579 1342 1636 veritates
1354 1597 1361 1634 r
1373 1586 1437 1637 tune
1450 1587 1478 1635 et
1491 1578 1615 1634 enuntiat
1626 1592 1688 1650 quae
1702 1576 1786 1642 videt,

136 1658 179 1715 vis
193 1660 278 1718 semel
292 1661 382 1718 omnia
399 1661 522 1718 vitalia⁹1
537 1663 640 1721 elidens
655 1667 723 1738 (aa),
739 1676 767 1723 ut
785 1664 936 1740 apoplexis,
990 1675 1054 1725 tnnc
1067 1669 1184 1725 exsultat
1196 1676 1244 1725 ant
1258 1666 1386 1739 trepidet,
1411 1673 1492 1740 prout
1515 1674 1667 1739 paraturam
1685 1665 1787 1723 dever-

137 1749 253 1808 interior
285 1749 383 1819 ruins,
413 1753 513 1808 nullam
542 1754 639 1811 animae
671 1770 776 1812 moram
805 1764 952 1831 prestat,
990 1754 1055 1813 sorii
1074 1755 1115 1813 sni
1134 1757 1229 1823 sentit,
1250 1754 1286 1814 66
1303 1754 1388 1828 ipsius
1406 1755 1496 1812 statim
1514 1753 1684 1831 66661666)
1708 1755 1785 1821 16666,

140 1854 194 1895 nee
225 1837 369 1896 discemum
398 1843 459 1911 ejus
491 1841 517 1896 in
550 1851 685 1900 momente
717 1846 869 1903 discruciat.
901 1846 936 1901 61
952 1828 975 1908 Β
989 1843 1124 1903 vocatoris
1135 1843 1297 1912 animarum,
1312 1841 1598 1915 lleiouriipcetsrum.

139 1926 190 1982 ubi
219 1927 299 2001 longa
324 1944 408 1997 mors,
438 1938 519 2002 prout
546 1929 681 1990 deseritur
707 1933 814 2004 anima,
843 1933 882 1991 ita
908 1944 935 1992 et

136 2011 258 2088 deserit3
272 2031 327 2073 non
342 2025 432 2075 tamen
456 2016 606 2077 conciditur
623 2020 764 2088 66616666,
780 2024 828 2081 666
842 2030 933 2081 extra·
1284 1985 1399 2047 CAPUT
1417 1984 1485 2045 LIV·

133 2103 231 2174 hitnr3
260 2113 288 2162 et
315 2106 379 2163 dum
407 2108 577 2181 extrahitur,
611 2113 824 2183 postremitatem
855 2130 933 2171 suam
1022 2113 1083 2184 Quo
1102 2113 1185 2189 igitur
1206 2110 1357 2171 deducetur
1369 2110 1470 2177 666666,
1483 2110 1541 2182 jam
1556 2107 1619 2166 hinc
1633 2106 1784 2166 reddimus.

135 2203 243 2264 partem
264 2193 350 2252 videri
374 2195 447 2253 iacit.
464 2197 524 2253 Nori
539 2199 628 2254 omnis
648 2207 739 2257 autem
763 2202 933 2272 6666616166
985 2200 1087 2260 Omnes
1111 2201 1195 2258 ierme
1219 2199 1385 2275 philosophi,
1411 2198 1457 2272 qui
1475 2197 1703 2255 immortalitatem
1722 2196 1785 2255 ani-

133 2288 163 2337 rt
181 2282 306 2339 6666666
330 2291 372 2341 661
396 2284 460 2358 quia
484 2292 591 2356 postem
609 2296 665 2360 est;
686 2304 735 2347 neo
752 2289 815 2362 quia
833 2291 933 2364 exigua
985 2306 1047 2357 niae,
1063 2288 1181 2363 qualiter
1198 2289 1302 2354 volunt,
1319 2297 1407 2344 tamen
1421 2286 1448 2327 ⁹³
1461 2285 1607 2354 vindicant,
1632 2295 1662 2343 ut
1684 2285 1786 2358 Pytha·

132 2376 187 2441 eat,
205 2371 297 2428 stetini
315 2374 461 2445 61666699
480 2374 600 2446 66661666
617 2386 668 2433 661.
689 2378 816 2450 Sequitur
833 2380 933 2439 seriem
985 2395 1077 2454 porus,
1098 2388 1127 2435 ut
1149 2376 1337 2452 Empedocles,
1353 2383 1383 2433 nt
1396 2375 1485 2442 Plato,
1501 2375 1601 2447 quique
1614 2374 1721 2447 aliquod
1745 2372 1784 2430 illi

132 2473 204 2516 suns
216 2458 289 2532 6666,
309 2468 337 2518 61
356 2458 424 2519 m
441 2463 612 2522 mediocritas
628 2464 741 2522 trahitur
759 2467 793 2523 ad
813 2484 929 2536 summa,
986 2477 1093 2539 tempus
1111 2466 1255 2539 indulgent
1268 2467 1327 2538 (66)
1346 2466 1379 2522 66
1397 2480 1511 2522 excessu
1530 2463 1660 2536 usquein
1679 2462 1784 2520 conha-

133 2554 162 2603 et
180 2547 303 2621 reliquiae
318 2549 482 2607 universitati
499 2555 667 2609 cohaerentes
686 2564 874 2626 exspectantur
892 2557 928 2614 66
985 2557 1138 2633 prationem
1163 2553 1356 2626 universitatis,
1385 2561 1414 2611 ut
1442 2551 1536 2620 Stoici,
1565 2566 1628 2609 suas
1654 2555 1735 2619 solas,
1755 2553 1783 2609 id

132 2634 191 2703 illa,
208 2652 262 2692 non
277 2638 475 2710 derelinquunt.
486 2642 574 2713 ilique
588 2641 625 2696 ita
638 2644 723 2699 ausim
737 2643 838 2711 dicere,
850 2646 933 2703 totius
986 2656 1028 2703 est
1054 2645 1209 2720 sapientum
1236 2644 1357 2710 animas,
1386 2641 1416 2697 iu
1445 2642 1571 2714 supernis
1598 2641 1784 2699 mansionibus

132 2724 271 2798 ultimum,
286 2736 372 2784 totum
386 2736 450 2785 est:
470 2730 535 2801 quia
550 2730 611 2788 lieet
625 2732 712 2789 minus
736 2742 816 2806 atque
835 2742 931 2805 poste·
988 2735 1132 2792 collocent.
1150 2731 1233 2792 1Ιῦ
1247 2732 1324 2787 Plato
1338 2729 1449 2800 quidem
1464 2745 1518 2785 nori
1535 2738 1634 2786 temere
1650 2730 1708 2802 (6¹1)
1724 2731 1783 2800 phi-

131 2814 192 2871 rius
210 2815 256 2881 sii,
276 2816 362 2886 ipsius
380 2831 429 2874 est.
450 2820 519 2879 iiiuc
536 2821 653 2895 denique
667 2823 766 2895 evenit,
783 2841 856 2896 saepe
870 2826 933 2883 ani-
987 2823 1164 2898 losopborum
1182 2821 1323 2877 animabus
1343 2819 1396 2876 hoc
1419 2825 1537 2889 praestat,
1557 2817 1717 2875 acdeorum
1735 2822 1782 2890 qui

130 2918 208 2958 main
225 2902 254 2959 in
277 2903 336 2976 ipso
351 2905 465 2964 divortio
486 2909 621 2980 potentius
640 2910 750 2984 agitari,
766 2912 928 2972 sollicitiore
986 2911 1184 2984 philosophiam
1210 2909 1313 2966 scilieet
1344 2906 1532 2966 cremaverint
1559 2923 1651 2965 amore
1678 2924 1781 2979 puero-

129 2992 242 3064 obtotn,
265 2994 474 3052 extraordinaria
497 2997 669 3069 loquacitate,
695 3000 760 3056 dnm
779 3016 812 3057 ex
832 3001 928 3074 majori
981 3017 1051 3058 rum.
1075 3000 1152 3058 6666
1173 2998 1253 3056 etiam
1272 2998 1342 3054 inter
1356 2997 1533 3069 philosophos
1552 3012 1681 3072 maguum
1697 2997 1781 3054 hahet

129 3088 278 3155 66666616,
297 3080 355 3152 jam
378 3081 406 3138 in
427 3084 513 3143 libero
526 3088 679 3160 constituta,
695 3104 743 3161 per
761 3088 927 3161 superfluum
942 3061 964 3142 c
977 3090 1151 3165 privilegium
1165 3086 1317 3160 impuritas.
1332 3087 1426 3159 ltaque
1444 3085 1517 3160 apud
1540 3086 1617 3143 illuni
1641 3085 1668 3143 in
1692 3087 1778 3144 6166-

813 3237 910 3306 Vaiiae
925 3244 1084 3307 lectiones.

165 3363 251 3449 oeyle
261 3366 326 3425 add.
342 3370 404 3441 Rip.
427 3370 487 3427 Veri.
501 3369 527 3408 99
542 3371 575 3426 Ut
593 3370 678 3428 minae
689 3370 776 3429 libers.
792 3374 871 3430 Pom.
884 3373 969 3431 Semi.
983 3373 1096 3435 066616.
1112 3382 1141 3431 61
1155 3375 1232 3430 ruina
1245 3374 1304 3432 cod.
1320 3373 1401 3448 1666.
1417 3380 1463 3429 661
1473 3370 1559 3428 ruinae
1574 3373 1633 3445 1116.
1650 3373 1712 3429 l'err.
1731 3371 1778 3428 166.

131 3436 241 3526 lirani.
255 3435 279 3478 ⁹¹
292 3437 386 3497 6616166
398 3441 473 3500 obest
487 3457 505 3498 o
518 3443 584 3498 Per.
600 3441 676 3501 otiis.
704 3441 730 3482 ⁹²
754 3444 816 3516 lpsa
830 3445 908 3501 obest
927 3447 1024 3505 raPor.
1040 3447 1106 3505 aliis
1120 3445 1146 3487 ⁹³
1160 3446 1278 3503 Tantum
1292 3445 1380 3504 lihesi.
1394 3443 1478 3504 Semi.
1495 3449 1633 3515 tanquam.
1644 3444 1724 3501 Pam.

832 3592 1083 3661 Commentarius.

165 3727 280 3799 (616666
293 3731 321 3783 61
336 3727 435 3800 rapido
448 3744 564 3801 qumque
576 3744 661 3785 mors.
676 3728 782 3785 Tractat
794 3727 839 3783 hie
852 3744 925 3800 quae·
977 3726 1025 3802 qui
1039 3725 1162 3785 similiter
1184 3729 1211 3784 iu
1236 3726 1384 3786 Charmide
1402 3725 1507 3783 vocarit
1522 3739 1630 3782 earnem
1647 3740 1777 3783 corneum

128 3797 248 3880 61666666
261 3797 439 3879 6666661616
452 3798 555 3855 mortis.
570 3800 640 3855 Nam
653 3798 798 3856 adanimae
813 3798 927 3855 immor·
978 3800 1112 3925 specular.
1141 3798 1243 3855 Alludit
1267 3804 1381 3869 uterque
1410 3796 1443 3851 ad
1472 3803 1565 3867 portas
1592 3810 1719 3853 corneam
1748 3804 1778 3853 et

129 3868 272 3939 tahtatem,
287 3883 346 3926 sive
361 3868 562 3927 diuturnitatem
576 3878 637 3939 post
651 3877 764 3926 mortem
779 3870 924 3940 plurimum
977 3883 993 3926 e
1013 3886 1125 3926 urneum
1140 3870 1307 3928 somniorum
1320 3866 1394 3938 6666
1408 3867 1563 3924 Homerum.
1577 3865 1642 3923 Lae.

128 3940 286 3998 conducere
304 3941 397 3995 mortis
415 3956 501 4013 genus
526 3941 654 4012 66166661
681 3939 834 4012 6661666666
853 3956 924 4010 prae·
1013 3940 1070 4023 (66)
1085 3944 1123 3999 lle
1136 3942 1225 4015 ipsios
1239 3942 1340 3997 statim
1359 3938 1531 4021 6666616616.
1551 3937 1629 3994 Putre
1647 3953 1779 4010 apparere

127 4008 222 4083 cipue,
237 4009 286 4083 qui
299 4025 456 4083 corpoream
476 4011 593 4068 animum
615 4027 678 4068 eum
697 4012 862 4067 Tertulliano
880 4010 924 4067 ia·
978 4025 1103 4084 cuiqnam
1130 4012 1257 4084 angelum
1275 4010 1302 4066 iii
1318 4008 1372 4068 fine
1384 4017 1455 4075 vitae,
1467 4008 1538 4065 sieut
1552 4023 1633 4078 supra
1646 4008 1674 4064 in
1689 4009 1778 4080 initio,

128 4080 250 4147 ciebant,
267 4088 296 4137 ut
310 4081 402 4152 Stoici,
424 4098 459 4138 au
482 4083 586 4139 seilicet
605 4085 681 4138 ruina
695 4097 840 4152 oppressus
853 4082 924 4154 quis,
979 4090 1006 4137 et
1027 4098 1044 4137 6
1066 4083 1202 4140 nativitate
1224 4079 1504 4150 indicaviteomitari3
1531 4087 1559 4135 et
1583 4080 1778 4153 6666166666-

130 4168 167 4206 an
181 4166 253 4223 aqua
265 4152 388 4220 obrutus,
408 4154 450 4210 vel
472 4153 525 4209 alio
549 4170 649 4227 genere
667 4153 763 4210 mortis
778 4152 926 4224 repentium
981 4151 1120 4209 duetorem
1135 4163 1209 4209 notat
1221 4152 1255 4207 66
1269 4165 1324 4222 qno
1338 4150 1557 4222 chrysostomus,
1571 4149 1646 4205 hom.
1661 4154 1694 4206 29
1704 4153 1737 4207 irs
1752 4168 1776 4209 c.

135 4226 285 4291 raperetur.
307 4223 419 4280 Servius
431 4223 458 4278 in
474 4240 484 4279 i
498 4226 562 4283 666.
579 4246 590 4274 i
607 4223 743 4297 ingemuit
756 4223 854 4278 AEneus
873 4237 927 4278 nori
943 4201 966 4280 ὓ
982 4237 1032 4278 viii
1054 4223 1151 4280 116116.
1165 4230 1192 4277 61
1206 4226 1284 4281 Hom.
1300 4222 1333 4280 dc
1348 4222 1463 4287 666666,
1489 4220 1526 4276 66
1546 4235 1608 4292 666.
1624 4235 1670 4276 ιιι
1685 4221 1777 4278 Lace.

136 4301 249 4363 propter
259 4303 386 4358 mortem,
410 4293 456 4350 sed
500 4304 591 4366 ropter
614 4294 708 4351 mortis
729 4293 928 4366 6666666666
981 4294 1046 4351 666.

133 4372 179 4421 est
200 4364 283 4434 enini,
306 4366 454 4421 seeundum
479 4312 634 4430 flomerum,
658 4364 748 4436 perire
778 4361 929 4447 naufragio,
1020 4364 1078 4433 (66)
1099 4364 1203 4436 Quique
1217 4360 1330 4442 aliquod
1351 4361 1400 4442 illi¹
1420 4365 1531 4442 tempas
1552 4360 1709 4431 inculpent.
1725 4361 1779 4417 lla-

178 4433 184 4445 '
215 4436 648 4509 animaestignea,etrxstinqui
662 4436 769 4492 videtur
783 4434 811 4490 in
825 4449 928 4490 mari.»
984 4433 1090 4490 tioualis
1126 4433 1223 4490 animae
1254 4431 1534 4499 incorruptibilitatem
1567 4445 1661 4487 ouines
1695 4430 1779 4489 ferme

134 4450 204 4563 ffi-
984 4505 1137 4576 philosophi
1158 4506 1314 4572 adstruunt3
1346 4501 1428 4558 Stoici
1458 4515 1535 4572 vero,
1568 4500 1631 4557 lieet
1660 4500 1778 4559 animem

170 4576 231 4645 (66)
243 4578 277 4635 tlt
284 4577 378 4635 666616
385 4578 426 4634 616
432 4578 518 4635 semel
528 4579 623 4635 omnio
631 4579 732 4635 vitalio
741 4576 857 4633 elidens.
867 4573 931 4630 Tria
983 4584 1044 4646 6661
1058 4586 1169 4633 mortem
1186 4587 1326 4631 remanere
1341 4579 1448 4644 putent,
1461 4569 1664 4641 corruptibilem
1689 4579 1778 4630 tamen

130 4646 231 4705 nortis
244 4662 345 4719 genera
358 4646 560 4721 diligentissime
573 4656 647 4703 notat
661 4650 781 4705 Auctor:
797 4661 879 4702 unum
896 4659 929 4699 ex
982 4646 1105 4702 eredunt.
1129 4647 1207 4704 Unde
1229 4643 1344 4708 Tullius,
1368 4643 1416 4699 lib.
1441 4657 1462 4711 ι,
1489 4641 1632 4723 isreal.)
1660 4661 1673 4693 r
1694 4642 1778 4699 Stoiel

127 4728 214 4773 cauea
228 4717 390 4785 extrinseca,
410 4727 439 4773 ut
455 4717 613 4788 decollati03
633 4719 746 4775 alterum
759 4734 776 4773 a
788 4732 868 4775 eausa
887 4714 930 4770 iii-
983 4733 1092 4774 usurum
1116 4717 1194 4773 nobis
1216 4715 1369 4787 largiuntur
1392 4723 1518 4785 tanquam
1542 4711 1714 4777 cornicibus,
1735 4714 1774 4770 du

128 4786 260 4852 16666666,
274 4796 305 4844 61
317 4789 473 4862 666616666;
489 4790 595 4845 tertium
611 4790 646 4845 ab
660 4799 782 4863 utraque,
803 4796 832 4844 ut
850 4787 929 4843 ruina
982 4803 1125 4843 mansuras
1147 4790 1251 4843 animas
1274 4788 1360 4850 aiunt,
1383 4799 1492 4858 semper
1513 4789 1624 4858 negant.
1642 4803 1654 4834 i
1672 4783 1711 4839 66
1724 4783 1777 4842 Pu.

127 4858 237 4916 elidens
261 4873 376 4932 eorpus,
400 4861 478 4931 eujus
501 4871 644 4932 propterea
671 4861 799 4917 intestina
825 4859 930 4917 viscera
982 4859 1206 4918 emendantibus.
1220 4859 1291 4914 Eun.

129 4937 353 5001 mumpuntur.
372 4933 441 4988 iiie.
1017 4932 1076 5000 (lii)
1092 4930 1173 4987 Picio
1189 4928 1299 5002 quidem
1309 4945 1366 4986 non
1376 4930 1489 4984 temere.
1500 4925 1587 4984 Habes
1597 4925 1649 4981 hoe
1659 4924 1779 4980 Platonis
1864 4954 1868 4963 ·

164 5002 227 5072 (66)
247 5000 351 5074 Corpos
375 5002 454 5060 66166
478 5002 625 5058 Platonico
646 5002 801 5066 seruientia,
824 5009 878 5058 ete.
897 4999 929 5057 S.
982 5001 1136 5069 paradoxon
1160 4999 1255 5070 partim
1270 5000 1298 5055 in
1312 4997 1460 5062 Plioedone,
1476 4998 1573 5070 partim
1598 4996 1627 5052 in
1649 4996 1778 5069 Phaedro,

130 5068 299 5144 Hieronymo
325 5072 425 5143 objecit
451 5072 596 5137 liulliuus,
626 5073 700 5143 quod
727 5073 755 5128 iii
783 5078 927 5126 comment.
982 5071 1098 5144 denique
1121 5076 1149 5126 et
1171 5071 1199 5125 in
1227 5071 1344 5136 limem·
1359 5068 1406 5125 ubi
1420 5069 1499 5125 docet
1516 5067 1602 5140 (quod
1623 5068 1779 5137 etiameep.

132 5143 214 5215 epist.
230 5142 264 5198 66
284 5144 385 5215 666666.
405 5143 516 5199 diruisset
534 5159 633 5215 corpus
658 5145 764 5199 anime
777 5157 928 5222 carcerem,
982 5156 1041 5224 seq.
1072 5141 1167 5215 repetit
1193 5142 1311 5210 Auctor)
1327 5141 1367 5222 Ι66
1396 5138 1521 5196 aetherem
1550 5138 1641 5264 im
1671 5139 1710 5194 nti
1735 5139 1780 5221 ¹⁰⁶.

131 5220 214 5285 atque
231 5214 378 5282 respondet
395 5228 427 5270 ea
446 5213 572 5287 Originis
592 5212 691 5269 dixisse
712 5212 854 5280 sententia,
870 5228 928 5284 qui,
982 5221 1082 5282 quitur,
1103 5227 1199 5284 pamm
1222 5211 1415 5268 habitationem
1439 5226 1486 5267 seii
1510 5225 1551 5267 666
1564 5208 1622 5281 um)
1640 5209 1780 5266 sublimari

133 5292 164 5338 nt
179 5281 208 5339 in
226 5284 330 5354 multis,
357 5284 440 5342 etiam
466 5285 493 5340 iii
522 5287 573 5340 hoc
601 5285 743 5341 Plutonem
770 5291 811 5339 est
836 5284 929 5339 imita·
983 5282 1087 5339 animas
1110 5282 1243 5355 sepientes
1265 5297 1328 5339 cum
1351 5281 1472 5354 pueris:
1495 5281 1579 5353 quod,
1601 5280 1652 5336 etsi
1677 5280 1781 5336 666166

132 5362 188 5411 166.
214 5353 302 5412 Facile
317 5356 345 5413 id
358 5354 411 5411 sibi
426 5355 530 5412 induxit
549 5354 595 5413 Ori
617 5371 694 5423 enes,
714 5354 805 5425 etqui
824 5353 930 5411 euiuias
983 5353 1061 5411 aliter
1075 5353 1276 5424 interpretetur,
1293 5353 1426 5410 6166661666
1449 5360 1539 5409 tamen
1564 5352 1664 5408 mavult
1678 5348 1780 5405 referre

124 5426 313 5555 ,66166666
326 5425 424 5485 6616616
446 5441 462 5483 6
484 5369 663 5484 summoqieo
678 5425 796 5482 intrusae
814 5424 841 5480 in
864 5438 929 5482 cor-
983 5423 1016 5480 66
1038 5440 1106 5508 666,
1134 5424 1181 5552 666
1208 5424 1387 5552 Bhilosophiae
1416 5422 1611 5482 institutionem
1634 5434 1779 5489 puerorum

172 5512 212 5555 ra.
268 5514 296 5555 c.
984 5510 1034 5554 con
1048 5512 1190 5554 unxeran.
1230 5510 1281 5554 itit.

135 5510 228 5637 wlsi)
242 5570 297 5628 Per
319 5584 454 5633 comeam
479 5570 618 5644 speculor.
640 5567 776 5626 Platonem
799 5563 928 5636 imitatur,
1033 5514 1044 5569 J
