3848 6120
129 352 186 413 865
653 337 751 401 LIBER
768 338 811 398 llE
830 337 1104 402 RESURRECTIONE
1136 341 1265 404 uatibus.
1735 355 1791 417 865

127 471 300 542 incredibile,
323 470 347 525 si
376 484 424 524 nec
460 465 634 538 predicatum
661 464 687 503 88
713 460 841 519 divinitus
869 463 932 520 sue·
948 464 1016 560 qiu
1031 467 1170 522 ueritatem
1184 468 1210 507 ⁹⁹
1224 468 1320 526 mortis
1332 470 1412 539 cadit,
1428 488 1489 544 quoe
1503 490 1554 532 nec
1568 478 1595 533 in
1606 479 1753 554 imaginem
1763 483 1789 523 ⁹⁵

127 567 167 623 rit
184 580 190 619 :
206 560 259 619 nisi
278 559 361 633 quod,
376 556 426 613 etsi
444 555 620 628 praedicatum
639 553 666 610 id
688 554 775 610 aDco
789 569 844 608 non
864 551 931 610 iuis·
987 553 1048 623 ejus
1068 553 1130 610 ruit.
1163 556 1286 628 Sequens
1316 574 1388 615 nunc
1415 563 1578 619 vocabulum
1608 574 1786 628 mertuorum

128 659 185 724 set,
200 651 271 706 ultro
286 646 411 721 praesumi
429 644 579 711 debuisset,
591 655 621 700 ut
636 651 777 715 propterea
792 657 846 696 nou
861 656 932 713 prae·
986 656 1063 713 aeque
1093 642 1206 714 dispice,
1229 646 1273 702 eui
1301 646 1459 705 substantiae
1490 651 1603 708 insidat:
1631 674 1783 730 quanquam

128 740 263 803 dicatum,
278 735 341 809 quia
369 741 408 790 tot
435 730 639 788 auctoritatibus
667 729 882 801 praejudicatum.
896 731 934 786 At
986 729 1014 786 in
1028 731 1078 786 hac
1097 734 1209 790 materia
1233 735 1416 803 admittamus,
1434 739 1571 796 interdum
1595 746 1781 804 mortalitatem

128 844 195 889 enm
214 825 312 882 divinis
326 837 433 895 quoque
447 820 559 877 uocibus
577 827 706 890 personet
718 819 754 887 ⁹⁹,
771 826 843 874 tanto
857 820 934 875 abest
986 819 1083 875 animae
1106 823 1237 895 assignari
1266 826 1300 878 ab
1329 826 1462 883 haereticis
1480 828 1553 901 (87):
1575 837 1617 902 ut,
1644 835 1667 888 ej
1693 836 1783 894 anima

127 926 162 975 ιιι
179 916 258 972 aliter
276 911 450 984 intelligatur,
466 923 547 980 quam
564 908 720 964 desiderant
736 907 783 962 ille
802 923 818 962 a
835 907 933 979 quibus
986 908 1107 964 mortalis
1129 912 1351 970 resurrectionem
1376 923 1554 973 consecutura
1576 928 1627 987 est,
1654 925 1783 994 praejudi.

129 1007 218 1067 stiam
232 1004 292 1060 sine
306 1000 403 1058 divinis
417 997 528 1056 vocibus
542 997 720 1070 persuadetur
733 997 768 1051 88.
787 996 934 1054 Videamus
987 995 1060 1053 cium
1074 997 1109 1052 sit
1125 1006 1152 1054 et
1165 1002 1239 1056 carui
1253 1016 1308 1057 uon
1327 1002 1418 1060 minus
1441 1005 1546 1063 mortali
1560 1012 1785 1070 resurrectionem

128 1096 214 1172 igitur
236 1094 289 1149 boc
312 1090 442 1161 primum,
458 1102 574 1160 quonam
598 1086 622 1124 ⁹¹
645 1085 722 1143 titulo
742 1085 768 1124 ⁸²
791 1099 855 1159 spes
882 1085 934 1139 ista
987 1087 1235 1147 communicaturae.
1274 1090 1329 1147 Sed
1369 1108 1442 1150 nunc
1469 1096 1623 1168 proprietas
1663 1103 1783 1159 vocabuli

130 1182 284 1258 proscripta
310 1179 354 1235 sit.
373 1179 472 1243 Unum,
496 1175 603 1246 opinor,
627 1173 700 1245 apud
727 1189 822 1230 omnes
848 1170 935 1229 819
987 1176 1149 1234 uindicanda
1172 1188 1215 1237 est
1243 1196 1299 1236 suae
1327 1184 1404 1239 sorti.
1435 1182 1522 1241 ΒΜ)
1539 1186 1598 1242 lam
1618 1190 1738 1265 quidem,
1752 1209 1785 1251 eo

130 1273 253 1332 aureum
277 1268 326 1325 Dei
354 1264 546 1340 peruetus),
571 1263 730 1321 resurrectio
754 1271 933 1320 mortuorum·
987 1264 1049 1341 ipso
1063 1270 1137 1338 quoa
1150 1271 1312 1328 resurreetio
1325 1272 1434 1330 uuuee
1447 1274 1487 1331 rer
1504 1286 1556 1348 εει,
1571 1277 1600 1334 ru
1622 1280 1783 1350 euperem,

130 1363 196 1423 nuo
221 1360 301 1421 rerba
327 1358 463 1430 expedite,
487 1354 589 1424 decisa,
609 1353 724 1409 detersa.
748 1354 809 1426 lpse
833 1369 935 1410 conre-
987 1356 1082 1413 endem
1097 1358 1147 1414 erit
1159 1367 1186 1416 et
1199 1359 1228 1416 iu
1242 1362 1353 1418 nomine
1367 1363 1480 1420 mortui:
1497 1366 1561 1437 quis
1571 1368 1680 1427 caduce
1695 1371 1733 1428 rei
1745 1379 1786 1430 est

131 1452 218 1519 niam,
233 1452 292 1521 ipsa
318 1447 472 1517 discutiam,
488 1445 533 1502 cui
560 1459 590 1499 se
617 1443 774 1498 substantiae
798 1442 934 1498 addicant.
988 1447 1162 1519 resurrectio,
1185 1463 1246 1521 quea
1278 1449 1378 1509 dicitnr
1403 1461 1581 1511 mortuomm.
1611 1457 1657 1514 Sic
1684 1467 1711 1516 et
1738 1476 1787 1529 per

131 1540 202 1599 cnm
223 1537 302 1595 audio
322 1534 545 1593 resurrectionem
564 1532 667 1589 homini
690 1531 840 1602 imminere,
856 1546 935 1604 quae-
987 1532 1124 1589 Abrabam
1138 1544 1239 1606 patrem
1263 1537 1337 1608 fidei,
1353 1539 1450 1597 divine
1474 1541 1662 1602 familiaritatis
1687 1547 1784 1618 virum,

131 1642 194 1689 ram
221 1639 333 1684 necesse
359 1632 401 1681 est
429 1622 494 1697 quid
521 1622 583 1693 ejus
613 1620 708 1678 cedere
740 1619 863 1677 sortitum
890 1620 937 1693 sit,
995 1620 1133 1678 discimus.
1151 1622 1291 1681 Postulans
1306 1627 1378 1683 enim
1396 1628 1469 1685 Sarae
1484 1631 1631 1689 humandae
1643 1634 1737 1705 ,locum
1755 1637 1790 1695 de

133 1718 277 1794 Siquidem
309 1714 376 1772 nibil
404 1729 549 1786 resurgere
585 1709 760 1781 exspectabit,
784 1710 838 1766 nisi
864 1710 938 1783 quod
995 1707 1057 1766 liliis
1071 1710 1192 1767 Cbet⁹⁹s
1209 1714 1278 1771 Date
1298 1731 1371 1788 erpo,
1387 1714 1473 1788 inquit
1500 1720 1580 1790 (Gerr.
1597 1724 1693 1796 xxrrrl,
1715 1726 1790 1783 mile·

137 1817 203 1865 ente
224 1803 378 1864 succiderit.
404 1801 458 1872 Qui
487 1803 594 1874 ignorat
631 1813 739 1856 caruem
766 1799 862 1856 cadere
889 1769 976 1871 perB
1001 1800 1204 1872 processionem
1217 1801 1343 1874 sepulcri
1359 1803 1509 1870 celerum.
1531 1811 1560 1864 et
1576 1808 1694 1870 bumebo
1709 1831 1789 1875 rucr-

137 1904 266 1962 mortem,
280 1900 368 1967 potest
389 1908 447 1948 earo
471 1906 522 1947 nec
544 1896 659 1947 stantem
677 1904 758 1946 nosse
777 1905 826 1960 per
843 1887 936 1945 vitam.
992 1891 1077 1945 tuem
1090 1906 1185 1948 meum
1198 1888 1233 1962 88,
1248 1905 1356 1947 carnem
1368 1891 1480 1949 scilicet.
1496 1895 1591 1969 Neque
1605 1899 1676 1956 enim
1690 1902 1799 1961 auimae-

135 1985 302 2045 Sententiam
328 1984 378 2041 Dei
407 1988 502 2037 natura
528 1981 713 2051 pronuntiat:
746 1980 831 2039 Terre
855 1996 893 2050 es,
909 1984 938 2038 et
991 1978 1134 2035 bumanuae
1148 1979 1270 2052 spatium
1283 1979 1472 2051 desiderasset,
1481 1993 1508 2040 et
1522 1984 1545 2040 si
1560 1985 1651 2043 anima
1664 1993 1786 2050 mortalis

134 2078 169 2135 a'rt
190 2080 299 2135 terrem
321 2073 385 2130 ibis.
401 2072 437 2128 Et
455 2070 501 2143 qui
524 2084 579 2125 non
597 2066 701 2126 audivit
713 2066 748 2135 88,
761 2067 843 2124 videt.
858 2069 937 2125 Nulla
990 2067 1156 2136 crederetur,
1173 2079 1201 2126 et
1224 2070 1249 2128 si
1272 2080 1395 2129 mortuus
1416 2072 1469 2130 dici
1485 2083 1644 2134 mereretur.
1660 2078 1740 2149 Quod
1761 2082 1786 2139 si

93 2178 96 2183 '
134 2181 211 2224 mors
231 2179 287 2221 non
309 2163 387 2220 ruina
405 2162 588 2217 membrorum
611 2168 651 2215 est
673 2157 708 2214 ⁹⁹.
724 2158 799 2215 Hunc
817 2159 937 2230 corporis
990 2167 1114 2212 nucrtuus
1128 2171 1227 2229 corpus
1240 2167 1289 2225 est,
1304 2174 1450 2233 corporum
1462 2163 1514 2220 erit
1537 2171 1709 2237 resurrectio,
1724 2186 1785 2227 cum

132 2265 241 2313 sortem
267 2251 401 2310 Dominus
432 2264 541 2325 quoque
575 2247 797 2319 expressionum
824 2246 850 2286 ⁹⁵
876 2247 938 2320 ipsa
989 2241 1088 2302 dicitur
1101 2255 1279 2308 mortuomm.

134 2342 288 2402 subeuntia
325 2342 435 2397 indutus
467 2357 475 2394 ε
506 2339 627 2408 Dirua'te,
655 2336 744 2410 inquit
769 2336 863 2407 (loon.
891 2336 935 2409 ιι),

135 2434 276 2507 templum
302 2430 390 2497 istud,
412 2434 440 2489 et
463 2444 510 2501 epo
534 2426 610 2484 illud
634 2427 728 2484 triduo
755 2428 934 2485 resuscitabo.
1279 2389 1391 2450 CAPUT
1416 2393 1495 2450 xlx·

134 2522 264 2582 Ostendit
294 2520 364 2578 enim
395 2521 474 2591 cujus
505 2517 540 2572 sit
562 2515 644 2581 dirui,
665 2516 744 2585 cujus
767 2515 842 2584 elidi,
857 2516 936 2586 cuius
1026 2514 1061 2568 Et
1075 2514 1133 2572 baec
1146 2514 1237 2587 itaque
1254 2516 1386 2588 dispectio
1400 2517 1485 2585 tituli,
1501 2527 1529 2576 et
1548 2523 1677 2591 preconii
1691 2525 1789 2603 ipsius,

132 2610 238 2685 lacere,
254 2610 316 2681 ejus
331 2609 358 2648 88
377 2615 404 2666 ει
425 2605 536 2664 relevari
554 2605 590 2675 88,
605 2612 632 2662 ει
650 2603 829 2661 resuscitari:
848 2619 936 2675 quau·
991 2601 1072 2659 iidem
1087 2604 1181 2675 utique
1195 2605 1342 2664 defendens
1354 2610 1557 2681 vocabulorum,
1579 2613 1643 2671 illuc
1661 2616 1687 2656 ⁹⁹
1705 2617 1788 2690 profi.

135 2715 222 2774 qnam
240 2707 267 2754 et
284 2697 402 2753 animam
417 2692 641 2753 circumferret⁸⁹
655 2693 833 2766 trepidantem
853 2708 938 2766 usque
992 2706 1054 2749 cere
1077 2692 1196 2759 debebit,
1224 2702 1253 2750 ut
1280 2695 1304 2752 si
1331 2696 1397 2768 quid
1425 2697 1451 2738 ⁹⁹
1480 2716 1542 2769 pars
1569 2701 1678 2760 diversa
1697 2709 1788 2763 turbae

136 2789 174 2847 nd
187 2795 315 2859 mortem,
331 2788 378 2844 sed
396 2801 451 2842 non
469 2784 608 2842 cadentem
621 2799 671 2856 pcr
686 2794 809 2839 mortem.
825 2781 895 2852 Quia
910 2790 938 2839 et
991 2780 1102 2836 obtentu
1144 2779 1292 2855 ligoramm
1325 2791 1351 2838 et
1373 2783 1560 2859 aenigmatum,
1599 2790 1787 2851 manifestiore

138 2876 280 2952 Scriptura
302 2893 310 2932 ι
335 2878 371 2934 De
389 2889 514 2952 corpere,
530 2872 622 2946 iuquit,
638 2889 687 2930 sao
711 2871 837 2929 dixerut.
851 2874 939 2944 Atque
992 2884 1107 2942 quaeque
1122 2870 1296 2942 prevaleant,
1311 2867 1340 2927 et'
1351 2873 1386 2929 de
1406 2873 1515 2931 incertis
1532 2877 1648 2934 certiora
1661 2882 1788 2951 prascri-

139 2966 211 3025 sdco
236 2973 457 3037 carneaeque
479 2970 565 3020 morte
591 2962 739 3032 submitur,
755 2969 785 3019 nt
806 2960 903 3019 exinde
929 2957 1067 3054 epbant.
1096 2959 1172 3015 Nacti
1199 2960 1271 3016 euim
1298 2961 1408 3032 quidam
1435 2964 1659 3025 solemnissimam
1688 2970 1787 3043 eloquii

140 3055 265 3116 udendo
289 3056 402 3114 cadauer
425 3053 591 3109 renuntietur
612 3052 648 3106 88.
662 3051 763 3107 Anima
785 3064 867 3122 porro
891 3065 942 3107 nec
995 3046 1147 3120 prophetici
1159 3045 1283 3118 formam,
1297 3049 1436 3121 allegorici
1450 3060 1477 3108 ει
1490 3052 1599 3128 figurati
1618 3059 1787 3132 plerumque,

141 3144 275 3207 vocabulo
293 3143 374 3211 cadit,
395 3142 458 3215 quia
481 3158 529 3199 nec
552 3140 646 3196 habitu
673 3140 739 3197 ruit.
758 3138 860 3211 Atquin
883 3140 942 3209 ipse
995 3149 1050 3190 non
1074 3142 1162 3190 tamen
1186 3149 1304 3207 semper,
1328 3140 1567 3198 ressurrectionem
1590 3162 1698 3220 quoque
1721 3163 1790 3205 moe.

143 3244 200 3302 est,
224 3248 283 3308 quse
300 3233 407 3290 ruinam
438 3230 546 3302 corpori
578 3228 660 3285 iniert
687 3245 747 3286 cum
773 3227 864 3284 eillata
889 3236 942 3297 est,
997 3232 1104 3280 tuorum
1135 3222 1275 3279 manifeste
1306 3224 1500 3296 annuntiatam,
1536 3229 1565 3287 in
1600 3233 1788 3309 imaginariam

141 3322 217 3381 sicut
232 3322 293 3396 ipss
306 3330 359 3388 est,
376 3337 436 3394 quae
451 3320 518 3375 illud
534 3319 569 3375 de
588 3325 660 3375 terra
680 3317 820 3374 suscitabit
833 3316 942 3389 ingres-
995 3310 1221 3385 significationem
1259 3312 1444 3386 distorqueut;
1483 3330 1668 3380 asseverantes
1700 3325 1789 3396 ipsam
1854 3354 1864 3364 .

140 3429 184 3473 sa.
198 3414 259 3472 Non
272 3423 366 3488 potest
378 3414 486 3478 cadere,
502 3426 562 3482 quae
581 3409 721 3466 suscitarit
735 3410 867 3482 ingressa.
882 3409 941 3465 Non
996 3400 1077 3457 etiam
1092 3407 1205 3457 mortem
1221 3401 1376 3474 spiritaliter
1401 3403 1614 3480 intelligendam.
1629 3413 1689 3468 Non
1717 3412 1789 3470 euim

139 3511 235 3579 potest
253 3503 280 3544 ⁹⁰
304 3519 395 3574 ruere,
409 3517 471 3573 quae
493 3499 576 3556 elidit,
589 3499 613 3538 ⁹¹
637 3513 757 3572 egressa.
773 3498 879 3555 Aretias
901 3496 943 3553 di·
996 3486 1068 3543 h⁹110
1085 3502 1147 3544 esse
1161 3487 1188 3543 in
1202 3504 1275 3558 vero,
1297 3505 1357 3561 qoae
1372 3490 1407 3548 sit
1421 3491 1449 3547 iu
1467 3495 1566 3565 medio,
1578 3497 1719 3557 dissidium
1735 3519 1791 3560 egr.

139 3608 215 3666 mm,
229 3609 265 3651 ne
278 3591 306 3648 in
330 3607 454 3648 somnum
473 3589 582 3662 quidem
602 3588 674 3644 cadit
690 3586 780 3644 anima
799 3603 859 3644 cum
882 3601 945 3643 cor·
997 3575 1040 3630 ssis
1053 3584 1133 3649 atquc
1145 3577 1261 3636 animae:
1288 3580 1335 3634 sed
1357 3579 1535 3652 ignorantium
1558 3586 1617 3658 Dei,
1637 3604 1687 3660 per
1709 3606 1791 3662 quem

139 3698 222 3759 pore.
246 3697 282 3741 ne
308 3691 363 3739 tum
392 3680 500 3755 quidem
529 3677 657 3735 sternitur
684 3693 745 3735 cum
768 3693 858 3735 carne.
881 3676 945 3733 Etc-
997 3664 1080 3742 homo
1102 3676 1223 3722 mortuus
1246 3667 1312 3737 Deo,
1325 3682 1380 3724 nou
1399 3672 1489 3727 miuus
1516 3674 1544 3729 in
1559 3689 1651 3733 errore
1676 3679 1792 3749 jacuerit

140 3771 201 3830 nim
220 3771 247 3812 ⁹²
265 3773 383 3848 agitatur
403 3771 430 3826 in
455 3769 558 3826 somnis
582 3776 609 3824 et
629 3767 777 3838 insultatur,
793 3766 946 3840 quiesceret
999 3769 1082 3826 quam
1103 3754 1130 3811 iu
1155 3756 1292 3830 sepulcro.
1311 3757 1405 3830 itaque
1419 3767 1448 3815 et
1475 3765 1700 3824 resurrectionem
1731 3784 1792 3826 eum

141 3860 286 3930 antemsi
307 3862 422 3932 jacerem
439 3865 466 3916 et
481 3859 593 3930 jaceret,
607 3857 631 3914 si
650 3857 760 3915 caderet
781 3854 816 3914 ⁹³.
833 3855 871 3914 ita
893 3869 946 3912 uec
998 3852 1188 3911 uindicandum
1217 3854 1284 3927 (88),
1311 3871 1365 3929 qua
1386 3856 1448 3930 quis
1466 3858 1539 3918 adita
1553 3860 1563 3901 ¹
1578 3867 1689 3922 veritate
1715 3867 1794 3925 rede·

802 3971 921 4036 'Varie
953 3974 1109 4036 lectiones.

180 4080 209 4126 π
221 4078 431 4154 prm-,dicatum
446 4078 534 4140 pm·
550 4079 575 4120 ιι
588 4079 718 4136 Personat
734 4078 823 4137 libers.
846 4081 927 4136 Pom.
952 4078 1037 4137 Ssml.
1053 4078 1079 4116 ⁹⁹
1101 4077 1297 4134 Persuadeutur
1320 4076 1408 4138 elren.
1433 4082 1518 4140 Semi.
1534 4080 1557 4124 88
1572 4081 1707 4155 Quoniam
1728 4091 1792 4152 Vera.

143 4150 172 4196 η
192 4154 270 4228 (ὀψο
293 4153 382 4210 ΒΜ,
409 4154 493 4211 33qu
517 4151 542 4190 aa
567 4150 651 4207 pedit
674 4151 762 4208 eben.
790 4151 874 4208 Selm.
900 4150 926 4189 88
947 4148 998 4204 Est
1019 4148 1230 4206 obesteRbert.
1247 4150 1656 4215 Seml.⁹⁵CumobestnPor.
1674 4161 1796 4235 ⁹⁹Cujus

146 4225 237 4285 M·
254 4226 315 4307 ΒΨ.
336 4227 402 4284 Vm·
420 4226 504 4283 θωπί.
521 4223 545 4262 37
562 4223 685 4280 Reveqffl
707 4223 770 4279 pen,
786 4221 812 4260 ae
825 4218 1003 4279 circumierat
1015 4219 1104 4277 libere.
1125 4222 1192 4275 Par.
1216 4219 1242 4258 ⁸⁹
1264 4221 1424 4278 Euuutictur
1446 4226 1513 4280 Par.
1538 4227 1605 4283 lure.
1629 4229 1655 4268 ⁹⁰
1678 4230 1793 4303 Cudera,

222 4296 365 4355 snscutasit
381 4296 406 4351 in
430 4311 513 4352 ressa.
530 4296 591 4350 Nou
606 4299 695 4365 potest
710 4296 803 4352 omitt.
820 4295 880 4367 Rip.
903 4293 965 4351 Vere.
981 4290 1005 4329 ⁹¹
1021 4290 1104 4362 Eligit
1118 4291 1206 4346 thers.
1221 4290 1308 4348 Semi.
1328 4290 1353 4329 ⁹⁹
1368 4291 1497 4350 Sedenim
1511 4297 1600 4353 libere.
1615 4298 1700 4358 Semi.
1717 4301 1743 4342 ⁹³
1762 4305 1797 4362 Et

209 4375 262 4434 ret.
275 4367 353 4425 abest
369 4384 387 4423 c
401 4310 488 4427 Eheu.
508 4367 594 4425 Semi.
611 4364 636 4403 ⁹⁹
651 4364 769 4421 Veritatc
782 4365 870 4423 libere.
889 4364 973 4422 seret.
988 4361 1014 4402 ⁹⁵
1028 4360 1148 4434 imagine
1162 4361 1251 4419 libere.
1267 4363 1353 4419 Semi.
1367 4363 1393 4402 ⁹⁶
1412 4365 1481 4420 lietb
1496 4367 1584 4424 Rben.
1599 4370 1685 4428 Semi.
1701 4374 1796 4434 eodem

144 4454 243 4501 „m
258 4436 283 4478 ar
298 4441 433 4497 nmmum
450 4453 542 4496 meum
557 4438 619 4511 etp.
639 4437 703 4496 l'eu.
719 4432 1133 4505 ⁹⁹illicFrer1.⁹⁹QuaRben.
1149 4433 1234 4492 Semi.
1253 4432 1364 4491 Obertb.
1381 4434 1390 4473 ¹
1404 4435 1502 4492 audita
1517 4439 1606 4497 Rieu.
1621 4442 1706 4503 sent.

181 4618 243 4749 (θεὲ
258 4619 359 4689 ileum
374 4620 482 4692 opinor,
494 4617 569 4745 apud
578 4617 808 4676 omnesedr'etum
823 4537 1120 4707 Mssp'qqnficpgpmqq
1132 4630 1194 4696 eum
1221 4613 1290 4697 actio
1311 4623 1369 4696 erat
1392 4616 1555 4687 pecuniaria,
1583 4636 1632 4676 seu
1656 4627 1796 4698 popularis

143 4688 222 4772 det..
244 4706 290 4773 tun
308 4707 427 4772 appensa
444 4691 543 4755 tuboe,
560 4692 631 4747 unde
649 4691 683 4746 de
703 4691 782 4774 plano
802 4698 875 4745 recte
891 4690 944 4760 legi
997 4686 1130 4742 Ceterum
1140 4695 1220 4769 etrum
1234 4703 1257 4741 rs
1271 4694 1374 4767 actione
1386 4689 1599 4771 extraordinaria
1612 4693 1794 4779 ipuniebatur,

143 4762 947 4908 ett‘llttrletlltllt‘tzulttttltltbllb
1000 4757 1163 4897 tultis?
1176 4757 1682 4901 lutuelablelli}bisul
1698 4771 1797 4895 lull

147 4904 207 4977 legi
219 4906 336 4995 posceret,
353 4907 447 4960 instar
462 4905 547 4988 edicti
564 4904 685 4986 peredere
699 4875 949 4985 mandaveruet'c.
1002 4899 1042 4954 Le
1057 4901 1104 4955 Pa.
1233 4972 1238 4983 ¹
1386 4973 1391 4986 Ι
1525 4974 1530 4985 .
1606 4977 1612 4992 ⁶
1676 4878 1684 4905 ⁹
1779 4881 1795 4995 ι’

145 4974 948 5124 Ribb‘etlllllllteri-llberos,bisuldu
1004 4971 1662 5125 ,llllbllltltttttulibelluli.
1682 4978 1798 5110 butt

145 5119 238 5175 edicta
251 5127 400 5199 praetorum
415 5128 462 5173 aut
476 5120 621 5197 Caesarum,
633 5131 693 5187 qrrae
707 5117 735 5171 iu
749 5117 821 5183 albo,
834 5118 884 5173 boc
898 5123 949 5183 est,
1003 5126 1059 5193 qua
1072 5120 1161 5185 agutur
1189 5128 1301 5200 minume
1314 5117 1494 5171 considerant.
1505 5118 1580 5201 ‚piw
1595 5121 1669 5205 enim
1687 5125 1798 5181 Tertul-

146 5189 776 5319 ”llll‘ttlltbllltllltili·
789 5257 862 5314 εει
881 5257 951 5314 aaa
1004 5182 1687 5327 lllllltttlttulttltlstllllalll¹⁸
1710 5196 1800 5280 ⁰¹⁰⁹

148 5278 321 5404 ciplicatioui
344 5330 530 5412 Rigaltii,nisi
554 5333 627 5412 quod
649 5277 747 5411 esbum⁸
758 5299 878 5386 tabulam
900 5344 950 5412 seu
1005 5326 1056 5408 bus
1085 5329 1165 5410 simul
1180 5273 1329 5410 corrumpig
1340 5339 1366 5410 et
1389 5275 1502 5413 ’inilelrire
1531 5283 1799 5401 dicebamqqrppqlq

148 5404 272 5487 ebertam
290 5418 387 5475 puram
402 5413 428 5458 et
445 5401 557 5458 nurdam
572 5403 655 5482 luisse
668 5402 762 5482 docuit
775 5416 819 5482 me
832 5400 952 5457 emdrtus
1005 5398 1108 5527 pedesq
1117 5400 1548 5528 ani-mfflffl'ngvc'ffiboessmm
1575 5408 1800 5534 cgpqrapEuse·

148 5472 952 5627 illeille”tlelpllrlbltlttiillusisti:
1026 5486 1801 5621 illelillubmetmenudllumleluu

148 5615 205 5673 lem
227 5618 337 5675 exalia
360 5631 442 5675 enam
464 5616 576 5674 materia
596 5618 748 5689 cormpiese
768 5614 952 5672 convincebe-
1004 5614 1213 5685 etsepbisrneta
1235 5615 1335 5685 quibus
1347 5615 1492 5671 utebantur
1514 5616 1674 5689 Hymenaeus
1693 5623 1800 5680 eti’bi.
