3840 6134
146 251 200 329 599
489 259 708 324 stimulaui
735 259 868 323 OPERUM
884 259 970 324 iias
992 260 1027 326 u.
1050 291 1086 307 -
1102 260 1215 325 salim
1232 264 1255 334 l,
1271 262 1441 327 mutiunt.
1726 269 1818 337 (ως

147 387 268 462 Hesiodi,
284 386 348 449 doci
370 387 490 447 Patinam
510 387 544 443 22.
567 387 689 445 Nestoris
710 387 847 454 cocetum,
874 386 938 442 llis·
952 403 975 482 fl
991 386 1131 444 tutelarem
1158 387 1351 456 reformatum,
1379 388 1482 448 Soterh
1508 387 1671 464 pavoninum
1698 408 1784 457 orna·

146 479 293 538 cellaneam
316 476 403 538 {088
425 476 573 534 Ptolomaei.
598 474 686 544 Quam
709 475 834 548 proprius
847 474 871 514 ²³
886 473 936 530 init
991 480 1073 542 tum,
1098 475 1259 551 angelorum
1285 476 1503 549 comparatitium
1530 479 1689 537 antistatum
1713 483 1784 555 (86).
1810 552 1814 557 .

145 569 180 625 de
193 566 328 639 aliquibus
341 565 437 622 Atucis
452 564 523 622 euris
542 565 697 635 Pancarpon
712 564 746 630 ²¹¹,
761 563 848 621 uocari
866 563 935 635 (ot),
989 563 1067 633 Quod
1083 573 1215 634 supersat,
1235 564 1335 636 inquis,
1357 581 1406 621 vos
1421 566 1505 624 ruste
1527 575 1554 622 at
1575 570 1708 641 plaudite.
1723 573 1803 630 imo.

145 663 231 711 aum
249 655 345 713 otiosis
368 653 520 710 auctoribus
542 651 704 708 nominum?
719 652 855 707 litantem
879 660 937 706 lan·
989 652 1061 723 quod
1088 660 1221 722 superest,
1251 653 1379 725 inquam,
1406 667 1456 712 vos
1484 655 1573 711 audite
1602 668 1629 712 et
1644 658 1783 731 projicite.

145 754 201 800 tuni
226 742 386 816 sigillarium
411 741 577 799 eximnseeua
592 754 699 811 quoque
725 739 881 795 inornarent
894 738 936 806 ²⁵,
990 737 1133 806 Caeterum,
1161 740 1218 797 haec
1246 739 1314 799 intra
1341 751 1442 799 eoetum
1470 742 1628 800 Pleromatis
1652 747 1785 805 decucur-

146 830 275 889 satellites
290 831 316 888 ei
333 829 446 905 angelos
461 828 623 901 proiciunt:
650 843 698 898 par
710 842 807 901 genus.
824 826 853 883 Si
866 826 937 883 inter
990 825 1214 894 associandum
1230 827 1316 898 prima
1340 829 1479 900 tragaediae
1503 846 1591 888 scena.
1617 834 1677 889 Alia
1689 844 1783 894 anteiri

144 917 358 992 se,potestlieri
373 935 381 975 :
397 917 420 974 si
433 931 497 974 vero
512 916 601 974 Soteri
614 915 847 974 consubstantivos
869 916 937 986 (aui-
991 920 1064 971 trans
1090 916 1114 972 si
1142 915 1246 986 parium
1268 919 1437 976 cothurnatio
1466 928 1526 987 ost,
1550 926 1628 978 extra
1656 922 1783 982 Pleroma

143 1007 225 1080 bigne
252 1007 324 1063 enim
350 1005 469 1080 positum
496 1004 607 1077 inveni),
630 1019 693 1076 quae
718 1003 770 1061 erit
791 1003 937 1063 eminentia
989 1003 1049 1060 dico
1063 1020 1070 1058 :
1086 1009 1211 1060 ettamen
1230 1003 1252 1061 si
1273 1005 1336 1064 talis
1359 1007 1409 1063 sub
1421 1005 1483 1064 sinu
1511 1010 1593 1079 patris
1606 1010 1678 1068 intra
1694 1013 1811 1071 embi·.

145 1099 205 1169 ejus
218 1097 290 1156 inter
300 1096 425 1155 satelhtes
439 1095 590 1166 coaequales
605 1093 687 1165 (85)l
988 1097 1044 1149 tum
1056 1092 1121 1149 llori
1148 1093 1276 1163 custodis,
1291 1095 1378 1167 qualis
1403 1105 1479 1154 extra
1490 1098 1547 1168 jann
1566 1100 1594 1156 in
1618 1100 1716 1171 libero,
1731 1102 1781 1160 ubi

434 1235 548 1296 capus
568 1235 642 1293 xm,
987 1178 1061 1237 Deus
1075 1193 1130 1237 non
1144 1178 1226 1237 erati

178 1360 301 1420 Continet
325 1358 370 1417 hic
396 1359 478 1431 igitur
505 1359 573 1418 ordo
591 1360 703 1431 puniam
730 1355 936 1431 processionem
1233 1322 1319 1385 ⁵⁶⁴
1333 1325 1445 1385 CAPUT
1463 1327 1536 1386 m·

142 1449 243 1522 pariter
264 1457 291 1505 et
313 1449 490 1515 nascentium,
511 1454 538 1506 et
560 1447 729 1516 nubentium,
752 1454 778 1503 et
804 1461 935 1519 generan·
1023 1448 1147 1521 Namque
1167 1449 1335 1520 Enthymesi,
1356 1452 1412 1511 sive
1434 1453 1489 1523 jam
1514 1453 1667 1512 Achamoth
1695 1458 1784 1530 (quod

141 1537 208 1594 tium
223 1538 337 1594 AEnnum
354 1554 361 1592 ε
377 1538 484 1608 Sophiae
509 1552 541 1591 ei
560 1535 694 1593 desiderio
718 1534 811 1606 patris,
826 1534 935 1606 pericu·
988 1536 1085 1593 abhinc
1101 1536 1246 1608 'scriptum
1270 1539 1323 1596 hoe
1345 1539 1403 1596 solo
1424 1539 1649 1612 ininterpretabili
1672 1545 1698 1584 ²⁶
1721 1547 1783 1622 (87)

142 1625 307 1683 lesissimum
322 1642 425 1697 casum,
440 1624 504 1680 llari
518 1622 776 1696 opportunissimum
790 1621 931 1694 auxilium,
987 1625 1106 1695 nomine)
1125 1633 1154 1681 ut
1179 1642 1242 1682 eunt
1256 1625 1323 1683 vitio
1350 1627 1494 1687 individuae
1508 1631 1645 1689 Passionis
1667 1636 1782 1706 explosa

140 1713 340 1787 Enthymeseos
372 1722 397 1769 et
425 1714 576 1784 conjunctas
601 1710 738 1769 Passionis
768 1710 903 1783 expiatum
927 1712 1138 1806 ,flestinloca
1152 1713 1260 1770 luminis
1283 1714 1379 1783 aliena,
1394 1716 1466 1788 quod
1488 1717 1642 1776 Pleromatis
1664 1736 1709 1778 res
1725 1733 1780 1792 est,

140 1801 241 1859 Christi
268 1809 296 1861 et
322 1800 437 1874 Spiritus
460 1800 550 1857 Sancti
577 1798 792 1873 paedagogatum,
819 1799 934 1857 AEonuiu
967 1800 1142 1859 innocuum
1161 1809 1243 1873 atquo
1271 1801 1350 1859 inane
1376 1802 1444 1860 illud
1471 1805 1589 1877 Epicuri,
1617 1807 1782 1869 miserabilis

827 1942 923 2008 Varia
944 1944 1098 2008 lectiones.

176 2048 201 2090 22
215 2049 282 2108 lan.
298 2051 340 2108 r'ta
349 2050 492 2107 ordinet:
508 2048 656 2104 Pandoram
671 2046 790 2113 Hesiodi,
805 2047 944 2119 graculum
957 2048 1065 2117 AEsopi;
1081 2046 1184 2118 tropici
1211 2045 1322 2103 atinam
1336 2049 1370 2102 at
1384 2045 1417 2104 de
1430 2052 1548 2120 atroque
1561 2050 1656 2121 AEsopo
1663 2049 1780 2121 swala-

140 2137 206 2179 rrtm
220 2124 356 2194 scriptore
370 2127 398 2179 et
412 2121 549 2178 histrione
564 2136 654 2176 sermo
678 2121 726 2175 sit.
741 2119 766 2157 ²³
775 2119 847 2186 Quin
865 2117 976 2199 propius
990 2117 1070 2198 ol..2l
1083 2119 1170 2175 λυσαν
1184 2063 1229 2173 te
1243 2120 1316 2198 mire
1335 2118 1504 2189 depravatas
1518 2120 1553 2174 de
1567 2119 1699 2191 aliquibus
1714 2121 1782 2178 lios-

140 2193 194 2248 tias
209 2193 283 2248 curis
298 2192 464 2264 Paneapipan
480 2191 611 2260 Nirapion
627 2190 714 2248 lllren.
732 2190 816 2247 Semi.
837 2191 877 2244 lle
891 2198 1059 2246 sttieiseuris
1072 2203 1195 2260 carpram
1209 2203 1298 2244 vocari
1308 2190 1392 2246 Fran.
1407 2190 1473 2245 Per.
1489 2191 1553 2246 tun.
1570 2192 1612 2246 ita
1625 2192 1777 2250 restitnit:

139 2264 336 2320 miscellaneam
351 2262 489 2319 Ptolemaei
503 2261 666 2334 philemiam
685 2275 766 2332 qnam
780 2260 890 2330 propius
909 2259 958 2315 luit
971 2257 1007 2317 de
1029 2257 1115 2315 atticis
1136 2258 1254 2316 historiis
1277 2258 1418 2331 Pancarpi‚
1432 2262 1618 2334 pancarpiam
1637 2264 1780 2329 vocam

139 2342 204 2403 um,
220 2344 273 2391 ete.
288 2334 313 2373 ²⁵
323 2335 492 2390 mercassent
506 2333 591 2391 Semi.
607 2332 632 2371 ²⁶
645 2331 830 2402 interpretabit
844 2333 930 2387 Fran.

832 2452 1078 2516 Commentarius.

172 2563 230 2633 (ul)
241 2562 329 2631 Quam
342 2561 459 2634 propias
468 2559 568 2631 fnitde
584 2556 723 2630 aliquibus
733 2557 834 2614 Atticis
847 2574 923 2614 scer·
975 2556 1087 2613 diseunt
1103 2555 1267 2629 hymnizare
1279 2557 1470 2629 Propotorem,
1484 2560 1775 2629 magnaeasnltatt'o·

137 2633 179 2690 νίν
193 2636 358 2704 Pancarpon
373 2633 477 2691 vocam.
493 2631 539 2686 Sie
552 2629 696 2696 edidimus,
711 2630 795 2685 seculi
811 2628 924 2702 vestigia
976 2627 1022 2682 nia
1036 2628 1269 2699 participantem.
1285 2628 1318 2683 lli
1337 2636 1446 2699 propter
1460 2629 1513 2684 hoe
1529 2629 1700 2699 beneficium,
1719 2650 1777 2692 una

138 2704 200 2769 cod.
221 2704 353 2759 Pitlioem'i
378 2720 415 2759 :i
444 2704 477 2758 de
505 2700 637 2773 aliquibus
666 2698 921 2755 beatissumae.»
976 2697 1111 2755 voluntate
1126 2708 1152 2752 et
1171 2697 1304 2754 sententia
1328 2698 1480 2753 universum
1506 2699 1626 2755 Pleroma
1643 2703 1775 2772 AEonum,

137 2773 203 2841 Quae
218 2783 278 2828 suni
293 2773 439 2844 deprauata
463 2772 583 2841 quidem.
599 2769 652 2825 Sed
670 2785 702 2824 ex
728 2769 761 2824 lis
784 2779 871 2826 mmen
885 2770 925 2825 sic
977 2769 1171 2825 consentiente
1183 2768 1325 2827 Christeet
1336 2770 1455 2841 Spiritu,
1469 2786 1699 2842 unumquemque
1713 2777 1777 2832 AEo·

140 2859 234 2899 serum
260 2846 366 2898 undem
389 2841 509 2897 elicimus
541 2839 667 2909 :aQam
691 2842 802 2912 propius
826 2840 925 2897 tuitde
978 2838 1777 2911 num,qeodlrabebatinseopta'mametflorentissimiim

137 2914 270 2985 aliquibus
296 2912 387 2968 Atticis
403 2913 484 2969 curis.
503 2931 514 2962 i
531 2911 615 2967 Curas
641 2912 743 2966 Atticas
764 2911 829 2966 dicit
843 2911 926 2967 libros
979 2911 1164 2979 enascentes,
1177 2911 1358 2966 collationem
1368 2912 1467 2980 secisse
1481 2930 1491 2975 ,·
1506 2915 1534 2965 et
1544 2912 1602 2968 hee
1616 2918 1681 2984 apte
1697 2933 1777 2975 eom·

137 2984 304 3048 Graecorum,
319 2982 365 3054 qui
375 2982 409 3038 ob
425 2981 515 3039 titulos
526 2981 679 3049 hujusmodi
692 2981 833 3037 ambitiosa
849 2982 926 3037 lesti—
979 2981 1125 3052 pingentes
1138 2979 1325 3052 etdr'ligenter
1348 2983 1379 3035 in
1395 2997 1486 3036 anam
1501 2982 1675 3053 adoptantes,
1694 2991 1773 3043 emi·

137 3054 217 3110 ritate
229 3067 370 3122 conceptos
385 3053 477 3109 merito
486 3060 549 3107 sunt
559 3051 678 3107 Pliniana
687 3053 719 3107 ad
729 3052 927 3124 Vespasianum
979 3052 1047 3106 sisse
1062 3051 1198 3121 problema
1209 3061 1236 3104 ei
1250 3053 1282 3106 in
1297 3050 1429 3108 bonorem
1444 3052 1599 3122 etploriam
1614 3055 1697 3126 upilio·
1707 3074 1778 3128 per·

136 3124 293 3196 praelatione
306 3123 397 3181 derisi.
413 3123 474 3180 llic.
942 3100 964 3179 e
979 3121 1457 3195 tectissimnmdeceremqeemdcm
1469 3126 1497 3176 et
1510 3123 1586 3178 sidus
1594 3124 1774 3197 pleromatis,

170 3196 431 3268 Pancarponuoius
441 3192 925 3267 eriemplar,Paneapipannirapiam.
978 3195 1137 3262 perfectam
1151 3194 1280 3262 tructam
1293 3194 1389 3249 tesam
1399 3208 1477 3263 quem
1493 3199 1520 3248 et
1532 3193 1717 3263 Saloatum,
1729 3215 1778 3256 uo-

136 3264 280 3336 Septimius
305 3267 408 3322 fortean
434 3265 585 3334 scripserat.
609 3264 822 3334 uauunuuou,
846 3265 924 3317 llTO·
980 3264 1041 3317 cari
1053 3265 1081 3318 et
1097 3261 1240 3318 Climstnm
1255 3265 1386 3335 etbogon,
1395 3267 1597 3334 patronymica
1612 3282 1645 3321 ac
1658 3267 1774 3337 Omnia,

135 3336 218 3391 unu.
236 3338 340 3392 illenim
360 3335 463 3392 Atticas
482 3335 551 3391 inter
574 3349 654 3390 ouras
681 3336 748 3390 istos
767 3335 844 3388 eham
862 3336 925 3389 titu-
979 3331 1104 3402 quonium
1120 3333 1153 3388 ab
1168 3332 1292 3387 omnibus
1306 3341 1386 3386 esset.
1412 3334 1555 3391 satellites
1577 3352 1682 3409 quoqne
1698 3345 1728 3395 et
1740 3343 1775 3397 in

103 3465 105 3469 ,
137 3409 177 3461 los
190 3406 274 3463 luisse
301 3418 375 3463 notat
389 3405 519 3479 Agellius,
540 3420 600 3474 cap.
619 3404 724 3471 ultimo,
749 3405 796 3460 lib.
819 3419 869 3471 xri,
886 3403 926 3460 nti
979 3401 1111 3459 lionorcm
1124 3404 1259 3473 ipsoram,
1270 3403 1395 3473 ejusdem
1409 3405 1518 3474 generis
1531 3407 1643 3476 angelos
1657 3423 1725 3466 cam
1741 3427 1774 3471 eo
1798 3417 1801 3421 ’

138 3476 213 3533 locus
229 3478 274 3535 ille
288 3478 439 3548 descriptus
453 3486 495 3534 est
517 3475 544 3530 in
564 3476 666 3548 optimo
686 3475 778 3532 codiee
796 3475 922 3533 biblioth.
977 3473 1113 3546 prelatos.
1128 3474 1198 3528 Eoo.

135 3546 202 3617 Reg.
221 3567 234 3599 a
255 3550 302 3604 Est
320 3558 451 3620 praeterea
473 3546 518 3617 qui
546 3546 664 3601 Pratum.
693 3547 740 3601 Est
768 3546 858 3602 itidem
879 3546 924 3618 qui
1013 3544 1069 3613 (86)
1084 3545 1250 3615 Angelorum
1265 3546 1500 3615 comparatitium
1515 3548 1697 3604 antistatum.
1713 3550 1774 3607 An·

135 3618 300 3689 Pancarpon.
316 3621 365 3674 list
378 3618 473 3688 quino
489 3615 570 3672 BAN.
585 3618 652 3672 Sunt
661 3617 726 3673 itein
740 3616 829 3687 multi,
846 3626 923 3677 ietc.
978 3612 1095 3670 tistatum
1113 3617 1270 3686 angelorum
1289 3614 1369 3679 dieit,
1396 3616 1508 3687 angelos
1526 3617 1693 3687 apparitores
1718 3621 1776 3679 Sa·¹

135 3690 174 3744 ln.
977 3684 1053 3756 teris,
1080 3692 1142 3739 aute
1168 3685 1256 3753 ipsum
1285 3693 1393 3754 stantes,
1417 3689 1473 3742 sive
1497 3695 1658 3757 apparentes
1684 3691 1711 3746 ei
1735 3693 1771 3748 ad

170 3757 228 3826 (85)
246 3757 316 3811 lren.
331 3757 462 3814 adversas
478 3759 579 3815 liceret.
596 3756 645 3811 lib.
660 3771 679 3821 i,
696 3771 755 3827 cap.
774 3763 799 3823 t,
814 3755 830 3829 ἕ
845 3761 871 3813 6.
888 3787 925 3798 -
977 3755 1102 3810 obeunda
1116 3753 1274 3809 ministeria.
1297 3755 1518 3825 comparatitium
1542 3772 1615 3823 vero,
1636 3760 1699 3831 qnia
1721 3778 1770 3833 ge-

134 3827 249 3887 Οὕτωςτε
259 3831 349 3897 μορφῇ,
360 3827 490 3897 καὶγνώμη
501 3826 565 3887 ἴσους
577 3828 757 3894 κατασταθῆναι
768 3829 821 3888 τοὺς
831 3830 925 3889 hidriae
978 3841 1028 3880 nus
1055 3839 1147 3880 eorum
1177 3827 1328 3898 comparari
1351 3835 1457 3896 poterut
1485 3828 1638 3884 substantio)
1652 3831 1768 3893 soteris.

133 3898 243 3968 λέγουσι,
257 3899 348 3957 πάντας
361 3899 496 3968 γενομένους
518 3897 594 3964 Nota,
608 3898 648 3949 eal
660 3898 751 3959 πάντας
768 3901 862 3971 Λόγους
883 3900 924 3952 καὶ
975 3896 1038 3954 Riu-

132 3971 226 4027 πάντας
244 3966 414 4035 Ἀνθρώπους,
428 3968 469 4018 καὶ
482 3969 570 4028 πάντας
584 3968 708 4038 Χριστσὺς,
720 3970 759 4021 ael
773 3969 816 4031 τὰς
829 3971 925 4038 θηλείας
1012 3965 1070 4039 (87)
1080 3964 1266 4024 Achamoth...
1279 3966 1329 4024 too
1342 3968 1399 4025 toto
1409 3969 1665 4040 ininterpretabili.
1679 3971 1770 4028 Auda-

132 4038 225 4108 ὁμοίως
246 4038 324 4096 πάσας
343 4035 482 4106 Ἀληθείας,
501 4040 543 4091 καὶ
556 4041 635 4099 πάσας
649 4038 726 4104 Ζωάς,
742 4039 781 4092 καὶ
795 4041 925 4111 Πνεὺματα
978 4039 1063 4095 olores
1077 4037 1262 4102 Tertulliano,
1278 4037 1328 4093 nisi
1343 4038 1480 4093 uibraioae
1494 4039 1592 4109 linguae
1614 4040 1768 4111 peritiorem,

131 4110 173 4161 καὶ
194 4107 338 4175 Ἐκκλησάας
359 4108 538 4180 ’πηρωθέντα
557 4109 584 4163 δὲ
608 4108 646 4161 tal
663 4110 742 4182 τούτῳ
760 4109 792 4163 τά
810 4113 865 4175 ὅλα,
884 4110 925 4166 nal
978 4117 1098 4164 recentes
1116 4110 1222 4164 Patruini
1236 4107 1394 4173 interpretes
1408 4111 1455 4181 qui
1476 4110 1555 4178 hujus
1576 4113 1700 4168 vocabuli
1714 4115 1770 4170 ori·

133 4181 324 4250 ἀναντσυσάμενσ
344 4180 430 4239 τελέως
443 4178 505 4249 μετὰ
518 4182 624 4251 μεγάλης
641 4180 718 4252 χαρὰς
732 4201 804 4250 φησιν
822 4185 926 4252 ὑμνῆσαι
978 4178 1067 4260 ginem
1085 4179 1119 4232 ab
1138 4179 1277 4235 Hebraicis
1301 4178 1421 4234 tontibus
1435 4180 1583 4236 deduxere.
1612 4181 1769 4242 Feuarden·

131 4250 172 4304 rbi
187 4250 439 4322 Προπάτορα,τολλῆς
448 4249 575 4321 siccaniae
589 4254 749 4323 μετασχόντα.
757 4252 803 4305 Καὶ
816 4253 874 4325 ὑπὲρ
884 4260 926 4316 τῆς
978 4259 1032 4306 tius
1054 4250 1125 4304 enim
1148 4257 1227 4317 reete,
1243 4260 1273 4304 ul
1295 4250 1381 4305 doctis
1403 4250 1514 4315 videtur,
1538 4251 1603 4305 illud
1629 4253 1770 4311 deris-amr

133 4322 237 4382 εὐπαάας
250 4323 338 4388 ταύτης
353 4323 428 4394 βουλῇ
443 4325 488 4393 μιᾷ
499 4322 539 4375 καὶ
577 4325 631 4395 cipp
646 4322 675 4375 τὸ
685 4327 730 4377 πᾶν
743 4325 792 4390 πλη
808 4345 865 4396 nipe
876 4330 925 4379 τῶν
978 4330 1092 4380 amit
1108 4320 1239 4384 Hootmo,
1263 4321 1417 4392 Sapientia,
1433 4323 1508 4389 cuins
1532 4320 1605 4376 radix
1631 4331 1692 4382 mn
1714 4329 1768 4382 Ha-

130 4391 229 4446 Aloros
253 4389 461 4460 συνευδοκοῦντος,
477 4398 521 4446 τοῦ
538 4344 643 4464 (ξυστοῦ
656 4396 697 4446 καὶ
723 4399 767 4447 τοῦ
781 4344 926 4467 Ιάντὺματος,
979 4390 1069 4472 oborn,
1086 4392 1198 4462 sopiens
1212 4392 1272 4462 tuit
1287 4392 1460 4472 :Achamoth
1482 4406 1559 4472 voro²
1587 4391 1643 4448 sivo
1659 4403 1767 4458 nima

129 4469 172 4515 roo
192 4458 220 4515 δὲ
236 4463 330 4534 Πατρλς
345 4463 422 4516 αὐτῶν
434 4466 696 4536 ουνιπισφαγιζομένσυ,
706 4466 748 4516 tia
760 4464 863 4520 imeras
876 4472 927 4520 τῶν
978 4463 1050 4515 idem
1065 4476 1162 4516 nomen
1176 4468 1218 4516 est
1245 4461 1391 4516 adhibitum
1420 4476 1446 4516 in
1462 4461 1559 4533 plurali
1586 4478 1699 4520 numero
1719 4483 1768 4534 per

130 4532 243 4599 Αἰὼνων,
255 4535 309 4604 ὅπερ
320 4528 382 4601 εἶχεν
392 4533 415 4589 ἐν
431 4537 506 4606 (αυτῷ
516 4537 640 4590 κάλλιπον
653 4536 693 4587 καὶ
709 4535 868 4607 ἀνθηρότατον
883 4556 927 4588 συ-
978 4530 1091 4604 ippodes,
1111 4533 1189 4601 cujus
1202 4532 1354 4611 exemplum
1376 4531 1460 4587 habes
1480 4532 1556 4589 Prov.
1578 4548 1596 4599 l,
1612 4536 1657 4588 20.
1679 4536 1767 4594 Porro

130 4606 327 4736 iiiiiitliii
342 4604 610 4735 tiiiitii‘tiit:
634 4607 927 4746 uisitator}
978 4602 1271 4743 attitulasti
1281 4601 1494 4727 uitiosum
1502 4604 1768 4735 attitulati

130 4765 197 4816 ματα
210 4745 241 4804 εἰς
255 4720 327 4818 τιμὴν
340 4695 469 4807 afficiar
487 4755 528 4800 τοῦ
546 4716 614 4811 bultio,
627 4696 777 4802 τεάευότατον
791 4730 882 4810 settle:
895 4768 921 4804 τι
979 4715 1181 4799 adsentiendum
1197 4750 1247 4806 est,
1263 4741 1326 4798 iude
1347 4715 1479 4823 iutereutt,
1497 4747 1624 4813 nondum,
1640 4753 1767 4817 temporo

128 4815 168 4867 aori
190 4818 335 4884 insponsata
358 4818 521 4888 τληρωματος
537 4819 626 4872 attatei
641 4821 730 4889 καρπὸν
752 4822 792 4873 τὸν
816 4820 918 4887 Ἰησοῦν,
937 4801 1144 4892 ΒΤοΓωΙῙίαῠί,
1156 4819 1278 4892 accurato
1298 4813 1484 4870 schrisiianis
1507 4816 1658 4888 indagatum
1679 4817 1766 4876 tuisse

128 4886 153 4938 tr
167 4888 207 4939 καλ
227 4887 342 4956 Σωτῆρα,
361 4893 591 4972 προσαγορευθῆναι,
607 4890 681 4943 asili
699 4891 763 4944 ιστὸν
776 4893 817 4943 καλ
840 4893 917 4964 λόγον
972 4900 1029 4940 reru
1043 4884 1264 4950 Valentinianum,
1286 4898 1317 4939 ac
1340 4885 1461 4956 proinde,
1482 4888 1554 4955 quod
1578 4887 1695 4957 pedibus
1708 4906 1766 4946 ma·

129 4956 684 5099 totlitur:itiulliuiiiib
699 4963 826 5087 liiii*
839 4958 917 5086 “Y“
971 4953 1664 5085 liiulihtt‘tiititillari.iiiito
1677 4958 1764 5088 liii.

128 5046 432 5169 λοῦςάυῖιπᾷοὸιὸλῆσθαι,
447 5050 471 5154 3..
487 5051 547 5155 ti.
712 5053 761 5105 μγ
810 5052 821 5094 t
867 5034 911 5106 ff
975 5094 1106 5151 insulsum
1120 5096 1155 5150 sit
1175 5096 1325 5152 istiusmodi
1353 5104 1547 5168 argumentum,
1569 5100 1595 5153 in
1614 5046 1698 5169 aptat
1710 5103 1765 5158 sul·

163 5170 353 5240 interpretato
365 5175 454 5227 oetas.
470 5170 534 5243 -ἒ
550 5175 576 5227 6.
594 5176 629 5228 h't
649 5170 689 5229 sic
703 5175 797 5243 forma
810 5177 838 5228 et
852 5189 920 5230 sen·
972 5166 1065 5232 tinum.
1077 5167 1172 5246 vocula
1186 5183 1285 5237 nempe
1299 5167 1431 5223 hebraico
1448 5168 1555 5239 linguae,
1566 5184 1646 5241 quam
1655 5181 1764 5230 constat

128 5240 222 5295 tentio
237 5241 342 5298 stipites
356 5244 445 5312 faetor
461 5245 563 5301 AEonas
579 5244 690 5306 dicunt,
706 5245 848 5300 universos
863 5247 921 5315 sac-
973 5237 1091 5293 nondum
1119 5238 1199 5294 tuisse
1224 5253 1239 5291 a
1262 5238 1384 5292 barbaris
1404 5237 1575 5295 idiomatibus
1600 5241 1761 5310 sejunctam,

130 5312 920 5384 tosltoeoetbogos,etomnesAnthropoaetomncstibris·
972 5323 1021 5362 neo
1041 5308 1176 5364 Romanos
1195 5309 1262 5364 luter
1285 5308 1513 5389 ethaeeosjure
1537 5310 1653 5366 civitatis
1680 5313 1764 5370 dona·

128 5383 921 5455 imurmmrnasaimiureromniriraciturcenomman-
974 5378 1296 5457 animaequiorem,
1327 5387 1474 5460 prasertim
1504 5381 1627 5438 Patrium
1657 5381 1762 5442 Laius

127 5455 201 5508 ritris
216 5459 243 5509 et
258 5456 406 5511 Ecclesiae.
421 5455 596 5523 Confirmata
610 5468 716 5524 quoqne
731 5453 920 5511 inhocomnta
971 5448 1099 5504 Ecclesia
1122 5449 1253 5508 excultam
1278 5449 1417 5518 radicitus.
1432 5451 1557 5524 intusque
1584 5461 1611 5509 at
1631 5461 1694 5511 ente
1710 5471 1762 5514 no·

127 5526 156 5579 et
169 5526 374 5596 requiescentis
387 5523 424 5580 ad
437 5526 604 5596 patentem,
620 5539 686 5580 eam
703 5540 804 5596 magico
817 5525 918 5596 gaudio
971 5530 1035 5576 tani
1048 5519 1116 5576 Eoo.
