3840 6134
688 315 733 374 hD
752 315 898 379 Clllllllilh
918 316 1140 384 'lRlllllLLlhlll
1158 323 1266 388 01¹th
1375 368 1377 372 -

965 457 989 537 Α
1007 448 1108 507 Esdras
1123 460 1206 522 natm,
1223 454 1293 529 legis
1306 456 1403 515 doctor
1416 466 1443 515 et
1460 458 1519 531 ipso
1532 461 1671 530 sacerdos,

462 498 572 555 CAPUT
587 501 632 558 Vl.

182 619 285 687 Esaias,
299 614 420 687 locuples
430 622 512 680 rates,
525 617 569 672 cui
585 617 672 673 lontcs
685 618 784 688 aperti,

148 709 215 763 Tam
228 704 369 761 manifesta
383 703 461 770 lidos,
477 705 590 760 verbnm
601 705 648 761 Dei
663 722 711 763 orc
731 706 861 777 proludit,

145 799 286 870 largaque
298 811 348 866 per
362 794 498 850 Christum
510 793 598 850 Patris
612 803 655 849 ast
668 797 944 869 promissavohmtas,

145 886 301 940 Praetestata
315 882 385 940 viam
400 882 462 938 vitae
477 889 556 956 atque
571 885 684 956 probata
699 901 748 957 par
777 887 864 958 ipsum
880 897 921 945 cst
936 907 943 947 :

146 974 233 1040 Quom
250 971 365 1045 populus
379 978 484 1028 sectum
499 971 573 1046 ligno
587 972 644 1028 sinc
656 973 717 1030 laba
733 984 879 1046 repertum,

146 1062 313 1118 immeritum
327 1062 438 1119 demens
451 1061 552 1119 crudeli
575 1071 662 1120 morta
675 1065 799 1137 peremit.

145 1150 260 1209 Sanctus
274 1149 424 1207 Hieremias
444 1165 526 1223 quam
550 1152 675 1225 gentibus
693 1168 755 1213 esse
780 1156 941 1228 prophetam

145 1240 248 1298 AEtcrni
262 1240 349 1297 uirtus
357 1240 450 1310 jussit,
470 1240 590 1313 dixitque
600 1240 719 1299 laturum
735 1259 743 1314 ;

145 1330 197 1399 Qui
216 1327 344 1401 quoniam
366 1328 454 1401 plebis
468 1327 541 1387 lanta
559 1328 854 1404 inlaudandarerolrit,

145 1418 178 1473 Et
191 1417 249 1474 lore
264 1406 407 1489 captivam,
421 1416 474 1474 nisi
484 1418 653 1490 poenituisset
665 1421 784 1494 iniquos,

144 1508 174 1563 lu
184 1506 302 1565 lamulos
312 1504 372 1563 fieri
388 1522 510 1580 praesaqa
524 1523 592 1565 voco
606 1509 725 1580 locutas,

142 1596 257 1653 Vincula
275 1597 343 1654 dura
350 1596 423 1665 tulit,
438 1596 570 1669 squalenti
584 1612 692 1654 carcero
706 1598 729 1638 ¹²
742 1599 861 1667 clausus,

141 1682 226 1757 Inque
241 1685 297 1742 luto
310 1684 384 1756 putei
400 1685 485 1740 lames
500 1685 587 1743 hausit
605 1686 694 1742 tabida
709 1690 846 1746 membra:

1727 339 1796 401 ¹132

1002 548 1055 617 Qui
1069 550 1200 622 populum
1214 555 1322 620 captum
1336 553 1398 618 post
1411 554 1533 621 tempora
1546 553 1627 625 plena
1640 552 1761 625 reduxit,

1000 638 1114 709 Ignibus
1128 645 1153 693 et
1181 638 1266 694 multa
1296 646 1457 711 consumpta
1473 639 1609 699 volumina
1632 651 1724 699 vatum
1740 645 1797 717 (bt)

1000 725 1117 799 Spiritus
1130 728 1291 800 completus,
1302 729 1414 785 memori
1427 729 1516 787 omnia
1533 730 1652 789 reddidit
1663 749 1725 791 ore.

1304 847 1415 904 CAPUT
1429 839 1490 904 Vll.

1034 952 1150 1010 Grandis
1171 956 1288 1013 loannes
1301 973 1384 1030 super
1396 973 1491 1015 omnes
1504 957 1608 1017 semine
1628 969 1709 1015 natos
1727 977 1737 1028 ς

998 1040 1081 1112 Cujus
1091 1041 1200 1101 dilhcila
1215 1045 1362 1117 poterimus
1375 1045 1466 1104 dicere
1474 1045 1578 1105 laudas:

996 1129 1115 1190 Ablutor
1127 1132 1227 1202 carnis,
1242 1134 1351 1193 Domini
1366 1151 1516 1210 praecursor
1524 1145 1646 1210 apertus,

996 1221 1113 1279 ablutor
1126 1222 1236 1291 Christi,
1253 1224 1327 1296 prior
1342 1225 1402 1297 ipse
1415 1233 1526 1285 renatus
1539 1227 1574 1283 ab
1587 1228 1651 1295 illo,

996 1309 1115 1368 Foederis
1128 1311 1175 1369 illo
1188 1312 1251 1370 novi
1264 1314 1368 1386 primus
1381 1315 1538 1391 veterisque
1555 1332 1715 1390 supremus,

994 1400 1100 1473 Proque
1110 1401 1154 1460 ria
1167 1418 1229 1460 vera
1243 1403 1318 1475 prior
1331 1404 1421 1462 hostia
1433 1421 1520 1464 casus
1528 1405 1625 1465 obivit.

994 1489 1063 1547 Ecca
1074 1490 1147 1548 Deus
1162 1491 1286 1551 Christus
1300 1511 1308 1552 :
1322 1494 1422 1566 pariter
1436 1495 1546 1554 bissena
1558 1497 1703 1568 juventus,

993 1578 1126 1638 Omnibus
1138 1597 1191 1640 uua
1210 1581 1287 1654 lidos,
1297 1599 1373 1642 amor
1386 1600 1457 1642 unus
1469 1592 1498 1643 et
1511 1601 1566 1644 una
1575 1592 1710 1659 potestas,

993 1668 1108 1729 1016
1113 1673 1176 1731 Flos
1185 1673 1438 1744 hominum,muudo
1449 1675 1676 1738 lucentaslumiraa
1685 1677 1790 1750 Christi,

142 1772 198 1830 Sed
213 1780 357 1846 postquam
371 1788 432 1846 quae
446 1774 592 1830 noluerant
607 1775 631 1815 ¹⁹
650 1776 743 1835 audire
761 1779 896 1850 probavit,
957 1753 1354 1837 flfll⁰0¹1¹5¹0⁸0¹⁸l²⁰⁸¹⁰¹i⁰b
1369 1765 1417 1840 (lui
1429 1779 1496 1824 ²0²²
1506 1764 1603 1834 ¹00²&

142 1864 230 1934 Atque
249 1862 341 1917 hostes
367 1861 486 1917 vinctum
506 1863 638 1935 populum
657 1864 762 1924 duxere
784 1867 940 1939 triumphis,

146 1945 259 2004 ¹⁰⁷5
269 1947 383 2004 Horrida
395 1946 440 2007 rix
451 1948 558 2006 tandem
573 1951 658 2009 caruit
667 1967 715 2009 sna
725 1954 817 2012 dextra
826 1958 941 2027 catanis3

143 2037 224 2093 Nulla
237 2043 324 2105 morte
342 2037 429 2095 virum
444 2045 561 2108 constat,
576 2043 749 2114 noqueoaedc
759 2053 940 2119 peremptum.

141 2125 264 2182 Ezechiel
279 2125 351 2183 lidus
361 2128 395 2195 ²⁰,
407 2128 483 2185 dives
495 2130 633 2205 cuiqratia
647 2132 724 2189 verbi

142 2214 280 2273 Concessa
293 2226 334 2272 est
344 2233 352 2288 ;
364 2224 539 2288 pcccatorum
554 2226 658 2276 secreta
667 2221 770 2292 ridere,

141 2303 265 2361 hillictus
279 2305 454 2378 lugeresuos
467 2306 625 2379 veniamque
634 2310 748 2381 precari,

141 2391 257 2449 Cernere
270 2393 415 2450 uindictam
429 2402 581 2451 sanctorum
595 2397 668 2454 caedo
682 2398 811 2466 suturam,

142 2481 358 2555 sanctorumque
373 2482 464 2539 locum
479 2484 566 2558 regni,
578 2485 722 2559 carnisque
736 2488 850 2547 salutem
935 2520 938 2527 ·

140 2571 240 2642 Spiritu
255 2571 410 2643 implicitus,
425 2588 535 2647 gressus
547 2573 690 2648 aditusque
703 2576 806 2635 videre.

140 2660 221 2727 Ossa,
235 2662 328 2730 Amos,
345 2669 372 2718 et
386 2662 515 2732 Micheas,
530 2663 587 2720 loel
598 2663 633 2733 ²¹,
657 2664 757 2736 Abdia,
776 2667 860 2725 Jonas
878 2673 936 2743 (bil

138 2749 229 2821 Atque
243 2751 331 2807 Naum
345 2750 478 2821 habacuc,
501 2750 664 2825 sophonias,
685 2752 867 2829 hqgaeusqua,

137 2838 344 2895 Zachariasrim
359 2855 463 2912 passus,
484 2847 512 2897 et
538 2841 653 2915 angelus
684 2842 744 2914 ipse
770 2845 931 2916 llalachim;

137 2925 173 2982 lli
192 2936 265 2986 rates
287 2928 407 2995 Domini,
420 2944 535 3002 quorum
550 2931 649 2987 chorus
667 2947 754 3003 usqne
774 2944 928 3004 canentum,

141 3013 181 3071 hc
198 3015 297 3086 pariter
310 3015 398 3071 laudis
412 3018 551 3089 propriam
567 3034 689 3076 meruere
706 3035 847 3079 cornuam.

141 3101 229 3172 Quam
250 3119 364 3178 magnus
374 3105 470 3161 Daniel
488 3105 494 3162 l
510 3108 598 3177 qualis
612 3106 664 3164 riri
679 3116 778 3182 quanta
792 3119 915 3185 potestas
929 3102 936 3159 ¹
953 3093 975 3173 ὓ

142 3189 194 3258 Qui
209 3192 380 3249 lalsostestrs
392 3193 514 3265 ipsorum
526 3196 645 3268 prodidit
656 3212 703 3253 ore
713 3199 773 3272 (bl)

138 3278 312 3353 Serraaitque
325 3281 440 3337 animam
455 3281 607 3340 damnatam
623 3284 737 3343 crimine
750 3286 826 3356 ficto,

138 3367 251 3425 Somnia
265 3379 370 3426 secreta
383 3378 410 3425 at
425 3370 498 3445 regis
515 3370 591 3444 prior
605 3387 653 3429 ore
667 3375 792 3446 resolvit,

135 3455 262 3515 Prmridit
272 3456 406 3514 Christum
421 3474 567 3533 regnorum
583 3459 688 3518 solvere
702 3464 825 3521 mambra
840 3481 848 3538 ;

135 3540 189 3598 Pro
202 3544 317 3599 Domino
334 3559 395 3599 rens
409 3551 460 3612 est,
476 3542 563 3600 lactus
572 3561 680 3618 quoque
695 3549 786 3618 praeda
798 3549 929 3623 ,leonum3

139 3629 318 3700 Servatisque
331 3632 420 3702 palam
432 3633 546 3700 cunctis,
561 3634 588 3688 in
596 3650 661 3705 paco
670 3637 782 3707 quierit.

135 3718 223 3787 Hujus
237 3725 295 3773 tres
308 3717 375 3774 socii
389 3718 434 3776 vix
448 3718 531 3791 digna
546 3721 626 3778 laudo
640 3724 755 3781 canendi
769 3725 838 3799 (55),

134 3805 178 3858 Ex
191 3821 304 3862 numero
320 3813 393 3862 tanto
413 3807 555 3863 decretum
569 3810 641 3883 regis
656 3810 778 3884 iniquum

133 3891 326 3964 Contempsore
339 3893 388 3966 pii,
399 3895 581 3966 quorumdata
600 3911 715 3970 corpora
728 3899 859 3970 fiammis,

128 3980 249 4038 Tradere
263 3998 292 4038 sa
307 3983 395 4061 poenis
411 3983 504 4053 potius
523 3999 574 4055 pro
588 3987 701 4045 nomine
715 4005 827 4063 magno,

133 4068 220 4140 Quam
229 4072 344 4147 genibus
358 4071 413 4128 uiri
428 4071 573 4131 simulacro
582 4075 701 4147 pandera
716 4078 837 4151 palmas:

998 1851 1117 1909 Auribus
1132 1854 1269 1922 audivere,
1285 1854 1371 1913 oculis
1382 1855 1475 1915 ridere
1483 1854 1611 1925 salutem,

994 1940 1155 2000 Tmctarare
1168 1959 1250 2002 mauu
1259 1959 1360 2018 corpus
1373 1944 1409 2002 da
1423 1952 1510 2002 morto
1520 1954 1673 2017 receptum,

995 2029 1142 2088 Convirera
1155 2033 1217 2091 cibo
1227 2033 1347 2101 assidue,
1360 2042 1493 2092 testantur
1507 2032 1611 2107 stipsi.

995 2120 1073 2176 Hunc
1081 2122 1331 2195 Paulus,praelectus
1342 2125 1482 2196 apostolus
1493 2124 1522 2181 ia
1535 2124 1596 2183 rica
1609 2121 1715 2182 missus
1725 2125 1789 2198 (til),

994 2210 1025 2267 ln
1035 2212 1120 2268 ooelos
1134 2213 1302 2285 raptusvidit
1315 2229 1441 2288 quoque3
1456 2214 1556 2272 missus
1566 2214 1603 2271 ab
1616 2213 1678 2284 illo,

993 2298 1115 2357 Darnaba
1124 2318 1187 2359 cum
1206 2304 1316 2375 comite,
1328 2304 1464 2376 sociisque
1476 2304 1622 2377 prioribus,
1632 2320 1694 2363 uno

991 2387 1105 2447 Foedera
1119 2393 1283 2463 conjunctis,
1300 2409 1347 2465 per
1360 2403 1456 2468 gentes
1470 2393 1550 2450 uadit
1563 2393 1668 2467 ubique

989 2477 1057 2534 Esse
1069 2489 1151 2551 caput
1163 2480 1307 2552 Christum,
1323 2490 1386 2538 suut
1394 2483 1471 2554 cujus
1485 2481 1608 2539 Ecclesia
1620 2482 1755 2552 membra,

989 2566 1118 2639 Corporis
1132 2569 1191 2641 ipse
1202 2570 1286 2641 salus,
1300 2572 1485 2628 membrorum
1496 2572 1548 2630 rita
1563 2572 1714 2643 perchaim

987 2654 1121 2728 lpsecaro
1135 2659 1233 2732 lactus,
1244 2676 1293 2731 pro
1308 2663 1413 2718 cunctis
1429 2661 1487 2733 ipsa
1498 2671 1669 2734 peremptus,

987 2747 1050 2818 lpse
1065 2749 1214 2805 resurrexit
1227 2750 1340 2821 prhuus,
1355 2766 1419 2823 spos
1436 2765 1490 2806 una
1503 2741 1613 2823 salutis,

987 2835 1186 2911 Discipulisqua
1201 2838 1258 2895 suis
1271 2838 1387 2896 formam
1400 2839 1475 2896 dedit
1491 2854 1499 2897 a
1515 2838 1543 2894 hi
1563 2837 1648 2897 simul
1659 2854 1755 2898 omncs

986 2928 1114 3002 Indignas
1124 2929 1198 2989 raris
1213 2946 1308 3005 poenas
1323 2945 1374 3004 pro
1387 2930 1496 2988 nornine
1510 2930 1593 3003 passi.

1290 3055 1401 3113 CAPUT
1415 3053 1484 3113 tihi.

1023 3181 1098 3240 'l'alia
1108 3183 1230 3240 mambra
1242 3180 1311 3257 gerit
1319 3182 1445 3255 spacioso
1460 3195 1575 3255 corpore
1588 3191 1680 3238 mater

988 3273 1096 3343 Libera,
1112 3273 1331 3345 quodnunquam
1341 3270 1450 3329 Domini
1459 3279 1594 3342 praecepta
1609 3270 1731 3344 reliquit,

991 3363 1075 3435 lnque
1090 3361 1172 3421 domo
1187 3361 1285 3432 senuit,
1293 3361 1410 3420 Domino
1422 3360 1571 3419 laetissima
1584 3375 1708 3432 semper,

990 3450 1132 3522 Invidiam,
1142 3452 1305 3525 poenasejus
1322 3465 1372 3523 pro
1386 3451 1494 3509 nomine
1508 3464 1589 3522 passa
1611 3465 1618 3501 :

988 3541 1058 3598 Nam
1067 3541 1167 3599 sterilis
1180 3540 1318 3615 qnoniam,
1333 3539 1452 3599 nondum
1467 3555 1562 3599 secura
1571 3538 1670 3611 lutari,

988 3631 1114 3688 Ediderit
1126 3623 1257 3705 populum
1270 3630 1372 3689 coelcsti
1388 3631 1603 3688 seminenatum.

987 3721 1077 3792 Atque
1091 3736 1148 3777 suae
1165 3719 1282 3789 lamulae,
1297 3719 1414 3792 portauit
1427 3726 1517 3792 spreta
1530 3718 1670 3792 dolorem,

985 3810 1064 3866 Hanc
1082 3808 1202 3882 sterilem
1219 3808 1364 3883 quondam,
1380 3823 1451 3866 nunc
1464 3814 1573 3883 tempus
1585 3824 1702 3869 cornere
1728 3824 1782 3873 me,

986 3898 1129 3956 Haeredem
1143 3906 1237 3957 natum
1251 3915 1308 3971 suae
1322 3898 1452 3956 libertatis
1462 3891 1570 3969 habere,
1707 3899 1779 3974 luem

984 3988 1045 4045 Nou
1060 3989 1176 4046 similem
1186 3988 1304 4059 lamulae,
1319 4004 1474 4064 quanquam
1487 3988 1640 4047 desemine
1653 3989 1720 4048 ooeli

980 4076 1148 4150 Conceptum
1163 4079 1266 4151 genuit,
1282 4077 1334 4135 sibi
1348 4067 1504 4137 conditione
1516 4077 1663 4151 jugatum:

131 4163 192 4220 lam
210 4164 338 4236 praclara
353 4161 430 4233 fidas,
443 4162 501 4234 iam
515 4180 578 4236 spos
591 4181 673 4238 super
699 4170 791 4227 omnia
817 4169 926 4246 fulgens
943 4166 966 4244 n
982 4164 1061 4224 hbsit
1071 4165 1208 4223 utillicitis
1221 4165 1322 4239 verbis,
1336 4165 1479 4224 temeraria
1497 4177 1564 4222 voce

132 4253 267 4310 Exstinxti
276 4252 478 4328 rabidosiqnes
493 4263 521 4313 ot
534 4255 598 4315 ricit
612 4256 730 4329 iniquos.

984 4254 1121 4329 Egregios
1128 4253 1265 4325 homines,
1281 4253 1403 4313 ardentia
1415 4247 1501 4313 sidera
1516 4253 1592 4323 coeli,

853 4359 950 4423 Variae
962 4359 1117 4421 lectiones.

170 4432 193 4472 ¹³
204 4432 320 4491 Currere
335 4436 399 4493 olii.
421 4435 446 4475 ¹⁹
463 4433 612 4493 Voluerunt
627 4438 689 4495 olii.
705 4438 732 4479 ²⁰
744 4437 826 4496 Sidus
835 4440 897 4496 olii.
914 4440 938 4477 ²¹
957 4437 1042 4495 Simul
1059 4436 1149 4495 Obcrt.

869 4511 1121 4576 Commentarius.

166 4585 225 4713 (bbg
241 4586 333 4653 Oscos,
344 4589 424 4645 Amos
439 4593 468 4644 at
482 4587 616 4653 Micheas,
632 4588 701 4658 loct,
717 4589 816 4660 Abdio,
832 4591 928 4662 lonas,

130 4665 183 4715 etc.
228 4657 335 4716 imiliter
355 4667 380 4714 et
399 4658 442 4714 hic
456 4659 611 4716 necessario
634 4660 841 4716 substituimus:
858 4664 926 4720 loct.

133 4730 289 4799 prosimnl,
306 4737 400 4800 utpote
414 4746 475 4786 cum
489 4731 601 4786 interra
623 4732 771 4804 prophetas
795 4732 926 4806 minores,

132 4817 200 4872 quos
215 4808 418 4866 commemorat,
434 4800 480 4856 ille
490 4817 560 4857 unus
575 4802 619 4857 sit.

168 4872 284 4943 (amoni
301 4873 387 4943 salsos
401 4877 485 4930 testes
507 4874 633 4944 ipsoram
647 4873 771 4943 prodidit
786 4892 846 4944 ore,
870 4884 923 4934 etc.

130 4941 216 4997 Etiam
233 4944 295 4998 hinc
310 4941 483 5000 confirmatur
506 4944 616 5001 historia
637 4947 777 5014 Susanna,
808 4947 927 5005 Danielis

129 5027 193 5079 xur,
208 5029 288 5085 quam
303 5028 364 5069 cum
379 5014 482 5071 Graecis
502 5013 570 5072 iuter
595 5017 684 5090 prima
711 5018 828 5075 Danielis
857 5019 925 5076 lacta

131 5094 253 5140 recenset
267 5094 369 5150 auctor,
385 5086 419 5142 de
436 5086 513 5156 cuius
545 5090 703 5146 anctoritate
727 5090 808 5146 latius
843 5106 926 5217 supra

128 5165 194 5214 tom.
223 5158 256 5224 ll,
271 5156 319 5212 lib.
335 5157 367 5213 do
387 5160 494 5217 Corona
519 5160 608 5216 milit.
634 5177 693 5233 cap.
714 5163 742 5230 l,
769 5177 844 5217 num.
896 5167 924 5220 3.

127 5226 176 5286 Est
193 5236 283 5287 autem
297 5230 438 5300 obscums,
450 5239 478 5287 et
492 5231 614 5288 tbrtassis
627 5231 773 5291 mendosus
795 5231 841 5290 illo
859 5249 923 5290 rer-

126 5314 193 5359 aus:

217 5427 382 5494 Socratisquo
396 5427 481 5491 palam
493 5424 591 5476 cunctis
605 5423 708 5489 inpane
724 5425 829 5490 quierit.

164 5516 222 5589 (55)
238 5519 329 5591 llatjus
349 5522 408 5575 tros
432 5517 510 5583 socii,
547 5522 599 5571 otc.
623 5513 756 5594 Intellexit
775 5513 919 5583 Ananiam,

128 5586 251 5644 hauriam
265 5599 292 5646 et
306 5587 455 5656 Disaelom,
469 5588 504 5647 de
519 5587 619 5661 quibus
632 5585 679 5644 ubi
706 5586 784 5647 dicit:
802 5588 921 5649 haiam

982 4604 1026 4670 aa·
1044 4588 1160 4671 parnis,
1188 4596 1254 4657 eta,
1283 4586 1542 4664 subintelligendum
1569 4589 1777 4659 melentosum

982 4658 1203 4804 qungsslfplrlaei'bar
1220 4737 1248 4790 et
1268 4734 1363 4791 multo
1385 4736 1552 4806 cmromprn
1573 4733 1725 4792 volumina
1738 4748 1777 4788 oo·

981 4805 1043 4860 tam
1053 4811 1104 4860 etc.
1121 4803 1159 4859 Do
1170 4806 1249 4861 ornai
1261 4806 1455 4886 instramaato
1465 4803 1596 4862 Iudaicos
1609 4800 1777 4865 irroratum

978 4890 1032 5002 fier
1045 4872 1166 4958 Codrum
1182 4877 1354 4969 instaurato,
1373 4875 1435 4934 ride
1455 4890 1540 4958 supra
1553 4875 1677 4945 tom.2ll‚
1693 4874 1777 4956 hbdt

1003 4946 1194 5029 obarmaulteb.
1209 4962 1268 5030 cap.
1285 4951 1312 5015 3,
1327 4963 1402 5031 num.
1417 4943 1573 5049 33.Qurbus
1587 4946 1660 5004 addo
1672 4943 1777 5056 quodid

977 5018 1371 5164 itttrt‘itttttlhtthr
1383 5017 1689 5163 librarii-„ibt

977 5160 1129 5244 sacerdoti,
1144 5162 1242 5219 scribo
1261 5163 1327 5221 libri
1345 5177 1509 5221 romonum
1522 5161 1777 5237 marsorumque

976 5232 1168 5386 „Quidum
1187 5306 1295 5363 Pontos
1316 5305 1469 5380 prolectas
1483 5304 1641 5379 apostolas,
1663 5312 1719 5409 eta
1731 5302 1777 5390 ‘st

976 5377 1671 5533 hitritttritithttrritrrhtirii
1685 5378 1777 5506 ‘3⁵33

975 5527 1068 5598 raptus
1081 5518 1158 5589 vrdrt,
1184 5528 1273 5602 rtemr
1294 5519 1392 5603 ldassas
1415 5519 1535 5603 abillo.
1556 5517 1777 5580 humamanam

973 5589 1012 5646 rbr
1028 5606 1035 5644 ι
1048 5605 1102 5664 pro
1112 5606 1237 5661 nomana,
1249 5598 1381 5664 accipitur
1395 5591 1494 5649 Chrrstr
1505 5605 1618 5654 nomen.
