3848 6120
124 322 178 385 ele
459 321 677 383 lnllhttllllll
694 321 825 383 oennull
843 321 926 381 lans
945 321 978 381 ll.
998 351 1034 365 -
1050 319 1162 381 sallitis
1181 319 1203 389 l,
1224 318 1396 381 Ponuntur.
1704 316 1759 380 tlt

127 456 155 501 ut
181 445 271 515 imago
289 442 399 516 quidem
420 444 530 502 choicus
559 444 710 515 deputetur,
727 443 872 501 materialis
887 441 912 480 ⁸⁸
967 450 1012 499 cto
1025 441 1094 513 (30).
1115 442 1211 514 ltaque
1233 455 1295 499 cnm
1318 440 1475 512 demiurgus
1498 443 1637 496 traducem
1663 438 1760 495 animae

126 533 249 601 acilicct;
266 532 317 588 etsi
331 547 383 588 non
398 549 430 588 ex
446 533 554 590 inauris
566 532 723 606 demiurgus
738 551 745 587 ε
766 531 913 587 similitudo
968 546 1024 587 sum
1038 529 1212 588 committit8⁸
1226 529 1253 585 in
1272 529 1368 594 Adam,
1384 528 1550 584 letmthomo
1564 525 1694 596 spiritalis
1705 527 1760 600 (at)

127 629 214 676 autem
242 618 380 689 animalis3
397 621 449 675 boc
475 621 546 676 enim
574 620 607 675 de
630 619 799 692 demiurgus.
824 619 915 674 Habea
967 620 1032 676 flatu
1055 621 1080 659 99
1105 621 1231 688 insertus,
1255 627 1282 675 et
1303 618 1404 690 pariter
1426 618 1534 689 corpori
1559 616 1762 688 inductusqnia

126 708 205 764 duos.
234 708 342 763 iuterim
371 707 504 763 carnalem
524 707 697 777 superficiem
721 715 816 779 postea
842 707 916 763 aium
967 722 1021 763 non
1038 708 1124 780 magis
1143 704 1334 764 579scmcn
1349 714 1460 763 novemt
1474 703 1568 760 matris
1592 703 1759 777 demiurgus,

126 799 220 855 choico
244 804 480 868 supernatamus
504 797 574 852 banc
598 813 659 854 esse
678 798 820 868 pelliceam
842 794 914 853 tuni·
968 795 1159 869 quamipsam.
1184 796 1240 852 lloc
1259 809 1351 851 semen
1376 793 1523 850 Ecclesiam
1542 790 1646 863 dicunt,
1667 793 1761 851 Eccle-

127 905 184 945 cam
203 887 261 960 (25)
275 886 419 944 obnoxiam
434 887 525 942 sensui
539 885 607 958 (26).
968 883 1016 939 siae
1026 900 1149 955 snpernae
1163 883 1301 955 speculum
1314 883 1341 921 99
1352 880 1419 953 (32),
1442 890 1469 938 et
1487 880 1604 937 hominia
1626 895 1759 936 censum:

410 1025 520 1083 CAPUT
539 1022 618 1082 xxv
968 970 1082 1042 proinde
1094 986 1156 1027 curn
1179 973 1213 1027 ab
1227 970 1377 1027 Achamoth
1397 971 1567 1040 deputantes,
1583 967 1760 1039 quemadmo-

620 1065 628 1080 ·
969 1061 1034 1115 dom
1054 1060 1199 1116 animalem
1220 1074 1236 1114 a
1257 1059 1398 1129 demiurgo
1421 1075 1430 1112 t
1454 1056 1588 1122 choicum,
1612 1057 1763 1113 substantie

163 1150 252 1205 luerat
265 1155 355 1204 antem
378 1148 405 1204 in
424 1149 576 1207 Achamoth
605 1165 639 1205 ex
652 1145 786 1204 subtantia
809 1146 918 1218 Sophiae
970 1148 1067 1221 ἀρχῆς
1086 1163 1205 1218 carnem,
1220 1145 1372 1203 materiam.
1386 1145 1638 1215 Hebesnorum,id
1652 1152 1764 1217 estque·

129 1237 222 1294 matris
234 1237 291 1308 (27)
305 1237 440 1308 peculium
454 1237 588 1310 quoddam
604 1237 715 1292 seminis
726 1235 919 1307 spiritaliszsi·
971 1235 1094 1307 druplum
1107 1235 1258 1309 Geryonem
1271 1236 1337 1307 (33).

128 1335 174 1383 out
186 1337 213 1383 et
227 1327 285 1397 ipsa
297 1327 445 1382 Achamoth
460 1328 486 1381 in
506 1325 562 1382 filio
576 1326 717 1397 demiurgo
734 1333 920 1398 sequestrave-
1253 1373 1367 1429 CAPUT
1381 1370 1469 1428 XXVI

129 1422 225 1486 rat,ne
240 1416 291 1470 hoc
306 1415 413 1485 quidem
426 1430 522 1487 gnara
538 1414 638 1487 Accipe
664 1414 823 1470 industriam
840 1413 920 1470 clau·
1472 1410 1480 1426 ⁸

130 1501 241 1558 destina
256 1502 431 1573 providentiae
451 1503 542 1573 hujus.
567 1505 609 1557 Ad
625 1502 676 1558 boc
695 1503 767 1559 enim
786 1509 813 1556 el
834 1501 920 1571 depo·
1006 1496 1050 1554 Sic
1064 1503 1091 1555 et
1105 1495 1205 1554 exitum
1219 1497 1334 1570 siugulis
1346 1496 1479 1554 dividunt.
1496 1494 1627 1553 Materiali
1641 1493 1759 1568 quidem,

130 1602 220 1647 suerat
232 1599 258 1646 et
267 1591 449 1647 occultaverat
461 1590 627 1663 (28)utcum
639 1591 796 1662 demiurgus
804 1589 919 1645 animam
972 1584 1000 1641 id
1019 1592 1060 1643 est
1072 1584 1180 1654 carnali,
1197 1601 1277 1657 quem
1300 1593 1328 1641 et
1341 1585 1478 1640 sinistrum
1500 1593 1608 1650 rocam,
1629 1584 1763 1640 indubita-

131 1692 195 1732 mon
208 1677 242 1732 de
256 1693 304 1731 suo
319 1675 409 1731 albato
424 1679 451 1731 in
470 1678 557 1730 Adam
577 1675 797 1744 communicaret,
820 1676 918 1747 pariter
973 1682 1030 1731 lum
1044 1673 1183 1730 interitum
1194 1694 1201 1744 ;
1213 1672 1322 1729 animali
1332 1689 1404 1739 tero,
1414 1688 1495 1744 quem
1504 1679 1531 1727 et
1540 1671 1666 1729 dcxirnm
1677 1672 1764 1744 appel·

129 1773 156 1819 et
172 1780 263 1820 semen
277 1764 341 1818 illud
355 1764 473 1834 spiritale
486 1765 562 1835 quasi
578 1780 626 1834 par
635 1765 756 1821 canalem
765 1765 789 1804 99
811 1764 919 1822 derina·
934 1742 958 1822 Β
973 1765 1038 1828 lant,
1062 1762 1209 1818 dubitatum
1230 1769 1365 1828 eventum,
1392 1768 1486 1832 utpote
1508 1761 1578 1818 inter
1599 1760 1763 1816 materialem

132 1860 205 1909 retur
219 1852 245 1906 in
260 1852 382 1907 choicum
395 1854 535 1924 :atqueita
547 1852 688 1909 feturatum
701 1855 729 1910 iu
739 1869 918 1926 corporema-
973 1850 1170 1925 spiritalemque
1190 1852 1304 1922 nutanti;
1320 1849 1421 1907 stillae
1436 1849 1527 1906 debito
1545 1866 1598 1921 qna
1624 1850 1763 1920 plurimum

130 1940 227 2009 terioli,
242 1938 562 2012 velutinutrro(29),ct
577 1941 696 1996 adultum
710 1941 776 2012 illic,
792 1942 919 1999 idoneum
973 1939 1107 1996 adnuerit.
1135 1940 1267 1995 Caeterum
1298 1938 1448 2011 spiritalem
1468 1937 1562 2005 ‚emitti
1589 1937 1619 1993 in
1645 1935 1764 1994 animalis

131 2027 292 2087 inveniretur
310 2026 479 2098 suscipiendo
502 2031 663 2102 quandoque
682 2029 807 2087 Sermoni
827 2030 920 2100 perle-
974 2028 1203 2100 comparationem
1218 2027 1245 2067 99
1258 2033 1284 2085 et
1299 2026 1401 2083 erudiri
1415 2043 1477 2084 cum
1491 2041 1524 2084 eo
1538 2032 1567 2083 et
1587 2024 1762 2084 excerceriin

822 2176 918 2242 Variae
933 2181 1089 2242 lectiones.

164 2308 190 2349 99
203 2309 336 2366 Materiali
350 2311 434 2368 Semi.
450 2310 474 2350 ⁸²
489 2310 614 2367 Animam
628 2311 692 2368 add.
708 2313 788 2367 Pam.
805 2311 889 2368 Scml.
905 2310 1014 2370 oberth.
1027 2312 1109 2366 Forte
1122 2307 1211 2364 anima
1226 2310 1292 2367 lun.
1312 2308 1338 2348 99
1352 2307 1492 2365 Commisit
1503 2309 1568 2365 tua.
1580 2307 1607 2347 99
1620 2307 1702 2364 iesus
1715 2306 1763 2364 od·

130 2379 174 2438 dit
187 2381 272 2440 Semi.
288 2380 376 2453 lpsius
390 2385 456 2441 tau.
471 2382 497 2422 99
511 2383 667 2454 Exemplum
681 2384 756 2440 lrcu.
770 2380 794 2422 ⁹¹
809 2382 949 2454 Choicum,
970 2380 1121 2437 substantia
1134 2395 1224 2447 carne,
1239 2397 1256 2435 a
1271 2381 1382 2436 materia
1397 2381 1464 2437 dau.
1479 2380 1505 2420 99
1519 2379 1609 2437 Potuit
1624 2379 1714 2436 num.

819 2530 1067 2595 Commentarius.

167 2635 223 2707 (23)
234 2636 530 2695 Petticeamtunieam.
546 2636 574 2692 S.
586 2634 764 2707 Hieronymus
776 2636 919 2693 contutans
1008 2633 1062 2705 (31)
1073 2634 1169 2690 latuit
1184 2633 1264 2691 homo
1273 2634 1424 2706 spiritalis.
1437 2635 1563 2699 ireneus,
1580 2631 1672 2688 latuit
1686 2629 1766 2703 igilur

132 2722 237 2765 errores
261 2709 340 2765 toan.
364 2707 608 2778 hierosolymitani,
624 2707 650 2760 in
676 2722 709 2762 co
731 2707 831 2780 arguit,
846 2706 918 2778 qnod
971 2704 1066 2776 inquit,
1093 2704 1319 2786 quemadmodum
1341 2704 1433 2760 dicunt
1457 2704 1645 2775 Demiurgum,
1668 2717 1766 2759 consc-

132 2794 182 2847 per
201 2778 329 2849 pelliceas
343 2781 445 2834 tunicas
459 2792 575 2848 corpora
589 2778 706 2832 bumana
725 2780 916 2849 interpretare·
971 2776 1086 2830 minutus
1102 2775 1282 2831 inaultlatione
1297 2776 1355 2846 ejus
1371 2791 1386 2830 a
1400 2777 1510 2846 Sophia,
1527 2772 1656 2841 spiritalis
1674 2776 1764 2841 bomo,

133 2857 185 2914 tur,
202 2848 302 2919 quibus
316 2848 441 2904 nimirum
452 2849 527 2919 primi
544 2857 668 2917 parentes
683 2849 831 2905 nuditatem
842 2865 918 2906 snam
971 2845 1144 2903 inenarrabili
1159 2848 1255 2903 virtute
1268 2854 1295 2902 et
1313 2847 1488 2928 providentia.
1513 2847 1602 2918 Atque
1625 2845 1680 2901 boc
1700 2844 1764 2900 ulti·

132 2922 295 2988 velaverunt,
309 2919 449 2991 statimqne
463 2921 501 2978 rei
519 2916 582 2974 iacti
597 2927 668 2975 sunt.
689 2920 727 2975 La
744 2922 790 2975 Pr.
972 2932 1046 2972 mum
1060 2918 1185 2990 estquod
1209 2918 1390 2973 Tertullianus
1411 2932 1474 2974 mox
1498 2916 1571 2985 llicit,
1597 2914 1697 2986 Accipe
1722 2915 1764 2971 in·

168 2990 223 3061 (26)
240 2990 352 3047 Seusai.
376 2991 447 3045 lren.
471 2994 569 3047 contra
591 2993 705 3057 lieres,
721 2991 772 3047 loo.
792 2989 918 3063 eit.‚§5.
972 2988 1111 3054 dustriam,
1140 2987 1236 3060 inquil,
1263 2989 1436 3045 clandestinae
1464 2986 1641 3059 providentiae
1676 2986 1764 3056 hujus.

133 3089 166 3099 -
186 3061 397 3130 Δημιουργήσαντα
415 3059 445 3130 δὴ
462 3063 501 3114 τὸν
528 3063 619 3133 κόσμον
647 3065 798 3129 πεποιηκέναι
816 3063 856 3114 καὶ
880 3063 920 3114 alr
973 3059 1070 3114 linem

133 3131 256 3202 deiparat
269 3134 309 3183 rit
323 3135 404 3199 χοῖκόν
417 3153 423 3165 ·
438 3136 483 3185 ota
495 3132 541 3185 arri
560 3134 647 3192 ταύτης
665 3129 693 3185 et
712 3137 755 3201 τῆς
777 3132 849 3203 ξηρᾶς
864 3137 917 3204 γῆς,
1007 3130 1064 3201 (32)
1080 3130 1211 3187 Ecclesia
1224 3145 1354 3203 superare
1373 3129 1530 3202 speculum.
1549 3130 1622 3186 laen.
1639 3143 1647 3184 :
1663 3126 1764 3185 licent·

132 3202 186 3254 ἀλλ’
202 3200 299 3270 dabri:
311 3201 414 3272 ἀοράτου
424 3203 513 3269 οὐσίας,
522 3201 567 3255 ἀπὸ
578 3210 621 3256 τοῦ
635 3205 764 3275 κεχυμένου
772 3206 813 3256 καὶ
839 3207 921 3255 anerei
969 3203 1055 3273 ptum
1065 3202 1220 3273 superioris
1234 3201 1373 3265 Ecclesiae,
1394 3202 1457 3256 RlG.

132 3278 173 3333 τῆς
187 3272 244 3333 ilar
256 3270 374 3338 ludicre,
393 3275 434 3326 aul
449 3273 481 3335 εἰς
499 3278 586 3327 τοῦτον
610 3272 747 3345 ἐμφυσῆσαι
763 3275 805 3327 rio
839 3273 920 3341 ngrabr
1009 3274 1066 3343 (33)
1085 3274 1245 3344 Geryone-m.
1260 3273 1329 3325 lrrn.
1345 3275 1445 3328 contra
1459 3273 1562 3328 Haerea
1577 3267 1657 3341 ibim,
1672 3266 1763 3342 53.-

132 3341 283 3414 διορίζονται.
296 3345 343 3399 llel
356 3350 444 3399 τοῦτον
458 3338 517 3397 εἶναι
533 3345 570 3396 τὸν
583 3347 636 3397 κατ’
649 3344 730 3397 εἰκόνα
747 3346 788 3396 sul
806 3344 921 3417 ὁμοίωσιν
972 3342 1004 3394 Τὸ
1018 3341 1045 3395 et
1059 3344 1140 3413 κύημα
1154 3347 1196 3410 τῆς
1211 3342 1301 3414 μητρὸς
1316 3341 1388 3402 αὐτῆς
1402 3348 1443 3403 τῆς
1464 3341 1597 3414 Ἀχοιμὼ3,
1612 3340 1686 3398 t.....
1704 3337 1763 3393 dm·

130 3415 396 3488 γιγονότα....ῧστερον
405 3415 432 3468 δὲ
442 3415 730 3487 παριτιῦιῖσθαιλέγοοσιν
740 3418 807 3487 adrlp
816 3416 858 3467 τὸν
868 3417 922 3486 δερ-
972 3412 1057 3466 adunet
1077 3411 1206 3484 ipsodamr
1220 3418 1251 3486 τῇ
1264 3414 1335 3484 purpl
1349 3413 1504 3485 πνευματικὸν
1526 3412 1567 3465 καὶ
1588 3408 1663 3464 αὐτὸν
1677 3408 1764 3481 dvm·

132 3488 233 3557 μάτινον
244 3492 339 3559 χιτῶνα
350 3504 356 3518 ·
368 3491 440 3540 τοῦτο
447 3485 474 3540 δὲ
483 3488 510 3540 τὸ
520 3485 631 3553 αἰσθητὸν
642 3484 737 3556 σαρκίον
748 3479 808 3537 εἶναι
815 3487 922 3558 λέγουσι.
973 3484 1039 3536 κέναι
1049 3483 1091 3536 abu
1101 3484 1247 3556 Δημιοοῃὸν
1262 3484 1356 3555 λέγουσι
1372 3506 1378 3519 ·
1393 3485 1435 3536 ual
1448 3483 1580 3550 λεληθότως
1588 3482 1764 3536 κατατεθεῖσθαι

169 3558 369 3628 iuterpretatio
388 3562 475 3619 vetus,
497 3585 530 3598 -
556 3557 626 3613 Cum
646 3556 813 3628 fabricasset
835 3558 924 3627 ipttar
973 3552 1099 3616 alandria,
1120 3551 1763 3623 itii⁶ttsuit0ltfl25taittitttmtta'vittilu·

133 3629 282 3693 mundum,
293 3627 361 3698 (ecit
370 3633 399 3685 et
414 3628 555 3685 bonitatem
569 3627 702 3698 choicum,
714 3643 772 3683 acu
787 3634 874 3682 autern
890 3627 923 3682 ab
975 3623 1022 3697 χὴν
1037 3575 1137 3695 erepla,
1152 3625 1193 3676 sal
1207 3623 1239 3685 ιίς
1253 3625 1281 3678 ri
1294 3626 1374 3678 hlaiv
1389 3632 1456 3679 τοῦτο
1467 3631 1551 3697 σῶμα,
1565 3621 1724 3695 aoopcprelr,
1740 3618 1763 3675 n

135 3697 186 3753 tuac
200 3698 282 3753 arido
297 3703 384 3763 terra,
404 3699 451 3754 scd
469 3698 502 3755 ab
520 3697 659 3753 invisibili
677 3696 924 3754 substantiarum
974 3695 1064 3757 τούτοις
1078 3695 1116 3748 καὶ
1134 3693 1240 3764 adtulit,
1254 3694 1353 3766 ἕτοιμον
1367 3698 1462 3768 γίνηται
1476 3694 1509 3756 εἰς
1522 3689 1602 3747 teoto
1623 3694 1653 3761 ἠν
1667 3696 1713 3748 τοῦ
1724 3709 1764 3746 ae·

135 3767 273 3837 elsuitbt'ti
286 3771 314 3823 ct
323 3768 544 3836 fluidamatert'a
553 3768 755 3838 accipientem:
766 3774 792 3823 et
805 3767 833 3822 in
852 3767 925 3824 hunc
974 3765 1051 3820 λείου.
1065 3764 1174 3820 ”madet
1192 3761 1241 3833 οὖν,
1257 3768 1288 3827 ὠς
1302 3768 1373 3836 φασὶ,
1383 3770 1422 3819 τὸν
1437 3766 1584 3837 duptam-ghi
1599 3714 1623 3818 ἔ
1630 3781 1764 3837 cogamur·

134 3836 284 3892 insufflasse
299 3838 451 3909 psychicum
466 3837 608 3894 deliniunt.
623 3840 658 3893 lit
672 3839 744 3894 buna
758 3854 817 3893 esse
832 3854 926 3894 secun·
976 3835 1057 3906 repete
1069 3844 1106 3910 τῷ
1121 3835 1271 3923 {pescipere
1286 3839 1357 3889 aaran
1378 3836 1590 3906 auraemalae
1609 3834 1764 3906 ascoperam

134 3907 197 3961 dum
209 3904 352 3976 imaginem
362 3915 389 3963 et
398 3907 602 3962 similitudinem
613 3909 817 3966 iactum...Post
827 3909 926 3967 deiude
976 3905 1106 3977 ἀνθρώπων
1124 3906 1223 3979 appulso>
1236 3908 1348 3978 προνοίᾳ.
1367 3905 1411 3970 Ὧς
1424 3907 1470 3979 γὰρ
1485 3906 1529 3974 τὴν
1544 3907 1638 3979 purtpa
1651 3904 1762 3978 ripaeal-

134 3977 342 4033 circumdatam
368 3979 569 4047 (substantiam
595 3979 666 4051 ejus)
687 3979 789 4036 dicuat
807 3982 834 4036 ei
860 3980 926 4036 der·
976 3995 1025 4047 rat,
1036 3979 1098 4030 edre
1111 3977 1151 4029 ael
1165 3983 1193 4031 ri
1207 3983 1302 4049 σπέρμα
1315 3981 1405 4038 αὐτῆς·
1421 3979 1433 4029 3
1447 3979 1476 4035 δὴ
1490 3977 1530 4030 καὶ
1546 3977 1605 4030 airh
1623 3974 1765 4031 Ἐκκλησίαν

134 4049 277 4105 nmtiuam
291 4050 523 4107 tunicamrltaac
537 4050 925 4108 auteraseusilrilemcaruem
977 4043 1038 4101 εἶναι
1058 4049 1179 4122 λέγουσιν,
1193 4048 1317 4103 ἀντίτυπον
1344 4055 1387 4117 τῆς
1407 4048 1458 4102 ire
1479 4046 1633 4109 'martae
1656 4045 1704 4100 llari
1715 4046 1764 4100 ria

134 4135 191 4177 etse
205 4120 313 4176 volunt.
329 4121 398 4175 Bul).
978 4113 1039 4172 sluaa
1054 4116 1076 4172 ἐν
1091 4119 1169 4179 abrai:
1183 4118 1297 4190 ἀξιοῦσιν,
1313 4120 1376 4174 ὥστε
1390 4118 1452 4187 ἔχειν
1467 4118 1554 4178 airola
1567 4117 1609 4186 τὴν
1617 4116 1675 4242 ogis
1689 4114 1764 4189 ψυχὴν

167 4189 225 4262 (at)
241 4192 283 4247 lic
297 4191 457 4248 substantia
466 4190 575 4263 Sophiae
584 4191 697 4257 matres,
709 4191 879 4264 Vergitillnd
890 4190 924 4246 ad
978 4188 1026 4243 aaa
1039 4194 1084 4243 τοῦ
1102 4194 1258 4261 deprompsi,
1277 4193 1304 4244 ri
1322 4188 1351 4243 il
1366 4197 1439 4264 σῶμα
1461 4188 1571 4244 ἀπὸτοῦ
1598 4208 1618 4262 χ
1647 4208 1669 4259 r,
1686 4186 1765 4241 salsi

134 4275 251 4317 errorem
274 4262 308 4318 de
327 4263 433 4328 anima;
457 4263 537 4332 hujus
561 4270 652 4318 antem
671 4263 808 4334 opinionis
825 4264 924 4335 dogma
980 4261 1096 4333 reparabo
1109 4262 1160 4314 iul
1172 4268 1215 4323 cir
1228 4262 1297 4331 tint·

154 4331 242 4387 lenius
264 4339 385 4390 recenset
405 4341 432 4390 et
449 4333 564 4405 explicat
586 4333 632 4388 lib.
648 4333 681 4390 dc
701 4336 812 4392 Anima.
838 4350 861 4391 c.
880 4337 965 4439 ibn
1014 4333 1212 4404 interpretatio
1221 4330 1417 4404 natureae.
1431 4331 1612 4387 Patrumroro
1623 4327 1720 4385 matris
1728 4327 1765 4399 ip·

191 4404 241 4457 Pu.
979 4416 1068 4458 sorum
1082 4419 1142 4474 qum
1156 4413 1195 4459 est
1208 4401 1370 4470 Aclramotlr,
1387 4419 1468 4473 quern
1480 4402 1626 4474 generauit
1649 4401 1765 4457 mater

174 4472 230 4543 (23)
241 4474 281 4530 Ad
295 4474 344 4532 ltcc
360 4476 436 4532 euim
455 4477 482 4530 et
496 4473 663 4547 deposuerat
681 4477 711 4531 ct
722 4473 924 4532 occultaverat.
980 4477 1046 4538 tem,
1062 4474 1357 4544 ejusdemsulstautie
1371 4474 1458 4530 matri
1476 4488 1545 4539 suar,
1565 4471 1727 4544 spiritatem
1741 4476 1766 4525 et

135 4542 209 4600 idern
224 4544 313 4615 prodit
326 4545 446 4601 lrenoens
459 4545 501 4601 bis
515 4546 616 4601 verbis.
632 4546 738 4600 Portum
753 4550 817 4602 vero
832 4545 925 4600 matris
978 4544 985 4597 i
1007 4560 1077 4610 sum,
1092 4544 1233 4616 ignorasse
1257 4547 1436 4617 Demiurgum
1459 4542 1571 4599 dicunt:
1591 4544 1621 4597 at
1647 4542 1766 4597 tatamm

136 4613 267 4685 ipsorum,
292 4616 386 4688 iuquit,
410 4631 471 4689 quae
490 4627 531 4672 est
551 4616 713 4683 Achamoth,
727 4630 808 4686 quem
828 4631 924 4672 secam
1009 4619 1132 4687 positam
1146 4631 1204 4671 esse
1218 4616 1248 4670 iu
1263 4633 1338 4680 eum,
1355 4610 1767 4686 nescienteco,uttpereuarirt

135 4688 198 4740 dum
213 4685 409 4758 inspectionem
432 4703 525 4744 eornm
539 4688 699 4760 angelorum
719 4685 766 4757 qni
782 4693 844 4742 sont
857 4703 888 4743 er
977 4701 1051 4750 cam,
1066 4699 1126 4755 quae
1140 4687 1173 4739 ab
1189 4700 1221 4741 eo
1235 4696 1307 4740 esset
1320 4686 1436 4741 animam
1451 4684 1611 4739 seminatum
1626 4691 1655 4739 et
1672 4684 1701 4740 in
1716 4697 1769 4737 ms·

136 4757 310 4823 Salvatorom,
335 4761 481 4831 generarit,
506 4759 678 4815 exsistentem
705 4756 828 4828 ejusdem
856 4702 925 4814 suff
976 4756 1454 4829 terielehoccorptrs,qestatumgrta
1473 4753 1769 4812 aeoelutirtuteroirt

134 4829 226 4883 tantiae
245 4826 337 4883 matris
361 4844 417 4884 snae
440 4828 578 4902 spiritalis,
593 4836 620 4884 et
642 4829 729 4899 ipsum
747 4827 820 4883 enirn
844 4828 925 4900 igno·
977 4827 1014 4883 iis
1028 4829 1056 4883 ct
1068 4826 1285 4897 amplificatam,
1300 4832 1436 4900 paratam
1450 4772 1501 4896 ἕο(
1515 4824 1551 4881 od
1563 4840 1647 4880 susce
1666 4825 1772 4883 ticam

135 4912 210 4978 rasse
224 4898 403 4971 Demiurgum
415 4898 518 4966 dicunt,
534 4910 561 4955 et
575 4901 689 4957 latenter
703 4900 854 4970 depositum
865 4914 925 4956 esse
976 4899 1110 4968 perfectae
1119 4898 1250 4953 rationis.
1259 4899 1355 4955 latuit
1366 4899 1461 4971 igitur,
1474 4841 1714 4969 quemamodum
1724 4894 1771 4951 di·

135 4984 164 5021 rn
179 4984 241 5024 eum
255 4968 395 5027 nesciente
408 4984 441 5026 ao
457 4988 465 5024 t
486 4970 525 5027 uli
540 4986 586 5042 per
597 4987 657 5026 enm
672 4971 701 5025 in
715 4986 773 5025 eam

135 5040 335 5095 essetanimam
351 5039 523 5107 seminatum,
539 5050 566 5096 et
588 5041 617 5097 in
635 5041 770 5097 materiale
788 4987 843 5098 zoe
863 5057 927 5099 cor·
978 5053 996 5093 ο
1013 5039 1115 5111 Sophia
1138 5040 1278 5111 spiritatis
1297 5039 1386 5104 homo,
1405 5036 1592 5097 inenarrabili
1614 5037 1726 5094 ot'rtuta
1747 5040 1775 5093 et

135 5124 197 5180 pus,
212 5118 344 5181 gestatum
358 5127 464 5183 quoqne
477 5114 549 5168 velot
562 5112 589 5167 in
603 5119 693 5169 utero:
708 5111 737 5166 in
761 5111 802 5166 bis
825 5121 852 5167 at
865 5128 926 5167 am·
978 5108 1164 5182 providentia.
1185 5110 1420 5180 Quemadmodum
1442 5109 1520 5165 cuim
1547 5110 1671 5164 matrem
1689 5122 1774 5163 suam

135 5179 292 5260 plihcatum,
318 5193 437 5249 paratum
460 5182 505 5238 fiat
528 5183 562 5237 ad
584 5184 782 5254 susceptionem
805 5183 927 5253 perlectae
978 5181 1126 5252 igrioraott,
1142 5183 1182 5236 sic
1198 5186 1225 5238 et
1238 5197 1332 5238 seruere
1347 5183 1419 5253 ejus,
1431 5179 1504 5251 guod
1518 5181 1607 5237 ctiam
1617 5180 1716 5250 ipsum
1727 5178 1778 5235 Ec-

136 5251 257 5307 rahonis.
278 5252 369 5307 Rern.
979 5252 1095 5307 alesiam
1106 5252 1280 5316 assederunt,
1290 5252 1452 5322 surruptum
1462 5249 1616 5323 superioris
1626 5248 1777 5305 Ecclesia:

170 5323 229 5394 (29)
251 5325 419 5380 Fetaratam
440 5326 472 5381 in
495 5339 608 5397 corpore
629 5324 775 5381 materiali
793 5323 872 5381 vetut
895 5325 928 5381 in
980 5325 1009 5380 et
1023 5322 1097 5378 hanc
1111 5325 1207 5380 erseirs
1219 5325 1373 5395 semetipsis
1388 5323 1524 5378 homiuem
1537 5320 1648 5383 ootuut,
1660 5321 1709 5375 uti
1722 5319 1776 5375 tn·

136 5402 226 5450 utero.
240 5395 368 5450 ireneus.
386 5416 398 5446 r
414 5393 554 5451 Gestatum
568 5410 675 5467 quoqne
689 5398 762 5451 velut
775 5396 804 5450 in
815 5405 925 5462 uterus
980 5392 1063 5449 heaut
1078 5393 1195 5448 aniuram
1209 5395 1317 5464 quidem
1332 5409 1349 5448 a
1363 5392 1520 5474 Demiurgo,
1531 5406 1633 5463 corpus
1652 5398 1781 5447 autema

135 5464 300 5537 Koopcprttr.
316 5466 377 5522 lira.
983 5465 1060 5527 limo,
1074 5467 1101 5519 et
1116 5480 1250 5521 comicum
1264 5483 1282 5521 a
1294 5465 1425 5526 matario.
1440 5461 1592 5520 spiritalem
1604 5460 1778 5522 accedent·

171 5538 228 5608 (30)
251 5535 434 5609 Suscipiendo
456 5535 619 5610 quaudoque
641 5536 766 5593 sermoni
791 5535 927 5609 perfecto.
980 5548 1045 5592 acm
1059 5551 1078 5593 a
1093 5538 1186 5596 matre
1198 5534 1363 5595 Achamoth.
1372 5534 1443 5595 Eoo.

137 5603 263 5679 mneos,
282 5608 351 5665 «Ad
364 5607 561 5680 susceptionem
576 5608 704 5679 perlecta
717 5605 839 5665 radonis.
858 5625 869 5656 r
885 5602 926 5660 lo.

808 4971 927 5026 aaabeo
977 4972 1058 5033 cunt,
1073 4969 1256 5040 Demiurgum
1274 4970 1484 5026 consemiuatus
1497 4967 1695 5047 insufflationi
1710 4966 1772 5037 ciue
