3840 6134
66 309 121 373 945
602 306 701 369 LIBER
718 306 761 368 ult
793 303 980 369 VIRGINIBUS
997 306 1169 371 vvtuubls.
1667 317 1721 380 946

67 435 188 504 ossibus,
217 438 329 491 vocatur
350 432 498 490 secundum
526 433 657 509 originem
680 433 778 491 mulier
800 435 871 504 ejus,
887 446 910 528 Ι
924 432 1055 509 vlrgiuem
1087 445 1190 496 constat
1230 436 1332 510 tuisse,
1360 439 1424 497 licet
1455 442 1560 500 Hebion
1601 443 1720 502 resistat.

67 541 102 585 ex
128 525 209 596 cujus
244 522 397 579 substantia
434 522 527 609 incipit
561 524 665 581 censeri
691 524 761 581 taeta
793 537 869 579 uxor.
924 523 1049 597 Agnosco
1072 533 1099 581 et
1121 527 1248 600 angelum
1268 527 1425 585 Gabrielem
1447 530 1481 585 ad
1498 531 1630 604 virginem
1653 533 1719 590 mis·

66 618 108 674 Ιιε
124 615 227 671 ιιιιιιίει
242 626 298 668 nou
320 621 418 668 natura
437 628 537 670 nomeu
557 622 598 670 εει
617 613 722 684 uxoris,
738 613 786 669 sed
801 627 870 668 uxor
923 626 996 684 sum3
1012 613 1060 669 scd
1078 630 1140 671 cum
1160 615 1299 673 benedicit
1317 616 1402 682 illam,
1417 617 1489 675 inter
1512 620 1649 689 mulieres,
1665 624 1720 678 nou

65 702 225 762 conditione
248 699 274 740 ³⁰
295 715 394 756 nomen
417 709 460 759 est
480 701 613 758 mulieris.
627 701 749 776 Denique
771 700 869 757 mulier
921 700 990 756 iuter
1008 702 1126 775 virgines
1144 703 1254 778 deputat
1274 724 1281 761 :
1302 706 1454 766 Benedicta
1474 714 1506 765 tu
1524 710 1602 766 inter
1616 712 1720 770 rnolie·

66 802 95 852 et
118 808 174 849 non
197 806 266 847 uxor
292 789 346 846 dici
375 795 473 859 potest,
490 804 546 846 uon
572 790 669 847 mulier
687 799 777 846 autem
802 804 869 844 uxor
921 805 965 848 res
984 791 1042 863 (39)
1067 794 1144 863 (boe.
1160 810 1179 862 1,
1195 795 1253 867 28).
1271 797 1380 855 Sciebat
1399 806 1426 854 et
1446 799 1561 871 augelus
1579 799 1722 858 mullerem

65 880 121 939 dici
147 894 202 936 nou
230 885 328 950 potest,
344 876 406 948 quia
433 893 483 934 uec
511 893 581 936 esse.
610 878 761 935 Constituto
784 877 868 952 igitur
920 878 1000 934 etiam
1019 880 1152 952 vlrginem
1172 882 1237 942 diei.
1255 884 1308 942 Sed
1327 892 1354 941 ει
1373 885 1407 941 ιιι
1427 887 1486 943 haec
1504 887 1559 943 duo
1578 887 1723 961 ingeniose
1752 885 1754 888 ⁴

65 969 181 1028 nornine
200 982 277 1024 novae
291 965 411 1033 teminae,
426 965 497 1036 quod
513 975 554 1022 est
573 967 680 1035 mulier,
696 976 722 1024 ει
737 967 866 1035 explicito
919 967 1028 1039 quidam
1047 972 1222 1042 respondisse
1245 972 1298 1029 sibl
1320 975 1394 1032 visus
1413 983 1454 1031 est
1478 993 1485 1031 ι
1510 976 1638 1049 quoniam
1662 977 1722 1050 qui·

68 1058 142 1134 quod
162 1058 238 1132 prius
257 1055 318 1126 tuit,
334 1054 361 1110 id
385 1062 427 1111 est
443 1056 553 1112 nomine
571 1057 717 1131 assignato,
733 1056 867 1115 convertit
919 1054 979 1112 dem
1000 1056 1164 1130 desponsata
1184 1069 1225 1116 est
1249 1062 1341 1131 llaria,
1357 1062 1460 1121 idcirco
1480 1071 1508 1121 et
1527 1064 1562 1120 ab
1580 1065 1679 1138 angelo
1694 1076 1722 1124 et

68 1149 125 1222 jam
139 1147 173 1203 ud
192 1143 377 1219 prophetidem
393 1144 534 1214 rationem,
550 1145 589 1201 uti
608 1145 708 1202 diceret
723 1163 729 1200 :
746 1148 865 1221 Propter
917 1143 951 1198 ub
970 1146 1093 1217 apostolo
1126 1148 1265 1207 mulierem
1294 1152 1496 1223 pronuntiatam
1523 1171 1530 1209 :
1556 1154 1721 1227 desponsata

65 1236 294 1308 merretrnqoet
305 1232 385 1290 bomo
395 1238 507 1308 petrem
517 1239 544 1292 et
559 1238 691 1291 matrem.
704 1234 780 1291 Adeo
791 1250 865 1308 sepe·
920 1231 993 1288 euim
1020 1233 1222 1305 quodammodo
1256 1247 1354 1311 nuptm
1376 1249 1464 1297 tamen
1491 1241 1561 1298 iuter
1586 1243 1720 1314 quodam·

65 1334 156 1384 return
171 1331 214 1383 est
231 1339 332 1381 nomeu
353 1338 369 1377 a
388 1322 540 1395 prophetia,
557 1331 690 1396 quantum
705 1333 732 1381 ει
752 1325 786 1380 ab
804 1323 863 1396 Ipsa
917 1321 1007 1389 modo,
1028 1332 1056 1380 et
1079 1339 1183 1393 verum,
1207 1316 1273 1383 satis
1295 1326 1409 1385 interest
1436 1329 1565 1386 duntaxat
1589 1329 1617 1384 in
1640 1330 1716 1403 loco;

65 1429 193 1490 persona,
210 1421 240 1470 ut
257 1428 310 1471 non
330 1412 421 1484 utique
441 1412 475 1468 de
495 1413 552 1484 ipsa
570 1411 627 1468 Eva
645 1412 752 1481 dixerit,
767 1412 816 1471 sed
834 1413 862 1468 in
918 1423 982 1464 nam
1005 1411 1069 1467 alibi
1087 1412 1124 1469 ita
1145 1429 1211 1470 sane
1234 1416 1389 1475 habendum
1412 1426 1464 1477 est.
1483 1420 1562 1476 Nunc
1580 1435 1644 1478 varo
1663 1435 1718 1476 nou

67 1504 128 1562 illus
155 1503 269 1560 laminas
304 1500 421 1570 iuturus,
450 1516 516 1573 quas
549 1500 576 1556 in
612 1500 723 1559 matrice
754 1499 862 1576 generis
916 1497 991 1568 quasi
1010 1499 1067 1569 jam
1086 1510 1196 1573 nuptam
1219 1504 1359 1563 mulierem
1382 1506 1493 1566 Maritum
1522 1508 1717 1580 pronuntiave-

66 1591 191 1651 Ierniuiui
218 1589 372 1648 nominarit.
395 1588 514 1660 Alioqui,
535 1604 588 1645 nou
611 1590 697 1645 Adam
719 1589 863 1648 relicturus
918 1582 1088 1656 mutuae
1107 1592 1154 1648 sed
1168 1592 1245 1664 quasi
1270 1594 1443 1652 nihilominus
1461 1596 1597 1665 feminam,
1613 1598 1719 1657 etiamsi

66 1688 124 1741 erat
138 1689 245 1753 patrem
263 1687 291 1736 ει
309 1686 435 1745 matrem,
450 1694 518 1754 quos
539 1695 593 1735 non
612 1679 737 1747 habebat,
753 1685 864 1749 proptor
919 1690 973 1733 uon
994 1693 1132 1750 sponsam,
1147 1680 1224 1752 quasi
1246 1681 1298 1738 boc
1317 1700 1333 1739 a
1352 1685 1499 1754 prImordio
1519 1686 1628 1743 dictam.
1646 1687 1717 1746 Illud

70 1773 170 1828 Evam.
183 1769 258 1845 Ergo
280 1782 336 1824 nou
363 1768 397 1823 ad
420 1766 504 1824 Eram
531 1767 734 1840 pertinetque
756 1782 808 1823 nec
830 1766 865 1823 ad
881 1742 904 1821 Β
918 1765 989 1822 enim
1002 1767 1162 1838 praejudicet
1176 1785 1287 1827 necesse
1302 1779 1351 1842 est,
1368 1788 1450 1844 aquo
1464 1771 1549 1828 torma
1564 1773 1715 1837 descendit.

75 1859 176 1926 Adam,
191 1856 263 1932 quod
283 1856 438 1930 prophetice
461 1855 564 1914 dictum
583 1866 633 1915 est.
649 1856 689 1913 De
710 1856 867 1913 maritorum
921 1853 1054 1912 (luctarum
1068 1856 1142 1928 quod
1159 1856 1292 1930 pertineat
1306 1857 1330 1898 ³⁴
1342 1859 1376 1914 ad
1396 1860 1449 1917 boc
1463 1860 1620 1932 capitulum,
1636 1863 1660 1918 si
1672 1865 1717 1922 bic

66 1948 146 2005 euim
169 1947 318 2004 conditione
338 1945 510 2018 praedictum,
526 1945 573 2018 qui
594 1947 629 2002 ob
650 1946 793 2003 mulierem
815 1962 866 2017 pa·
921 1942 1089 2014 desponsata
1117 1945 1284 2019 adaequatur,
1309 1954 1339 2004 ut
1366 1946 1428 2006 ideo
1456 1946 1554 2005 muller
1581 1949 1653 2006 dIcta
1679 1952 1715 2008 sit

64 2044 156 2094 rentes
180 2049 246 2091 suos
268 2043 343 2092 eraut
363 2034 506 2091 relicturI:
526 2036 598 2107 quod
620 2035 649 2090 iu
667 2034 751 2090 Evam
772 2034 866 2090 cadere
918 2031 1083 2100 Marianon
1104 2051 1159 2107 qua
1177 2034 1202 2075 ³⁵
1223 2034 1332 2103 femina,
1349 2038 1397 2094 sed
1419 2053 1476 2110 qua
1497 2036 1594 2095 marita
1607 2037 1646 2107 ³³3
1659 2040 1716 2110 jam

63 2140 121 2183 non
136 2123 235 2198 potuit,
250 2124 315 2197 quia
332 2139 383 2180 nec
403 2122 431 2178 iri
445 2122 542 2182 Adam.
559 2124 586 2180 Si
600 2124 637 2180 ita
658 2140 700 2180 res
713 2132 763 2192 est,
779 2138 864 2195 appa·
920 2136 987 2194 ergo
1012 2121 1136 2179 Christus
1158 2139 1213 2182 uon
1240 2140 1274 2181 ex
1299 2125 1406 2198 virgine
1429 2133 1507 2184 uetus
1529 2135 1580 2195 est,
1597 2127 1660 2201 quia
1682 2144 1716 2186 ex

64 2221 108 2271 ret
122 2227 177 2269 uon
198 2219 312 2286 propter
332 2213 449 2270 luturum
472 2213 611 2269 mulierem
634 2212 862 2285 cognominatam,
919 2210 1089 2284 desponsata,
1103 2229 1163 2285 quae
1186 2213 1264 2289 virgo
1297 2230 1357 2271 asse
1388 2215 1499 2272 desierit
1521 2217 1574 2274 hoc
1597 2217 1714 2276 uomina.

65 2303 99 2359 ad
119 2317 200 2377 quam
221 2301 346 2359 loturum
358 2316 412 2357 uon
425 2301 589 2375 pertinebat.
606 2303 647 2358 Eo
662 2301 774 2370 accedit,
789 2301 863 2373 quod
918 2296 999 2369 Quod
1017 2301 1041 2356 si
1061 2317 1095 2358 ex
1118 2301 1222 2375 virgine
1244 2310 1323 2360 natus
1341 2312 1392 2373 εει,
1407 2304 1472 2361 ιίεει
1490 2321 1523 2363 ex
1543 2307 1715 2377 desponsata,

64 2391 125 2464 ipse
152 2391 286 2449 radonem
321 2391 383 2462 ejus
418 2390 534 2447 nomiuIs
572 2391 664 2447 edidit.
694 2391 761 2448 Cum
791 2390 862 2446 enim
917 2391 1005 2445 tamen
1033 2391 1151 2466 integra,
1165 2407 1283 2465 agnosce
1309 2392 1448 2450 mulierem
1478 2394 1558 2450 edam
1573 2394 1714 2468 virginem,

62 2481 201 2539 dixisset:
221 2480 368 2539 Vocabitur
383 2478 468 2537 891
487 2481 601 2548 mulier,
617 2479 721 2536 addidit
731 2480 755 2519 ³¹
772 2496 779 2534 ι
796 2495 862 2553 quo·
917 2478 998 2535 etiam
1031 2481 1164 2555 integrum
1190 2481 1253 2539 dici.
1279 2482 1330 2539 Hic
1356 2490 1430 2539 certe
1461 2481 1530 2539 nihil
1558 2484 1715 2556 prophetice

62 2573 145 2630 niem
158 2588 195 2630 ee
214 2574 273 2629 uiro
288 2587 339 2628 ruo
353 2576 466 2646 stampta
479 2574 522 2629 est
536 2571 570 2632 ³³,
586 2576 613 2627 et
629 2569 689 2640 ipso
700 2569 787 2626 adbuc
804 2569 862 2626 vir·
917 2566 1015 2625 dictum
1038 2569 1123 2626 rideri
1147 2580 1244 2641 potest,
1261 2578 1291 2626 ut
1309 2570 1430 2629 luturam
1448 2571 1603 2644 mulierem,
1616 2574 1643 2629 id
1662 2581 1715 2641 est,

61 2661 139 2735 gine.
151 2659 205 2717 Sed
219 2659 341 2717 dicemus
355 2672 382 2717 ει
395 2661 430 2716 de
443 2659 495 2716 uiri
505 2659 614 2717 nomine
629 2675 679 2716 suo
692 2658 764 2716 loco.
774 2658 861 2714 Nemo
915 2666 1027 2728 nuptam
1054 2657 1200 2730 Apostolus
1229 2657 1375 2715 nominarit
1403 2658 1529 2729 dicendo,
1544 2663 1658 2732 sectura
1679 2677 1717 2719 ete

59 2750 151 2824 itaque
177 2763 277 2806 nomen
305 2747 339 2802 ad
369 2748 540 2820 prophetiam
567 2748 771 2821 interpretetur,
786 2745 861 2819 quod
915 2747 1045 2804 muliere.
1065 2747 1126 2803 Non
1144 2747 1215 2803 eninr
1240 2755 1344 2818 poterat
1370 2747 1550 2819 posteriorem
1575 2749 1717 2807 mulierem

58 2854 92 2895 ex
122 2836 176 2894 alia
203 2835 399 2911 significatione
427 2837 572 2894 deductum
600 2845 642 2894 est
670 2854 677 2892 :
706 2834 859 2908 praesertIm
915 2835 1064 2902 nominare,
1086 2835 1120 2891 de
1144 2852 1197 2908 qua
1220 2834 1344 2892 Christus
1368 2835 1442 2892 nasci
1466 2850 1520 2892 nou
1544 2835 1671 2905 habebat,
1688 2839 1716 2894 id

57 2943 123 2988 cum
149 2933 290 2999 appareat,
319 2925 364 2982 ubi
392 2926 427 2982 da
460 2926 550 2984 luturo
583 2941 683 2984 nomeu
710 2925 857 2998 acceperit,
912 2930 963 2989 εει,
984 2924 1072 2980 virum
1096 2940 1206 2996 passam
1231 2941 1238 2980 :
1263 2924 1312 2982 sed
1336 2925 1382 2981 illa
1411 2933 1556 2998 quaerat
1581 2942 1715 2997 presens,

57 3015 120 3072 illic
142 3015 255 3087 scilicet,
269 3015 316 3072 ubi
338 3017 394 3074 Eva
416 3015 631 3091 cognominatur,
647 3013 782 3086 personali
802 3015 859 3086 jam
876 2991 971 3084 cquae
990 3021 1047 3070 erat
1069 3013 1156 3085 virgo,
1172 3021 1198 3068 ει
1220 3013 1317 3070 mulier
1344 3014 1491 3072 vocabatur
1514 3031 1565 3086 per
1587 3017 1611 3056 ²³
1633 3032 1715 3075 voca-

56 3104 204 3171 vocabulo,
219 3104 281 3176 quia
308 3104 429 3162 naturale
452 3112 637 3176 precesserat.
657 3104 686 3160 Si
709 3104 781 3160 enlm
802 3103 858 3162 Eva
910 3101 967 3158 buli
991 3103 1072 3174 hujus
1095 3101 1300 3175 proprietatem,
1318 3102 1468 3158 secuudum
1493 3104 1633 3174 primordii
1659 3106 1716 3164 lor·

57 3201 145 3269 meter
161 3192 315 3254 virentium
333 3201 384 3262 est,
400 3208 464 3252 ecce
479 3208 513 3251 ex
532 3195 621 3250 tuturo
640 3193 856 3269 cognominatur,
910 3204 993 3258 mam,
1013 3189 1121 3263 ulrgini,
1147 3192 1176 3248 et
1203 3190 1240 3248 ita
1275 3190 1402 3248 universo
1447 3189 1593 3248 mulierum
1623 3193 1718 3267 generi

56 3299 124 3343 ecoe
151 3297 222 3340 uxor
246 3288 274 3341 ει
300 3298 354 3340 nou
381 3282 459 3356 virgo
494 3283 698 3355 praenuntiatur.
722 3284 780 3340 Hoc
808 3281 859 3339 erit
911 3277 1049 3336 dolensem
1063 3279 1132 3351 (ιιι).

57 3371 222 3430 rombnlum
245 3377 370 3442 nuptura
403 3389 410 3426 :
435 3386 469 3428 ex
502 3380 584 3443 nupta
611 3371 684 3427 enirn
712 3377 804 3426 mater.
819 3370 858 3424 lta
1218 3369 1333 3429 CAPUT
1353 3370 1409 3426 VII.

57 3459 106 3519 bie
119 3473 233 3533 quoque
246 3460 406 3526 ostenditur,
421 3475 475 3517 nou
490 3460 524 3517 de
537 3460 627 3518 tuturo
642 3460 781 3518 mulierem
797 3467 860 3515 tuuc
947 3457 1144 3514 convertamus
1153 3456 1178 3497 ³³
1187 3458 1221 3513 ad
1235 3458 1309 3529 ipsus
1322 3458 1377 3530 jam
1390 3459 1509 3515 rationes
1522 3461 1712 3527 recensendas,

56 3548 235 3615 nummatam,
252 3565 314 3620 quae
335 3549 506 3622 postmodum
526 3559 667 3624 acceptura
686 3557 743 3607 erat
760 3547 859 3606 laturre
912 3554 1041 3620 perquas
1059 3547 1205 3617 Apostolus
1222 3547 1302 3605 docet
1324 3547 1409 3605 velari
1429 3546 1555 3606 laminam
1575 3556 1710 3622 oportere,

57 3637 226 3697 conditionis
250 3653 307 3695 suae
341 3653 451 3696 nomen.
473 3640 644 3712 Responsum
670 3637 737 3696 satis
764 3647 804 3696 est
825 3639 859 3693 ad
912 3651 946 3692 au
962 3636 1065 3694 eaedem
1077 3635 1103 3676 ³³
1116 3635 1197 3692 etiam
1212 3635 1363 3709 virginibus
1374 3644 1531 3707 competant
1546 3656 1553 3693 :
1570 3647 1600 3693 ut
1614 3654 1648 3695 ex
1661 3639 1714 3697 boe

57 3726 131 3783 banc
145 3735 260 3800 partem.
913 3740 1021 3799 quoque
1043 3725 1169 3783 vocabuli
1190 3725 1216 3765 ⁴⁰
1238 3725 1395 3782 commuuio
1417 3725 1441 3765 ⁴¹
1460 3725 1533 3782 iuter
1554 3726 1674 3802 virgines
1687 3737 1715 3785 et

374 3814 488 3872 CAPUT
505 3814 552 3874 VI.
913 3813 1104 3888 convirgines
1127 3821 1241 3881 constet,
1257 3815 1321 3870 dum
1341 3814 1445 3871 eaedem
1464 3814 1607 3872 velaminis
1625 3831 1713 3872 causae

98 3901 242 3961 Videamus
260 3920 331 3962 nunc
349 3905 372 3960 si
391 3911 418 3959 et
435 3903 582 3976 Apostolus
601 3904 714 3961 lormam
733 3902 862 3961 vocabuli
913 3902 942 3959 in
957 3910 1069 3976 utraque
1084 3911 1158 3974 parte
1177 3902 1432 3975 deprehenduntur.
1449 3901 1478 3960 Si
1496 3912 1578 3976 caput
1591 3902 1713 3961 mulieris

56 3992 142 4052 istim
163 3994 313 4051 secuudum
336 3992 466 4050 Genesim
488 3995 614 4052 observet
627 3994 663 4065 ³³,
678 3992 757 4049 sexui
772 3993 860 4063 depu·
913 3990 954 4050 uir
967 4000 1017 4059 est,
1033 3991 1123 4063 utique
1137 3999 1164 4047 et
1177 3990 1301 4062 virginis,
1316 3992 1350 4047 de
1362 4007 1417 4063 que
1430 3990 1466 4048 sit
1479 3990 1578 4049 mulier
1592 3991 1638 4048 illa
1652 4007 1713 4065 quae

55 4089 122 4141 ιιιιι
146 4081 225 4152 illud,
238 4084 278 4140 sic
298 4082 439 4140 mulierem
464 4097 563 4138 vorans
581 4081 713 4153 virginem
734 4079 790 4152 (37)
805 4081 860 4135 lla·
914 4079 1005 4149 nupsit
1020 4097 1027 4132 :
1042 4077 1095 4134 nisi
1114 4078 1138 4132 si
1160 4077 1238 4152 virgo
1256 4079 1366 4135 tertium
1388 4094 1474 4152 genus
1493 4086 1533 4135 est
1553 4087 1712 4137 monstruo-

56 4170 142 4237 riam,
165 4171 395 4244 quemadmodum
423 4179 448 4228 et
475 4169 588 4227 GeuosIs
614 4171 708 4226 Evam.
731 4167 858 4223 Scribens
912 4182 971 4223 sum
995 4165 1102 4238 aliquod
1124 4166 1167 4222 sui
1188 4166 1296 4238 capitis.
1313 4166 1342 4222 si
1362 4166 1469 4222 mulieri
1492 4173 1571 4239 turpe
1595 4173 1638 4221 est
1652 4167 1712 4223 radi

56 4261 135 4319 enim
148 4260 183 4316 ad
201 4260 312 4317 Galatm
327 4278 334 4314 :
352 4260 438 4330 unae,
456 4260 552 4332 iuquit,
567 4262 638 4318 Deam
653 4259 757 4315 Filium
771 4273 857 4313 rouro
912 4255 971 4312 sive
986 4253 1089 4310 tonderi
1101 4253 1128 4324 (l
1141 4254 1202 4311 Cor.
1216 4268 1257 4319 ιι,
1269 4253 1309 4324 c),
1325 4255 1418 4325 utique
1432 4261 1459 4308 ει
1472 4253 1581 4328 virgini.
1594 4252 1712 4321 ProInde

56 4350 173 4420 tactum
186 4361 223 4406 ee
236 4347 360 4406 muliere
374 4346 431 4418 (38)
447 4346 748 4418 (Gotot.1v,l);quam
763 4343 857 4416 utique
874 4324 896 4401 II
912 4341 1012 4402 viderit
1034 4339 1165 4398 saeculum
1188 4339 1317 4397 ramulum
1340 4339 1392 4397 Dei
1415 4339 1485 4409 (ill,
1508 4340 1531 4396 si
1555 4339 1591 4396 ita
1613 4341 1712 4415 virgini

750 4442 846 4506 Variae
870 4442 1023 4504 lectIones.

94 4550 122 4590 ³⁰
136 4550 176 4605 Ita
185 4547 282 4604 mulier
296 4556 393 4605 natura
405 4563 503 4605 nomeu
517 4557 557 4605 est
570 4546 674 4616 uxoris,
689 4554 717 4603 et
729 4562 799 4604 uror
807 4546 960 4605 conditione
970 4547 1065 4601 Latin.
1077 4542 1099 4583 ³¹
1117 4546 1211 4602 Vocem
1224 4541 1336 4607 addidit,
1350 4556 1435 4622 quarn
1454 4541 1515 4614 usp.
1530 4545 1594 4613 post
1611 4544 1710 4601 Womo.

55 4637 142 4681 ema.
159 4621 286 4677 inseruit
310 4621 397 4678 deleo.
416 4620 500 4678 Seml.
514 4625 577 4692 port
604 4620 691 4677 litteo.
706 4618 732 4658 ³³
751 4618 795 4674 Ait
816 4620 919 4675 inserit
945 4618 1010 4674 tun.
1027 4616 1051 4655 ³³
1067 4615 1202 4672 Observat
1221 4615 1307 4674 Semt.
1322 4613 1347 4652 ³³
1362 4613 1484 4669 Pertinet
1506 4615 1592 4669 Fron.
1608 4613 1632 4653 ³⁵
1645 4612 1712 4682 Quae

57 4693 149 4754 semi.
164 4691 191 4730 ³³
204 4690 325 4747 ilaritate
340 4691 423 4751 Senot.
441 4690 464 4731 ³³
481 4691 542 4749 Post
553 4691 638 4750 Semt.
654 4691 679 4731 ³³
690 4691 885 4749 Convertamur
900 4690 985 4746 seret.
1001 4687 1025 4726 ³³
1039 4686 1139 4745 Eadem
1151 4688 1236 4746 Semi.
1252 4682 1427 4744 ³⁰Vocabulc
1449 4683 1534 4741 Senot.
1545 4681 1568 4722 ⁴¹
1580 4683 1711 4741 Commu-

56 4778 152 4913 ω
169 4763 256 4821 sm·
760 4833 1011 4899 Commentarius.

57 4942 151 5016 epm«,
176 4939 231 4996 noc
244 4946 285 4998 est
311 4939 404 5031 retia,
420 4947 499 5024 uocat
517 4938 728 5025 matrimonium,
752 4949 780 4998 ει
797 4940 860 5069 nt·
915 4938 1053 5009 legantur,
1074 4935 1155 4991 etlam
1185 4934 1336 5009 virginibus
1366 4931 1458 4990 deberi
1489 4939 1593 4990 certum
1625 4940 1710 4989 est.»

56 5012 456 5142 maciandt‘r‘rtssti‘fffflmm’
477 5011 505 5066 ld
528 5020 569 5069 m
584 5055 591 5077 ’
620 5012 800 5071 mmmm
829 5029 862 5069 us
915 5010 1009 5150 L¹¹(03'9)
1025 5077 1176 5136 Benedicta
1191 5083 1225 5136 ιιι
1242 5078 1319 5137 inter
1332 5076 1476 5134 mutieres.
1492 5074 1653 5148 Expressior
1670 5080 1713 5132 εει

108 5156 158 5224 ιι)
181 5156 328 5213 Italici-em
350 5170 453 5213 corona
477 5156 625 5227 cirpirrem.
641 5153 684 5210 Ad
707 5154 778 5225 quod
801 5168 863 5211 cum
917 5150 976 5207 haec
1001 5149 1091 5207 versio
1116 5165 1196 5222 quam
1223 5151 1341 5221 vulgata,
1368 5150 1399 5205 irr
1426 5148 1605 5214 mutieribus,
1633 5163 1712 5219 quam

58 5224 165 5281 {iterat
184 5227 315 5284 duntaxat
339 5227 410 5283 duos
432 5229 517 5295 locos,
533 5226 644 5283 alterum
667 5227 750 5281 Lacte
764 5240 784 5290 ι,
800 5226 864 5283 ειιε-
916 5220 1025 5278 iuterim
1049 5221 1130 5278 etiam
1153 5222 1233 5302 habet
1254 5221 1387 5291 interpres
1411 5219 1443 5274 B.
1459 5220 1640 5292 Hieronymus
1663 5235 1730 5277 eor

59 5311 128 5353 rum
154 5296 214 5352 dol.
230 5312 273 5367 ιν,
289 5295 379 5354 licebit
403 5297 455 5354 illis
477 5297 576 5354 addere
598 5295 664 5352 illud
689 5298 804 5355 Ioannis
818 5311 839 5352 ιι
855 5314 863 5352 :
916 5294 978 5350 dem
994 5309 1019 5352 c.
1035 5293 1063 5349 in
1077 5292 1261 5349 benedictione
1274 5290 1423 5348 Elisabeth.
1440 5290 1509 5348 Pau.

62 5366 144 5438 quie
158 5368 229 5424 mitri
244 5373 339 5427 tecum
349 5372 400 5435 est,
411 5371 535 5428 mutter?
545 5369 612 5424 luem
627 5367 749 5436 eiusdem
762 5382 821 5438 cap.
834 5384 864 5434 ιι,
955 5367 1012 5436 (to)
1027 5367 1062 5421 Et
1077 5367 1119 5421 ito
1133 5369 1264 5423 uniuerso
1277 5364 1433 5422 mulierum
1447 5365 1542 5435 pertert'
1556 5363 1711 5435 desererem.

60 5442 121 5498 aa:
142 5438 251 5508 Mulier,
267 5455 330 5498 eree
344 5440 423 5514 fitius
438 5446 515 5499 turer.
532 5441 601 5497 Puta.
917 5435 1284 5494 Ilocestvindicatam.1lrc.
1589 5501 1594 5514 ι
1665 5502 1670 5513 ⁸
1695 5502 1700 5514 ·

97 5511 160 5583 (³8)
176 5513 296 5569 Factam
310 5528 347 5571 ee
360 5510 627 5571 materterarum
645 5508 764 5583 adjunge
786 5509 866 5566 etiem
954 5507 1018 5588 (ιι),
1037 5507 1178 5567 Saeculum
1200 5509 1335 5566 emulum
1356 5501 1713 5587 bei.5aeculum·1ntetlrgrr

63 5581 123 5640 bec
139 5580 248 5655 Ulpiuui
267 5582 299 5641 It.
314 5582 455 5642 deoedilit.
469 5582 559 5642 edicto
575 5600 581 5641 :
599 5602 612 5634 a
627 5581 694 5653 Qum
708 5579 866 5642 mulieribus
920 5577 1111 5636 Christianum.
1138 5581 1206 5638 Nam
1234 5581 1361 5637 amulum
1393 5587 1421 5636 ει
1452 5574 1571 5632 amulam
1602 5571 1657 5630 lere
1684 5589 1711 5630 ιιι
