3840 6134
157 338 210 400 963
500 338 720 402 tsutotttaut
738 338 873 404 OPEEUM
891 341 974 402 alus
991 340 1024 404 lt.
1043 371 1077 389 -
1099 343 1212 406 stall!
1230 344 1263 416 ll,
1285 346 1442 412 EORdle.

273 651 365 838 O.
397 649 663 812 SEPT.
696 650 973 812 FLOR.
1016 658 1670 820 TERTULLIANI

921 889 1017 943 LIBER

366 1035 458 1151 DE
498 1017 1049 1151 EXHORTATIONE
1083 1030 1498 1157 CASTITATIS
1512 1016 1579 1154 (1.

180 1359 389 1415 Ancuuuurmt.
401 1381 437 1394 -
446 1350 495 1408 llic
504 1355 632 1408 tractatus
646 1345 949 1405 aTertulliauollonta-
961 1361 986 1444 Α
1002 1347 1174 1420 monogamia
1189 1348 1224 1416 ¹¹,
1238 1363 1302 1407 cam
1316 1360 1378 1423 post
1392 1352 1593 1412 matrimonium
1611 1341 1795 1416 unuminter·

144 1445 215 1504 nista
228 1452 353 1502 exaratus
367 1451 416 1512 est,
432 1441 460 1498 in
471 1455 526 1514 quo
537 1439 683 1514 quemdam
696 1437 809 1496 viduum
824 1435 944 1503 fratrem,
999 1443 1105 1508 ceptum
1119 1435 1215 1493 exinde
1228 1438 1306 1495 sexui
1317 1443 1486 1500 renuntiatur
1496 1444 1546 1517 (3).
1557 1445 1647 1502 Prima
1657 1447 1797 1523 uuginitm

143 1549 162 1593 a
184 1532 317 1592 secundis
339 1532 441 1605 nuptiis
467 1531 636 1598 dehortatum
652 1542 721 1599 quas
739 1524 821 1582 modo
839 1523 942 1580 diserte
998 1521 1134 1583 solicitatis
1146 1523 1171 1565 ¹¹
1184 1532 1236 1592 est,
1251 1541 1306 1585 non
1320 1543 1402 1587 nosse
1414 1529 1443 1588 in
1462 1539 1548 1590 totum
1563 1532 1617 1591 ¹⁵a
1636 1550 1690 1608 quo
1703 1547 1797 1609 postea

144 1624 274 1697 permittit
284 1638 334 1681 nec
346 1638 362 1678 a
376 1629 469 1677 sancto
485 1620 567 1674 Paulo
582 1615 730 1690 prohibitas
740 1613 848 1678 asserit,
860 1611 941 1669 modo
995 1612 1102 1685 optabis
1113 1613 1234 1673 liberari.
1250 1615 1376 1676 Secunda
1390 1616 1415 1658 11
1433 1619 1542 1677 virtutis
1555 1630 1607 1693 est,
1621 1631 1796 1686 contemnere

143 1715 250 1772 damnat
263 1723 290 1771 et
303 1720 428 1784 tanquam
443 1706 605 1765 adulterium
620 1703 741 1761 traducit.
760 1706 831 1761 Eun.
994 1701 1073 1772 cujus
1086 1702 1140 1760 vim
1157 1703 1260 1775 optime
1282 1708 1372 1762 noris.
1399 1708 1515 1783 Reliqua
1537 1713 1642 1783 species
1663 1714 1796 1773 hactenus

177 1975 240 2030 Non
250 1969 353 2034 dubito,
367 1966 457 2032 irater,
472 1971 499 2023 te
511 1970 574 2036 post
587 1978 700 2022 uxorem
722 1963 751 2021 iu
760 1979 828 2037 pace
842 1963 852 2005 ¹
869 1981 941 2037 prae·
994 1967 1206 2040 animalitatum
1220 1987 1274 2030 non
1292 1971 1455 2050 desiderare,
1471 1983 1499 2035 et
1508 1977 1659 2038 ablatumr
1679 1981 1797 2041 nomino

141 2064 262 2132 missam,
285 2060 319 2116 ad
344 2053 564 2128 compositionem
591 2053 675 2111 animi
708 2068 879 2122 conversum,
906 2054 941 2111 de
993 2057 1070 2131 Deo;
1085 2057 1146 2116 sine
1175 2061 1256 2130 cuius
1282 2061 1420 2121 uoluntate
1444 2081 1497 2126 nec
1514 2065 1608 2124 solium
1634 2068 1669 2127 de
1699 2070 1796 2128 arbore

141 2152 218 2211 exitu
241 2145 438 2222 singularitatis
459 2144 497 2213 (i)
519 2143 649 2215 cogitare,
669 2152 697 2200 et
720 2144 812 2216 utique
834 2143 942 2201 consilii
993 2144 1134 2213 delabitur,
1155 2163 1312 2222 aecpoaecr
1329 2152 1402 2209 crab
1421 2154 1511 2213 ocios
1524 2154 1562 2216 od
1580 2159 1689 2217 umam
1707 2158 1793 2216 cadit.

141 2241 264 2316 indigere
278 2239 299 2295 1.
315 2237 478 2309 Quanquam
491 2234 519 2291 iu
531 2234 544 2274 1
556 2233 714 2304 huiusmodi
727 2247 790 2290 cum
812 2231 867 2290 lide
890 2249 940 2290 sus

141 2329 262 2404 colloqui
284 2328 365 2384 debet
387 2322 581 2396 uuusquisque,
605 2322 718 2396 eiusque
740 2321 816 2378 vires
838 2336 940 2379 consu·
1312 2292 1425 2351 CAPUT
1437 2294 1472 2352 Π·

142 2421 213 2490 lere;
241 2425 330 2474 tamen
356 2413 494 2489 qnoniam,
510 2410 539 2467 iu
560 2410 611 2468 ista
632 2410 731 2482 specie,
745 2410 940 2468 carnisneces·
1029 2410 1115 2480 Quam
1137 2412 1255 2487 denique
1282 2417 1402 2474 modesta
1424 2419 1470 2476 ills
1482 2435 1537 2480 vox
1554 2427 1624 2480 est:
1656 2427 1795 2486 Dorum

140 2509 209 2569 sitas
223 2506 370 2580 cogitatum
388 2502 513 2569 moreti,
528 2515 590 2573 quae
603 2499 661 2557 lere
682 2500 695 2539 1
718 2500 789 2570 apud
817 2500 938 2557 eamdem
994 2499 1082 2568 dedit,
1112 2504 1248 2562 Dominae
1265 2504 1386 2565 obstulit
1405 2504 1474 2578 (tot.
1489 2525 1510 2582 t,
1538 2512 1595 2585 tr),
1624 2522 1655 2572 ut
1677 2514 1797 2575 Domine

138 2596 334 2657 conscientiam
347 2594 360 2634 1
373 2591 437 2649 lidei
451 2589 564 2658 resistit,
578 2603 646 2662 opus
661 2597 703 2646 est
726 2587 789 2645 fidei
807 2588 940 2647 extrinse-
991 2587 1080 2644 risum
1095 2598 1147 2656 cst,
1162 2590 1200 2647 ita
1214 2589 1313 2649 lactum
1327 2602 1367 2651 est
1381 2612 1390 2652 a
1402 2604 1431 2653 et
1438 2596 1500 2654 ideo
1513 2598 1536 2655 si
1551 2600 1658 2672 nuptias
1675 2602 1794 2661 sublatas

138 2682 323 2750 cnscousilio,
339 2690 465 2753 tauquam
493 2678 654 2737 advocato¹
690 2677 819 2735 adversm
850 2678 939 2735 carnis
955 2646 978 2725 Β
994 2683 1186 2750 restauremus,
1220 2678 1283 2739 sine
1310 2681 1395 2740 dubio
1419 2692 1516 2742 contra
1542 2687 1714 2745 voluntatem
1744 2688 1794 2746 liei

139 2774 312 2834 necessitates
326 2773 349 2827 1.
374 2773 442 2841 Qnoe
468 2767 578 2842 quidem
596 2765 743 2823 necessitas
774 2765 904 2824 facillime
925 2768 938 2810 1
992 2763 1112 2832 nitimur,
1128 2767 1252 2825 volentes
1269 2769 1369 2828 habere
1394 2788 1497 2840 rursus,
1519 2775 1592 2848 quod
1618 2777 1721 2835 habere
1743 2793 1793 2836 nos

138 2863 323 2923 circumscribi
351 2867 446 2933 potest,
475 2856 499 2912 si
512 2856 637 2913 uoluntas
663 2855 756 2925 potius
775 2855 836 2924 Dei,
857 2872 938 2930 quam
992 2852 1089 2911 noluit.
1105 2853 1216 2912 Sianim
1229 2856 1372 2931 voluisset,
1391 2876 1445 2917 uon
1466 2861 1632 2922 abstulisset.
1647 2865 1706 2923 Nisi
1729 2867 1794 2927 siet

138 2951 301 3026 indulgentia
325 2948 522 3007 consideretur.
550 2941 638 3002 oto
657 2944 744 3002 Nemo
771 2944 938 3019 indulgentia
992 2941 1044 2999 hoc
1057 2942 1226 3000 voluntatem
1251 2944 1301 3004 Dei
1322 2946 1542 3023 interpretamur,
1573 2953 1687 3025 quasiet
1702 2971 1796 3015 rursus

139 3040 241 3098 utendo
281 3044 458 3114 promeretur,
495 3035 545 3092 scd
578 3035 708 3090 voluntati
751 3034 936 3106 obsequendo.
991 3044 1043 3088 nos
1065 3030 1179 3089 voluerit
1202 3033 1302 3092 babere
1321 3036 1395 3108 quod
1416 3038 1472 3109 jam
1492 3037 1582 3098 uoluit
1604 3041 1638 3098 ¹⁹.
1668 3044 1729 3100 Non
1752 3047 1795 3102 est

144 3129 279 3188 Voluntas
298 3129 347 3186 lici
361 3131 402 3186 est
425 3125 613 3197 sanctificatio
640 3128 750 3181 nostru.
774 3122 838 3178 Vult
862 3124 936 3181 enim
990 3118 1220 3179 bonaeetsolide
1234 3121 1309 3192 fidei,
1323 3124 1363 3182 sic
1386 3126 1477 3183 omnia
1501 3128 1536 3183 ad
1559 3129 1728 3189 voluntatem
1742 3133 1795 3192 Dei

138 3219 283 3292 imaginem
298 3233 374 3273 suam
389 3231 440 3273 nus
466 3217 546 3272 etiam
565 3212 768 3271 similitudinem
782 3212 806 3251 ¹⁰
819 3212 890 3281 lieri,
905 3220 935 3270 ut
989 3208 1101 3279 referre,
1116 3218 1145 3267 et
1162 3210 1199 3266 ita
1212 3210 1313 3269 adulari
1346 3213 1399 3270 sibi
1419 3232 1652 3291 unumquemque,
1678 3219 1795 3282 dicende

135 3307 223 3367 simus
250 3308 356 3375 tamti,
381 3305 471 3364 eiecti
497 3306 558 3377 ipsc
572 3308 685 3361 sanctae
705 3305 757 3361 est.
768 3299 799 3358 ld
810 3301 931 3376 bonum,
987 3296 1055 3355 nibil
1068 3297 1128 3355 lieri
1141 3298 1199 3357 sine
1212 3302 1280 3358 nutu
1296 3302 1448 3373 ²⁰e1‘us,ut
1462 3320 1517 3362 non
1531 3306 1717 3383 intelligamus
1734 3327 1795 3372 esse

135 3396 377 3455 sanctificationem
400 3395 471 3465 dico,
491 3393 519 3450 iu
544 3393 650 3465 species
663 3389 802 3448 distribuit
815 3387 838 3429 ¹¹
854 3404 931 3447 coru·
988 3387 1089 3461 aliquid
1102 3387 1131 3445 in
1147 3389 1226 3446 nobis
1240 3389 1316 3461 ipsis.
1347 3392 1491 3465 Caeterum,
1515 3398 1689 3458 excusabitur
1711 3417 1791 3460 omne

133 3485 236 3559 plnres,
260 3492 290 3542 ut
307 3484 337 3540 in
357 3484 451 3557 aliqua
475 3497 568 3539 earum
582 3478 827 3553 deprehendamur.
841 3476 932 3534 Prima
986 3477 1122 3548 delictum,
1147 3476 1171 3534 si
1191 3479 1410 3538 contenderimus
1435 3488 1457 3523 ¹¹
1479 3483 1544 3540 nibil
1570 3485 1629 3543 lieri
1657 3490 1686 3546 in
1711 3491 1792 3549 nobis

134 3575 250 3648 species,
266 3573 409 3648 virginitas
427 3589 443 3628 a
461 3572 612 3628 nativitate.
636 3566 760 3626 Secunda
780 3566 930 3639 virginitas,
986 3564 1046 3622 sine
1059 3565 1108 3623 Dei
1122 3564 1259 3624 voluntate
1271 3587 1278 3637 ;
1289 3577 1317 3626 at
1330 3569 1380 3627 ibit
1399 3569 1519 3629 definitio
1534 3573 1558 3613 11
1568 3573 1619 3631 iste
1640 3576 1669 3633 in
1684 3579 1792 3637 destru-

132 3661 283 3720 aaecnnda
303 3661 450 3727 nativitate,
466 3658 493 3714 id
508 3665 550 3716 est
564 3657 589 3698 11
604 3673 620 3713 a
634 3656 752 3728 lavacro,
766 3670 827 3728 quta
841 3662 887 3711 aut
900 3655 930 3711 in
984 3652 1103 3714 ctionem
1126 3654 1209 3712 totius
1226 3656 1389 3731 discipline,
1410 3659 1491 3718 etiarn
1506 3660 1592 3734 ipsius
1609 3664 1671 3734 Dei,
1699 3667 1724 3724 si
1745 3677 1794 3728 ant

135 3748 308 3808 matrimonio
335 3747 457 3821 purificat
478 3762 513 3802 ex
538 3755 688 3816 compacto,
704 3751 752 3802 aut
765 3743 793 3800 in
805 3742 935 3803 viduitate
987 3757 1050 3816 quae
1067 3755 1123 3800 non
1136 3742 1195 3800 ault
1207 3743 1242 3801 de
1255 3760 1304 3802 sua
1317 3747 1454 3806 uoluntate
1468 3751 1592 3822 producit
1607 3753 1643 3821 11,
1662 3762 1710 3813 aut
1723 3755 1789 3816 nibil

135 3844 290 3913 perseverat
327 3852 362 3895 ex
392 3834 516 3894 arbitrio.
540 3832 647 3892 Tertius
673 3831 774 3906 gradm
807 3837 935 3903 superest
987 3837 1029 3888 eat
1050 3829 1124 3904 quod
1144 3831 1219 3889 Deus
1247 3846 1303 3891 non
1324 3833 1393 3895 ault.
1428 3834 1482 3894 Sed
1505 3840 1645 3912 quomodo
1668 3842 1695 3884 11
1717 3853 1789 3904 rete·

813 3931 911 3996 Variae
935 3929 1090 3995 lectiones.

170 4040 181 4080 ¹
209 4039 306 4098 Pacem
320 4039 381 4115 Rip.
411 4040 504 4098 Vacat.
527 4039 540 4079 1
567 4039 713 4099 Consilium
731 4041 825 4114 digere
851 4039 939 4098 lilaea.
962 4035 1048 4095 Semi.
1068 4034 1187 4108 dirigere
1209 4039 1295 4096 Fran.
1315 4039 1407 4097 Paria.
1430 4040 1444 4082 1
1469 4041 1511 4099 De
1531 4041 1623 4101 latim
1645 4050 1674 4102 et
1696 4047 1786 4108 libeat.

137 4112 225 4173 Soml.
250 4111 360 4170 Obortis.
383 4111 397 4150 1
418 4112 508 4169 llonet
526 4112 593 4170 tuo.
617 4113 629 4153 ⁵
648 4113 775 4183 Quaerere
807 4111 896 4170 liliata.
916 4109 1005 4168 Semi.
1031 4107 1141 4166 oberti.
1165 4109 1274 4192 Primi
1299 4108 1367 4180 Quae
1384 4111 1450 4170 odd.
1469 4114 1557 4174 lilaea.
1573 4117 1659 4174 Serui.
1676 4117 1787 4180 Obcrtb.

142 4185 222 4242 Pom.
239 4181 251 4220 1
267 4182 416 4240 Consilium
433 4190 456 4243 t.
469 4183 629 4241 aduocatum
643 4186 733 4242 libert.
749 4187 830 4242 Pom.
847 4181 933 4240 Semi.
943 4178 1062 4262 ‚Obortis
1080 4178 1298 4263 ¹Necessrtatem
1316 4183 1403 4243 lilaea.
1427 4185 1511 4243 Semi.
1537 4187 1649 4246 Obortis.
1667 4186 1681 4225 1
1702 4190 1788 4248 Facil-

141 4253 205 4312 lime
219 4256 314 4312 omitt.
333 4254 423 4311 libert.
437 4258 518 4313 Pom.
535 4256 621 4313 Semi.
637 4256 748 4315 (iberti.
765 4255 790 4294 ¹⁰
804 4252 987 4311 similitudine
1002 4250 1070 4308 lan.
1095 4247 1117 4288 ¹¹
1140 4251 1278 4309 Drstrrbuo
1300 4254 1335 4311 lii
1353 4294 1361 4310 .
1389 4255 1481 4314 Vertat.
1501 4255 1525 4294 11
1547 4260 1571 4314 A
1593 4258 1713 4317 secunde
1735 4277 1785 4319 na-

140 4325 257 4394 tivitate,
277 4324 304 4381 id
324 4333 366 4406 est
383 4326 487 4408 absunt
498 4343 518 4408 c
531 4327 619 4408 liban.
635 4328 720 4386 Semi.
737 4324 944 4409 1111111111ξ
959 4319 1170 4395 ¹³llouogamiae
1183 4323 1273 4405 lilaea.
1289 4323 1313 4362 ¹¹
1327 4270 1425 4383 Orimae
1435 4325 1596 4400 uirginitatis
1616 4330 1682 4411 luat.
1699 4331 1787 4390 Prima

139 4395 265 4462 felicitas,
290 4412 386 4466 prumae
407 4397 570 4472 uirginitatis
595 4429 631 4440 —
649 4398 775 4456 moundae
798 4401 960 4468 uirginitatis
972 4399 1015 4448 est
1035 4421 1071 4432 -
1086 4393 1135 4449 rel.
1159 4408 1265 4464 spectes
1283 4394 1413 4452 hactenus
1428 4412 1482 4455 non
1510 4400 1786 4474 nubenda—praeter

139 4467 244 4525 virtutis
261 4467 343 4524 etiam
357 4485 395 4523 m.
410 4469 429 4524 l.
452 4475 503 4535 est,
519 4468 581 4527 cod.
606 4471 706 4528 Woaw.
731 4467 756 4509 ¹⁵
770 4469 800 4523 ln
821 4474 907 4523 totum
917 4463 1007 4546 ,dccet
1025 4464 1115 4522 littera
1136 4464 1222 4522 Semi.
1247 4463 1271 4503 11
1294 4464 1418 4523 Secunda
1443 4467 1604 4540 uirginitatis
1630 4478 1673 4528 est
1695 4474 1784 4534 libeat.

138 4538 224 4596 Semi.
255 4539 280 4577 ¹⁷
302 4537 418 4596 Virtutes
444 4541 533 4597 libert.
558 4541 644 4600 Semi.
665 4541 689 4580 11
716 4538 854 4597 Modestiae
881 4551 954 4593 enun
979 4534 1040 4590 laus
1062 4542 1104 4590 est
1125 4536 1188 4608 trip.
1216 4533 1241 4574 11
1265 4537 1332 4606 Atii,
1358 4553 1451 4593 rursus
1471 4539 1552 4597 vellet
1581 4541 1608 4596 in
1630 4558 1692 4610 noe,
1721 4545 1780 4604 cod.

141 4609 242 4667 Woatw.
268 4608 296 4665 in
323 4610 412 4680 nobis,
440 4610 512 4682 quod
529 4608 586 4683 jam
613 4611 699 4668 noluit
721 4611 806 4667 Deus.
835 4608 861 4648 ²⁰
887 4607 931 4664 At.
959 4605 1092 4676 jussione.
1119 4604 1143 4644 11
1166 4606 1385 4664 continuerimus
1411 4608 1504 4680 ntea,
1534 4612 1618 4669 &ml-
1643 4613 1669 4654 ¹³
1690 4614 1729 4673 At
1746 4615 1782 4674 ibi

133 4677 255 4739 delinitio
268 4678 345 4738 istam
360 4680 536 4740 destruction.
544 4682 629 4743 aben.
640 4682 727 4743 Semi.
742 4689 770 4739 at
783 4677 941 4738 tibideiinio
951 4674 1003 4734 cod
1016 4676 1115 4735 Woow.
1131 4676 1157 4716 11
1169 4677 1302 4734 Producat
1315 4680 1376 4753 ¹¹¹9·
1397 4679 1461 4739 Van.
1476 4680 1500 4720 ²¹
1509 4679 1622 4750 Quando
1640 4686 1702 4758 liic.
1719 4688 1781 4747 Vctt.

830 4777 1082 4844 Commentarius.

164 4883 207 4967 (1)
231 4887 271 4943 lle
284 4884 482 4944 exhortatione
491 4887 645 4944 castitatis.
660 4886 778 4944 Titulum
793 4883 856 4942 iecit
870 4883 932 4940 huic
986 4887 1041 4936 tam
1065 4877 1159 4964 multis
1191 4879 1243 4937 loci
1266 4883 1399 4954 suppleta,
1427 4884 1526 4943 relecta
1553 4893 1633 4958 atque
1652 4890 1717 4946 casti
1756 4897 1781 4948 ta

129 4955 930 5087 1111111111111111111
985 4955 1781 5095 11,11111111

132 5093 202 5153 simo
217 5043 311 5180 ciuica
368 5044 658 5170 obmdiccntiuimur,
672 5100 705 5160 dc
719 5047 876 5186 Occrpt'oce,
891 5099 927 5156 do
983 5092 1006 5150 ll
1164 5165 1170 5177 .
1237 5167 1243 5179 ρ
1302 5044 1359 5181 ρ’
1412 5169 1417 5182 ·
1773 5073 1781 5101 ’

128 5112 576 5254 Woetortpiaoociroerciioorum:
590 5179 617 5229 et
626 5172 697 5254 apud
712 5173 873 5255 Cyprrauum
883 5171 924 5253 ‘de
1027 5162 1055 5246 2)
1069 5164 1108 5221 Dc
1121 5169 1203 5246 cotia
1216 5168 1438 5249 mopotontctar.
1450 5168 1508 5227 Hoc
1516 5179 1556 5254 est
1568 5169 1602 5254 de
1611 5178 1659 5229 tuo
1672 5184 1782 5245 eventu,

127 5239 333 5321 dehortatione
345 5244 490 5314 martyr-rt.
501 5241 569 5312 Quae
582 5251 646 5300 suut
658 5243 840 5320 mtelbgendu,
851 5248 924 5298 utrm
976 5249 1092 5362 antam
1122 5238 1268 5309 singularis
1287 5246 1315 5295 et
1333 5247 1470 5313 superstes
1484 5257 1592 5316 conpugr
1617 5251 1670 5301 tnoe
1691 5244 1782 5321 degis.

128 5317 261 5392 conceptu
287 5326 327 5370 suc
355 5322 444 5369 essem
474 5330 482 5370 ι
509 5314 666 5371 Exhortatio
693 5314 725 5369 sd
764 5313 921 5382 castitatem,
1031 5344 1039 5360 ·

130 5378 276 5454 scorpiace
292 5425 301 5450 ,
318 5383 490 5457 Praescriptio
508 5383 923 5452 adremusboeretims,1txber·
997 5319 1055 5458 lOl)
1071 5377 1181 5461 Emoda
1192 5381 1275 5462 secti
1288 5383 1487 5440 renuntiotar.
1506 5384 1593 5467 §erras
1606 5384 1784 5445 devoratura

131 5450 197 5510 noe
218 5454 253 5510 ad
274 5454 443 5526 martyrium.
458 5454 503 5513 Sic
517 5458 544 5522 1,
559 5456 595 5513 de
607 5454 761 5521 Pudicitia,
775 5454 861 5525 dixit,
889 5450 924 5511 de
978 5459 1194 5522 virginemque
1215 5451 1394 5526 llrcronpmus
1416 5455 1451 5512 sd
1470 5454 1642 5529 Pruncrpuam,
1654 5457 1737 5532 epist.
1753 5462 1782 5516 3.

129 5521 329 5608 obtestatione
339 5527 609 5594 sanctimoniarum,
622 5540 674 5654 Ero
688 5524 924 5610 Exhorbtiouead
976 5531 1040 5596 ηις,

128 5601 330 5656 sancumumm.
342 5595 406 5656 llaec
425 5610 491 5658 acro
508 5602 601 5656 nostra
643 5611 736 5671 ansee
754 5596 817 5656 libra
839 5596 923 5657 edatio
