3840 6134
719 272 816 335 ttetttt
838 272 915 334 llll.
940 268 1217 332 vttetuttttttos.
1735 267 1789 328 630

395 396 509 455 cuent
526 396 667 455 XXXVII.
949 412 1068 493 nquam
1095 396 1212 466 appellat
1238 393 1319 451 Unio.
1352 394 1399 450 llae
1427 394 1510 467 igitur
1537 393 1649 451 virtutes
1678 392 1786 462 Solitas,

166 488 266 562 Accipe
282 487 334 544 atta
355 486 464 562 ingenia
480 489 538 559 (81)
563 488 691 544 Curmcae
704 488 729 527 ⁵⁹
751 486 877 559 Enniani,
892 487 934 543 in·
988 486 1174 559 Singularitas,
1200 484 1305 550 Unitas‚
1331 483 1365 549 ⁵³,
1389 483 1473 550 Unio,
1494 491 1605 540 caeteras
1621 482 1788 555 prolationes

131 578 262 651 siguioris
285 577 356 649 apud
378 591 427 632 cos
449 576 572 649 magistri
595 577 665 650 (88),
680 576 726 649 qui
745 582 773 633 et
787 576 812 615 ⁵⁰
828 576 933 646 pontiti·
986 577 1103 632 AEonum
1127 579 1321 648 propagarunt.
1341 573 1364 629 0
1387 572 1558 629 dillerential
1583 572 1698 629 Mutetur
1717 573 1786 628 Unio

130 668 182 724 cali
202 683 253 723 sua
272 664 432 722 auctoritate
456 665 483 719 in
502 666 575 720 lrunc
600 666 708 721 modum
732 666 851 722 censuit.
874 666 932 733 Est,
985 671 1012 719 et
1032 664 1135 730 Unitas,
1159 662 1340 736 Singularitas
1364 668 1390 718 ct
1414 676 1494 717 suurn
1514 660 1621 728 Solitas,
1640 661 1674 730 ⁵⁵,
1697 677 1787 735 quau-

131 276 187 338 629

128 755 229 829 inquit,
256 762 319 810 ante
349 753 441 810 omnia
467 754 622 824 Proarche,
652 754 879 828 inexcogitabile,
906 763 933 811 et

129 844 322 909 inenarrabile,
335 850 362 897 et
383 841 577 897 innominabile
599 842 633 908 ⁵¹,
660 843 733 915 quod
751 858 803 916 ego
822 842 932 899 nomino

128 934 269 991 Monotcts
289 932 357 1001 (83).
382 927 468 987 599
498 931 564 986 Cum
593 932 642 988 hac
664 943 722 989 crttt
749 931 801 987 alia
828 932 928 998 uirtus,

129 1037 211 1096 quam
232 1031 260 1076 et
282 1020 369 1092 ipsam
395 1018 500 1089 appollo
519 1019 660 1076 Henoteta.
687 1020 810 1075 llouotes
832 1027 858 1075 ot
877 1020 930 1075 lic·

128 1119 219 1177 notes,
243 1109 272 1165 id
296 1118 338 1165 est
358 1108 459 1166 Solitas
481 1117 509 1164 et
529 1108 633 1178 Unitas,
650 1125 711 1165 cum
734 1126 816 1165 unum
831 1115 928 1175 essent,

129 1198 300 1273 protulerunt
324 1213 378 1253 non
401 1197 570 1270 proterentes
584 1197 688 1253 initium
703 1199 823 1254 omnium
848 1195 931 1254 intel-

128 1288 255 1353 lectuale,
281 1286 453 1352 innascibile,
482 1286 636 1356 invisibile,
666 1288 738 1359 quod
761 1301 850 1343 sermo
871 1288 929 1342 llo-

129 1377 197 1433 nada
211 1376 238 1415 ⁵2
260 1375 375 1434 vocarit.
400 1373 467 1430 lluic
489 1373 567 1430 adest
586 1376 805 1432 consubstantiva
827 1373 928 1445 virtus,

985 768 1064 826 quam
1079 753 1103 790 ⁵⁵
1119 750 1304 824 designaveris
1320 751 1387 820 (Sil,
1403 766 1488 805 unum
1503 758 1542 805 est
1556 748 1624 820 (85).

1242 839 1356 895 CAPUT
1371 836 1523 892 xxxvtlt.

1020 927 1167 985 Humanior
1190 927 1244 997 jam
1267 927 1416 994 Secundus,
1441 933 1470 981 ut
1494 923 1611 992 brevior,
1628 923 1786 1000 Ogdoadem

983 1019 1102 1076 induas
1129 1020 1260 1073 serratas
1289 1015 1424 1081 dividens,
1449 1014 1476 1069 in
1503 1013 1638 1070 dexteram
1667 1019 1694 1070 et
1722 1014 1787 1070 sini·

985 1117 1078 1175 stram,
1094 1107 1121 1162 in
1137 1106 1228 1161 lumen
1251 1115 1278 1162 et
1297 1107 1443 1170 tenebras3
1459 1111 1562 1158 tantum
1577 1103 1649 1175 quod
1662 1103 1787 1159 desultri-

985 1214 1042 1255 cem
1074 1205 1101 1253 ot
1128 1195 1301 1252 defectricem
1323 1195 1396 1249 illam
1425 1194 1551 1248 virtutem
1582 1208 1634 1247 non
1664 1192 1720 1249 vult
1752 1194 1788 1249 ab

983 1287 1073 1359 aliquo
1096 1287 1231 1342 deducere
1254 1284 1367 1356 triginta
1389 1284 1413 1322 ⁵⁵
1436 1283 1560 1345 AEonum,
1586 1282 1632 1338 sed
1657 1297 1674 1336 a
1696 1280 1787 1338 fructi·

982 1375 1035 1434 bus
1047 1377 1081 1431 de
1096 1375 1247 1432 substantia
1260 1390 1354 1431 eorum
1368 1371 1537 1431 venientibus
1550 1369 1609 1442 (86)
1624 1371 1659 1425 55.

807 1471 903 1535 Varie
925 1475 1081 1538 lectiones.

162 1579 188 1619 ⁴⁵
204 1576 363 1635 circuriana
382 1578 468 1636 Semi.
491 1578 602 1635 Oderit.
617 1577 723 1634 Cicuria
738 1577 860 1634 Enniana
887 1579 969 1636 Pam.
993 1582 1038 1637 Fr.
1062 1581 1128 1636 tun.

1155 1578 1324 1703 Llncuriana
1339 1577 1427 1635 libera.
1443 1574 1606 1632 Cercuriana
1623 1575 1685 1629 bat.
1702 1572 1727 1611 ⁵⁵
1745 1573 1786 1628 Ex

128 1653 209 1707 Pam.
231 1653 317 1707 Fran.
341 1651 407 1703 Par.
432 1648 455 1687 ⁵¹
473 1650 506 1704 lit
521 1649 711 1704 innominabile
726 1649 803 1706 abest
825 1667 843 1705 a
862 1650 950 1707 libera.
972 1651 1058 1708 Semt.
1084 1650 1167 1707 Obert
1191 1695 1196 1706 .
1222 1651 1246 1687 ⁵2
1266 1649 1378 1704 llorrada
1393 1650 1471 1704 abest
1492 1647 1525 1702 ab
1550 1645 1671 1719 eraempl.
1694 1644 1782 1701 llbem

128 1722 154 1761 55
167 1721 358 1793 Singularitas,
375 1719 463 1774 unitas
478 1737 535 1776 nort
550 1721 611 1776 laub.
629 1722 715 1778 libert.
729 1722 813 1778 Semi.
828 1721 935 1779 Obertlt.
948 1723 973 1761 55
983 1724 1016 1778 Et
1029 1738 1120 1791 suum,
1138 1728 1165 1777 ct
1179 1721 1256 1774 solita
1273 1721 1358 1776 liban.
1376 1722 1461 1776 Semt.
1478 1718 1589 1776 obertu.
1601 1717 1626 1755 ⁵⁵
1643 1716 1785 1788 Quumque

130 1795 212 1850 Pam.
226 1792 252 1832 55
264 1792 385 1866 Triginta
400 1790 477 1848 abest
491 1808 510 1847 u
529 1793 617 1849 liban.
634 1791 720 1849 Semt.
738 1791 848 1850 Otertlt.
865 1793 888 1830 ⁵⁵
904 1795 943 1849 De
957 1794 1109 1849 substantia
1122 1791 1231 1848 ueniant
1246 1791 1332 1848 ltltem
1345 1791 1429 1849 Selm.
1449 1789 1557 1846 Obartlr.

833 1889 1087 1956 Commentarius.

133 1988 230 2047 -Τήν
242 1986 336 2052 πρώτον
351 1986 460 2050 όγδοάδα
474 1986 502 2036 οὐ
516 1988 569 2036 καθ’
580 1986 701 2037 irrideant
715 1989 788 2038 ἄλλον
800 1989 848 2038 ὑπὸ
858 1990 933 2038 ἄλλον
949 2004 972 2083 Β

987 2004 1065 2046 casso
1089 1988 1180 2044 labore
1202 1994 1316 2044 conatur
1340 1983 1459 2040 alienum
1488 1982 1607 2038 laborem
1629 1979 1784 2051 defendere,

129 2061 215 2111 Ataia
228 2058 415 2124 ποοθιθλῆσθαι,
431 2058 482 2106 ἀλλ’
497 2059 560 2120 ὁμοῦ
575 2059 616 2106 καὶ
633 2060 666 2116 εἰς
690 2060 752 2116 ἅπαξ
775 2061 819 2119 τὴν
841 2067 890 2110 τῶν
909 2061 934 2118 ti
989 2061 1059 2134 quod
1083 2061 1204 2133 origines
1228 2060 1296 2114 bene
1321 2055 1428 2126 quictem
1452 2054 1558 2124 dixerit,
1579 2053 1627 2108 sed
1650 2066 1701 2107 uus
1719 2051 1785 2106 sim-

123 2132 227 2182 Δνιόνοιν
242 2130 364 2196 προθολὴν
381 2130 429 2179 ὑπὸ
443 2134 487 2178 τοῦ
502 2129 663 2196 Προπάτορος
677 2131 719 2180 καὶ
736 2129 843 2188 ’Eurotae
857 2133 933 2182 αὐτοῦ

128 2202 251 2265 τετέχθαι,
260 2202 293 2255 ὡς
307 2200 380 2253 αὐτὸς
390 2200 572 2262 μαιωσάμινος,
581 2201 809 2251 arcesserentur...
821 2203 859 2252 ότι
873 2203 934 2265 ὅπερ

128 2272 244 2331 θντνοήθη
265 2271 397 2337 reputatur
420 2273 434 2320 ό
456 2273 605 2337 Προπάτωρ,
625 2278 699 2322 τοῦτο
723 2274 809 2338 Πατήρ
837 2274 932 2332 ἐκλήθη·

127 2343 180 2393 ἐπεὶ
194 2344 223 2393 δὲ
238 2343 252 2392 θ
265 2343 416 2407 apostatare
432 2345 532 2401 diritate
545 2343 585 2403 ἦν,
600 2348 675 2394 τοῦτο
693 2343 805 2403 Ἀλήθεια
817 2345 932 2407 ὠνομάσ-

128 2416 163 2474 θη·
179 2416 223 2466 όττ
246 2413 289 2463 οὗν
310 2415 428 2474 ἠθέλησεν
451 2416 569 2472 ἐπιδεῖξαι
593 2416 677 2476 αὐτὸν,
692 2421 766 2466 τοῦτο
793 2415 933 2481 Ἀνθρωπος

128 2487 222 2550 ἐλέχθη.
238 2487 281 2543 οὓς
294 2487 321 2535 tt
336 2487 516 2552 τροτλογίσατο
532 2487 572 2535 dra
588 2488 720 2550 προέόαλε,
735 2485 809 2536 τοῦτο
828 2485 932 2546 Ἐκκλη-

128 2556 383 2620 mesoptamia
404 2559 417 2606 d
442 2556 580 2622 Ἀνθρωπος
601 2557 644 2606 τὸν
667 2558 758 2619 Λόγον,
773 2556 843 2615 οὗτός
865 2557 932 2607 ἐστιν

129 2630 142 2678 θ
154 2628 313 2694 πρωτότοκος
327 2627 388 2684 οίός.
407 2626 583 2678 Ἔπακολουθεῖ
596 2629 623 2677 δὲ
643 2631 679 2693 τῷ
693 2628 766 2693 Λόγῳ
779 2629 822 2678 καὶ
836 2630 851 2686 ι)
866 2630 930 2688 Ζωή·

128 2699 170 2749 καὶ
182 2701 262 2755 οὕτως
276 2700 362 2763 πρώτη
380 2697 484 2762 'Ordaia
498 2700 667 2759 συνετελέσθη.

164 2770 367 2840 interpretatio
385 2774 476 2826 uetus.
492 2799 528 2811 -
544 2772 598 2838 Qut
615 2774 711 2826 autem
733 2769 932 2842 prudentiores

128 2844 276 2913 putantur
289 2840 404 2896 illorum
423 2856 481 2898 esse
502 2844 628 2914 primam
648 2843 859 2900 actcnationem
873 2859 931 2899 nata

130 2911 285 2983 gradatim,
301 2914 425 2968 abarum
440 2913 474 2966 ab
487 2913 577 2971 ultera
592 2915 707 2970 AEonem
728 2913 866 2970 emissum
881 2913 928 2968 ur·-

131 2986 208 3049 cttat,
224 2982 274 3038 sed
291 2984 378 3038 strunt
391 2987 420 3041 ct
431 2985 463 3039 tn
479 3001 570 3041 unuru
583 2986 702 3040 AEonum
717 2986 897 3040 emissionem
912 3001 930 3040 a

128 3055 283 3126 Propatora
297 3060 324 3111 at
339 3057 445 3110 Tnnoea
464 3057 534 3126 ejus,
551 3072 616 3112 curn
631 3059 809 3118 crearentur,
825 3058 880 3126 ipsi
901 3070 930 3112 se

128 3125 323 3183 obstetricante
338 3128 524 3198 affirmant...
541 3126 657 3192 Quanta
673 3129 807 3198 copitantt
820 3125 930 3198 aliquid

127 3200 259 3255 mittere
283 3199 431 3269 Ρνοροιον,
448 3198 498 3254 troc
517 3200 604 3255 Pater
623 3202 738 3255 vocatus
757 3202 820 3264 ert‚·
836 3201 867 3252 at
882 3199 930 3254 uti

127 3285 188 3343 ριιοΙ
203 3270 299 3326 emisit
313 3285 378 3325 vera
392 3272 524 3340 suerunt,
541 3270 590 3326 lroc
605 3268 716 3324 Atellata
726 3273 857 3324 vocaturn
873 3273 924 3333 est.
942 3255 965 3335 C

130 3341 198 3397 dam
208 3356 272 3412 erpo
283 3340 372 3398 votuit
384 3344 566 3414 semetipsum
576 3340 731 3407 ostendere,
744 3339 793 3395 ltoc
804 3339 927 3395 Anthro-

126 3427 173 3484 pos
183 3412 278 3467 dictur
292 3415 343 3466 est.
368 3414 440 3480 Quas
455 3417 553 3469 autem
566 3414 807 3484 praeopttaucrat‚
817 3416 929 3482 postau-

126 3499 213 3556 quam
233 3485 337 3548 emisit,
354 3483 403 3539 buc
418 3484 543 3540 Ecclesia
558 3487 655 3539 uocatu
674 3487 727 3540 cst.
752 3485 871 3538 Locutus
886 3484 927 3538 est

126 3554 286 3625 Anthropos
295 3554 398 3626 Lepon,
409 3556 454 3611 laic
463 3560 504 3612 est
513 3556 719 3627 primopenttm
727 3555 816 3624 tilius.
829 3553 927 3611 Subse-

126 3628 331 3755 qtlreituraplgm
345 3629 434 3698 lapan
444 3629 536 3696 lomet
549 3627 839 3698 sicprimaoatonatia
848 3640 925 3680 carn-

174 3702 206 3753 ta
219 3712 275 3753 cs.
313 3713 357 3751 οο.
627 3712 630 3717 ·

126 3713 222 3840 p(8t)
238 3769 337 3841 Accipe
356 3769 416 3824 alia
438 3769 563 3839 tnpcnia.
589 3767 711 3823 Latinius
728 3766 925 3822 emendandum

127 3840 244 3896 censuit.
276 3859 289 3891 ι
313 3841 477 3910 ΑοοίροιιΙιο
505 3839 636 3911 ingentia,
665 3838 832 3895 cercuriana.
862 3838 927 3893 Cer·

127 3924 218 3976 curus,
245 3929 257 3960 s
285 3911 380 3982 iuquit,
409 3929 421 3964 ι
445 3910 543 3966 dicitur
566 3914 641 3968 navis
665 3911 764 3965 Asiana
783 3924 926 3982 praegran-

127 3978 181 4036 dis.
198 4001 212 4033 a
229 3982 268 4036 lta
289 3983 397 4052 quidem
425 3981 519 4039 Festus
547 3983 663 4037 tradidit.
693 3981 746 4038 Sed
776 3983 826 4036 boc
849 3980 927 4051 trigi-

127 4052 194 4108 dum
209 4052 300 4118 nimis,
315 4070 370 4123 prae
392 4053 537 4109 stoliditate
560 4069 591 4109 ac
605 4054 712 4108 vesania
736 4051 924 4118 Valentiniani,

128 4139 212 4194 quem
228 4124 410 4181 Tertullianus
438 4124 565 4195 explodit.
590 4125 652 4180 llaec
678 4131 767 4178 autem
789 4131 831 4178 est
852 4133 926 4180 uete-

130 4208 193 4248 rum
215 4196 408 4268 exemplarium
428 4197 562 4267 scriptura
582 4195 795 4251 constantissima
811 4211 818 4247 r
837 4215 849 4245 a
870 4196 924 4248 Ac·

132 4262 193 4336 cipe
210 4265 259 4321 alia
281 4268 390 4339 ingenia
412 4266 617 4324 circuriauiana.
635 4286 646 4316 r
664 4266 741 4322 Unde
763 4264 925 4334 conjicimus

129 4334 276 4392 Auctorem
300 4348 421 4394 nostrum
440 4338 591 4411 scripsisse,
609 4357 622 4389 a
638 4336 739 4409 Accipe
753 4335 804 4393 alia
818 4335 925 4408 ingenia

129 4405 257 4462 Curruoae
277 4409 399 4475 Enniani,
425 4409 581 4482 insignioris
600 4409 674 4481 apud
697 4424 746 4463 eos
761 4406 893 4480 magistri,
911 4426 922 4456 ι

129 4488 183 4533 etc.
210 4477 340 4545 Carruca,
365 4480 464 4551 stupidi
488 4481 628 4551 cujusdam
660 4478 799 4552 mimologi
826 4493 926 4533 namon

128 4546 191 4614 tuit,
207 4559 238 4605 ut
251 4550 383 4606 discimus
404 4567 436 4607 ex
459 4553 543 4608 veteri
564 4550 703 4610 luvenalis
726 4551 873 4621 interprete
892 4548 926 4604 ad

128 4620 205 4678 bunc
215 4637 326 4678 versum
338 4637 354 4679 a
368 4622 464 4695 Satyra
474 4635 549 4680 sexta
563 4641 571 4680 r

174 4792 215 4845 Tu
230 4795 278 4846 tibi
292 4810 369 4859 nuuc,
385 4796 610 4861 curruumplacas,
625 4797 764 4863 fletumque
780 4794 880 4847 labellis

176 4857 315 4909 Exsorbes.

165 4973 228 5046 Quo
242 4984 317 5032 certe
331 4976 421 5032 fatuus
444 4975 540 5050 aliquis
562 4976 732 5034 describitur.
748 4976 866 5046 llujusce
879 4989 930 5030 au·

129 5054 185 5103 tem
199 5048 330 5104 curruca
344 5057 433 5121 aptam
456 5048 579 5105 ridiculis
604 5065 754 5119 personam,
790 5047 883 5113 rimus,
901 5052 931 5101 ut

128 5118 249 5177 ridetur.
271 5120 376 5175 Ennius
400 5120 556 5177 introduxit.
582 5120 659 5176 Unde
684 5064 864 5175 Tertufiiauus
878 5119 930 5174 hoc

128 5191 191 5247 loeo
217 5189 335 5262 aliquem
368 5206 385 5247 e
410 5192 568 5262 proceribus
599 5189 791 5246 Valentinianis
827 5188 929 5244 delira-

131 5271 220 5318 menta
244 5278 294 5317 sua
322 5272 450 5334 tanquam
485 5263 565 5320 ollula
593 5261 758 5334 pontificalia
784 5259 874 5316 verbis
897 5259 930 5314 ad

130 5331 231 5388 iactum
254 5333 411 5402 compositis
441 5336 676 5405 pronuntiantem,
707 5332 852 5388 Currucsm
877 5331 930 5386 Ea·

130 5403 246 5460 bianum
278 5405 454 5478 nuncupavit.
494 5404 686 5460 Tertullianum
712 5417 776 5460 vero
812 5401 932 5458 imitatus

130 5476 328 5549 Hieronymus,
355 5478 426 5533 libro
453 5477 586 5535 aduersus
615 5474 764 5547 Rufinum
792 5475 930 5540 secundo,

129 5546 225 5605 dixit:
243 5548 381 5624 «Didymi
405 5547 593 5622 interpretaris
612 5547 747 5614 scholion,
762 5545 790 5602 in
813 5559 869 5619 quo
886 5544 932 5602 illc

944 4595 1123 4678 nomnium,
1141 4610 1246 4666 lloeton
1260 4608 1288 4660 et
1311 4605 1482 4675 Aperrrtcton,
1500 4605 1528 4656 et
1549 4600 1682 4666 aoraton,
1695 4614 1785 4723 ροιινιι

988 2132 1074 2203 plicas
1097 2132 1220 2187 homiues
1243 2137 1270 2183 et
1293 2129 1418 2183 Curructe
1437 2125 1561 2191 Enniani,
1576 2139 1626 2179 nec
1651 2123 1721 2177 illius
1740 2136 1787 2176 sa·

989 2203 1118 2273 pientiam
1141 2218 1190 2258 nec
1214 2212 1300 2267 tuam,
1325 2197 1371 2268 qui
1398 2199 1588 2268 interpretatus
1609 2211 1657 2260 cs,
1685 2192 1786 2248 intolli-

987 2291 1052 2346 gere
1075 2289 1228 2356 possumus.
1251 2291 1263 2321 ι
1288 2271 1395 2325 Etenim
1417 2270 1457 2325 sic
1475 2270 1556 2324 etiarn
1577 2264 1785 2331 emendandum,

987 2346 1060 2416 quod
1077 2346 1131 2401 rllic
1147 2346 1287 2414 depravate
1301 2341 1410 2412 legitur,
1434 2340 1549 2395 cicures
1572 2338 1710 2395 Enniani.
1727 2336 1787 2391 Ca-

988 2427 1083 2482 lenum,
1109 2431 1142 2472 eo
1171 2417 1325 2483 cortjectura
1346 2418 1436 2465 nostra
1464 2408 1563 2465 firmari
1587 2409 1669 2463 etiam
1697 2407 1786 2463 videa·

986 2496 1038 2557 tur,
1068 2489 1142 2558 quod
1165 2487 1281 2542 lrenaeus
1308 2484 1335 2539 in
1365 2482 1577 2537 Valentinianum
1600 2479 1679 2535 istum
1706 2492 1786 2550 quem

986 2558 1132 2630 Septimius
1156 2558 1303 2615 Carrucam
1326 2565 1412 2623 vocat,
1435 2555 1485 2609 sub
1508 2552 1645 2609 vocabulis
1672 2547 1787 2621 peponis

985 2639 1012 2686 et
1025 2631 1171 2687 cucurbita
1186 2638 1213 2685 et
1226 2625 1376 2683 cucumeris
1391 2625 1463 2680 lusit.
1478 2625 1539 2680 Bru.

1022 2703 1079 2772 (82)
1101 2701 1267 2771 Insigniort's
1291 2697 1368 2769 apud
1396 2711 1440 2752 aas
1465 2695 1607 2767 rnuptstri.
1633 2694 1752 2748 lrenaeus
1776 2707 1784 2746 ε

987 2773 1093 2828 «Alius
1120 2787 1185 2830 vero
1209 2770 1329 2840 quidam,
1354 2766 1401 2847 qui
1428 2773 1455 2822 et
1481 2767 1570 2821 clarus
1593 2775 1634 2819 cst
1657 2761 1786 2829 magister

986 2843 1116 2915 ipsorum,
1140 2843 1167 2897 in
1190 2840 1279 2910 maJus
1301 2838 1426 2903 sublime,
1452 2845 1479 2892 et
1502 2835 1578 2909 quasi
1601 2835 1628 2888 ln
1653 2833 1785 2902 majorem

985 2914 1147 2988 agnitionem
1166 2921 1300 2967 extensus.
1319 2929 1331 2961 t
1347 2908 1409 2964 itte.
1767 2970 1771 2980 ·

1018 2988 1074 3055 (83)
1099 2989 1152 3056 ligo
1176 2985 1292 3040 nornine
1315 2983 1470 3037 monoteta.
1496 2976 1634 3035 Vocabula
1655 2973 1786 3046 contingit

984 3057 1035 3112 sibi
1060 3054 1110 3111 soli
1132 3053 1444 3126 proprietatatem
1464 3061 1559 3121 postea
1578 3065 1626 3120 per
1640 3048 1786 3104 solitatem

984 3127 1108 3199 explicat.
1124 3127 1162 3181 Lu
1177 3127 1225 3181 Pa.
1730 3187 1735 3197 Ι

1021 3199 1078 3270 (st)
1096 3198 1183 3267 Quam
1204 3212 1270 3250 uam
1288 3193 1487 3273 designaveris.
1512 3190 1541 3245 Id
1564 3199 1614 3254 est,
1637 3188 1786 3260 quamlibet

980 3286 1013 3324 cx
1035 3270 1075 3337 iis,
1092 3270 1149 3325 sire
1196 3267 1314 3331 nionem,
1330 3280 1388 3318 sive
1411 3261 1557 3327 Unitatem,
1575 3262 1633 3316 sire
1658 3258 1785 3330 Singula-

984 3341 1097 3405 ritutrm,
1114 3340 1171 3396 siue
1186 3337 1332 3404 solitatem,
1348 3334 1415 3390 uruit
1438 3332 1513 3388 aliud
1537 3347 1617 3403 quam
1638 3331 1728 3386 Unum
1743 3328 1785 3383 di·

982 3414 1031 3469 cis.
1047 3413 1110 3467 llte.
1434 3436 1438 3443 ·

1018 3487 1074 3552 (85)
1102 3485 1192 3542 llrtum
1219 3484 1271 3538 est.
1288 3480 1359 3534 lren.
1383 3479 1484 3534 contra
1500 3475 1604 3530 literas.
1620 3470 1667 3526 lib.
1684 3486 1703 3538 1,
1721 3485 1783 3541 cap.

983 3559 1026 3623 li,
1042 3555 1057 3627 Ξ
1073 3558 1099 3609 3.
1115 3585 1147 3594 -
1159 3551 1280 3602 .....Ἔοτι
1295 3568 1330 3609 τις
1343 3549 1391 3615 πρὸ
1405 3547 1503 3597 πάντων
1517 3544 1643 3609 ΙΙροαρχή,
1657 3546 1784 3609 [ipsatret-

981 3627 1077 3686 νόητος,
1096 3625 1200 3692 ἄρρητός
1222 3641 1249 3674 τε
1272 3623 1314 3672 καὶ
1338 3619 1516 3682 ἀνονόμαστος,
1537 3618 1567 3674 ἣν
1591 3614 1640 3677 ἐγὼ
1660 3614 1785 3677 μονότητοι

981 3698 1083 3763 ἀριθμῶ·
1100 3697 1177 3754 ταότη
1200 3700 1230 3757 τῇ
1255 3693 1371 3756 μονότητι
1395 3688 1545 3751 σοννπάρχει
1564 3686 1673 3749 δύναμις,
1688 3687 1718 3742 ἢν
1740 3682 1784 3732 καὶ

981 3770 1057 3827 αὐτὴν
1082 3768 1193 3831 ὀνομάζω
1217 3765 1332 3823 ἑνότητα.
1350 3762 1416 3821 Αὕτη
1431 3763 1446 3818 ἡ
1464 3757 1573 3816 Ἓνότης,
1588 3759 1603 3816 ἡ
1619 3773 1646 3805 τε
1663 3755 1783 3815 Matiana,

979 3841 1049 3890 τὸὲν
1070 3839 1152 3895 οὖσαν,
1167 3839 1308 3903 προήκαντο
1333 3836 1365 3898 μὴ
1387 3834 1522 3897 προέμενοι
1536 3829 1613 3894 ἀρχὴν
1629 3828 1668 3877 ἐπὶ
1683 3827 1783 3876 πάντων

980 3912 1078 3971 νοητὴν,
1099 3909 1243 3972 Ἀγέννητόν
1260 3925 1288 3956 τε
1310 3907 1352 3955 καὶ
1370 3903 1498 3970 Ἀόρατον,
1521 3903 1550 3960 ἥν
1576 3899 1660 3965 Ἄρχήν
1682 3901 1695 3948 ό
1714 3900 1784 3960 λόγος

979 3985 1083 4032 Menoida
1095 3984 1174 4031 καλεῖ·
1184 3981 1260 4043 ταὺτῃ
1270 3984 1300 4041 τῇ
1317 3977 1411 4026 blaaudi
1426 3974 1576 4038 σονυπάρχει
1588 3972 1688 4035 δύναμις
1698 3969 1785 4034 όμοοθ·

981 4071 1032 4109 cicc
1046 4054 1108 4114 αὐτῇ
1122 4055 1152 4109 ἣν
1166 4052 1208 4099 καὶ
1222 4051 1297 4106 αὐτὴν
1312 4045 1467 4111 ὀνομάζοιτο
1483 4045 1517 4094 ἓν·
1535 4042 1606 4092 αὗτκι
1621 4041 1646 4090 ai
1661 4042 1784 4103 δυνάμεις,

978 4127 994 4183 ἦ
1007 4140 1034 4172 τε
1048 4123 1159 4180 Μονότης
1173 4123 1215 4169 καὶ
1232 4119 1338 4179 Ἐνότης,
1347 4118 1431 4173 Μονάς
1441 4132 1469 4166 τε
1482 4115 1525 4164 καὶ
1538 4116 1567 4164 τὸ
1582 4111 1632 4174 Ἕν,
1643 4113 1784 4176 προήκαντο

979 4196 1022 4246 τὰς
1036 4196 1121 4249 λοιπὰς
1135 4191 1257 4257 spatulae
1272 4195 1320 4238 τῶν
1337 4192 1446 4240 Αὶώνων.

1016 4256 1215 4325 lrtterpretatt'o
1230 4256 1318 4308 uetus.
1339 4279 1371 4292 -
1396 4253 1445 4305 list
1461 4247 1572 4320 quitiam
1595 4247 1664 4299 ante
1685 4259 1782 4300 omraes

980 4325 1129 4389 Proarche,
1146 4325 1373 4378 Proanauncctos
1387 4319 1599 4389 (capitationem
1613 4329 1725 4369 utrinam
1740 4331 1784 4371 stt·

977 4397 1092 4472 perans)
1107 4399 1135 4452 et
1156 4391 1380 4456 inanimantium,
1397 4406 1481 4463 quam
1496 4392 1523 4444 et
1543 4389 1636 4458 ipsura
1651 4401 1715 4442 uoco
1730 4387 1784 4443 lle-

979 4473 1113 4526 natetent.
1131 4468 1193 4522 llaec
1211 4467 1308 4519 autem
1324 4464 1442 4517 Kariatas
1456 4463 1484 4514 et
1499 4459 1629 4521 Monotes,
1645 4473 1711 4513 cum
1725 4459 1785 4512 sint

983 4558 1084 4604 unam.
1097 4539 1261 4598 amiserant,
1273 4550 1340 4589 eum
1354 4530 1427 4587 ntltt't
1439 4530 1597 4591 emiserint,
1608 4529 1784 4600 principiam

985 4685 1094 4740 Areten
1108 4697 1198 4739 sermo
1213 4674 1330 4734 bonam
1348 4676 1437 4730 vocat.
1454 4670 1526 4727 Cum
1545 4667 1596 4724 ltac
1614 4669 1692 4723 uana
1713 4673 1785 4725 aest

984 4758 1077 4810 uirtus
1087 4751 1211 4824 ejusdcm
1221 4747 1388 4805 substantiae
1400 4745 1425 4802 ei
1434 4759 1522 4872 ρριονη
1531 4743 1560 4795 et
1569 4755 1633 4796 eam
1643 4753 1705 4794 noca
1715 4739 1783 4795 llen.

982 4829 1045 4883 llaec
1059 4830 1154 4881 autem
1168 4824 1298 4889 uirtutes,
1314 4819 1344 4878 id
1365 4819 1417 4882 est,
1458 4818 1554 4870 anates
1569 4813 1596 4893 et
1610 4812 1738 4878 chotes,
1757 4812 1785 4864 et

985 4899 1076 4954 Manat
1086 4895 1339 4952 atllenemiserunt
1350 4890 1471 4961 reliquas
1480 4886 1641 4943 erntsstoncs
1652 4882 1783 4936 AEonum.

1020 4970 1077 5036 (86)
1098 4966 1225 5024 Veniant.
1240 4965 1310 5018 lren.
1325 4966 1425 5020 cotttra
1440 4961 1540 5015 llaeres.
1557 4970 1616 5025 etp.
1632 4957 1675 5018 ll,
1692 4951 1707 5024 ἒ
1724 4955 1785 5005 2-

983 5048 1115 5102 Σεκοῡνδος
1128 5047 1193 5107 λέγει
1208 5043 1325 5101 εἶναιτὴν
1341 5043 1440 5108 πρώτην
1456 5034 1686 5103 θγδοάθοι,τετράδκ
1695 5033 1784 5095 δεξιὰν,

982 5120 1026 5169 καὶ
1039 5117 1145 5183 τετράδα
1164 5116 1306 5180 ἀριστερὰν,
1321 5114 1399 5169 οὕτως
1419 5109 1566 5175 παραδιδοὺς
1589 5108 1727 5167 καλεῖσθαι,
1740 5105 1784 5164 τὴν

985 5193 1028 5256 μὲν
1047 5191 1102 5253 μίαν
1118 5192 1177 5252 φῶς,
1190 5188 1234 5244 τὴν
1249 5186 1276 5234 δὲ
1290 5185 1364 5244 ἄλλην
1379 5184 1476 5240 σκότος·
1492 5186 1536 5240 τήν
1554 5180 1580 5229 ot
1598 5177 1742 5228 ἀποοτᾱοάν
1756 5192 1785 5225 τε

983 5264 1025 5311 καὶ
1039 5261 1213 5326 ὑστερήσαοοιν
1224 5259 1326 5322 δύναμιν
1342 5259 1374 5321 μὴ
1384 5257 1447 5306 εἶναι
1457 5255 1506 5304 ἀπὸ
1519 5257 1568 5302 τῶν
1580 5250 1712 5316 τριάκοντα
1725 5248 1786 5298 Δίώ·

984 5335 1221 5468 νωθόιθόθόόόθοθόο
1237 5397 1326 5451 uetus.
1341 5421 1376 5431 -
1393 5389 1536 5449 Secundus
1551 5387 1648 5441 autern
1659 5380 1785 5453 primam

985 5483 1000 5524 ο
1018 5469 1135 5525 dandam
1149 5469 1190 5523 sic
1207 5465 1335 5531 tradidit,
1348 5462 1454 5526 dicens,
1466 5457 1712 5532 quaternatianem
1727 5466 1785 5509 esse

1019 5545 1128 5607 atram,
1140 5545 1165 5598 ct
1179 5537 1426 5612 germinationem
1438 5533 1596 5597 sinistram,
1606 5529 1634 5582 et
1649 5526 1744 5582 tumen
1757 5526 1786 5581 et
