3840 6134
127 274 184 335 637

771 278 865 339 claun
886 278 963 338 auv.
991 278 1133 340 JUDAEOS.

1724 283 1779 347 638

127 401 301 476 inissetigne
315 400 469 469 oonllatum,
494 413 522 460 et
539 405 717 475 processisset
731 405 771 462 eis
796 405 925 461 bubulum
941 407 1073 499 micuit.
1090 425 1152 479 ιιι,
1175 410 1231 482 l8);
1247 420 1283 477 et,
1305 413 1365 468 Non
1379 413 1495 481 occides,
1512 430 1568 469 οοι
1584 412 1779 479 mechaberis,

126 502 220 566 capnt,
244 491 307 546 lruid
323 491 450 562 figmento
464 493 606 550 universus
621 496 711 561 lsrael,
739 496 833 553 relicto
858 496 926 562 Deo,
980 512 1038 552 non
1047 498 1198 568 atrebaris,
1209 501 1520 571 fulsumtestimoninm
1531 518 1588 557 noa
1598 502 1780 559 dicesllono-

126 582 262 638 honorem
277 580 422 648 dederunt,
442 581 585 639 dicentes:
613 588 648 642 lli
676 589 745 643 sunt
776 586 820 642 dei
836 587 858 623 ¹¹
878 587 928 658 qui

127 672 336 743 nosejecerunt
349 671 383 728 de
400 676 477 729 terro
492 676 614 746 AEgyptc.
640 675 685 732 Sic
700 690 816 746 namque
836 685 926 746 poste·

127 759 247 816 rioribus
275 760 450 830 temporibus,
478 763 576 832 quibus
595 778 676 836 reges
689 765 727 818 cis
752 764 927 834 imperabant,

128 857 156 906 at
173 865 236 904 cum
251 849 413 904 Hieroboam
439 866 535 906 vaccas
549 867 644 907 aureas
659 853 699 924 (8)
726 863 751 908 et
767 852 840 908 lucos
855 855 928 908 cole·

127 939 204 1005 bant,
226 946 253 994 et
266 938 359 993 bahali
387 954 415 993 se
434 941 621 1011 mancipabant
638 959 645 1009 ;
664 942 733 996 tunde
759 942 889 1012 probatur
905 941 928 980 ¹⁵

125 1044 176 1085 eos
205 1043 314 1100 semper
334 1028 492 1086 idololatriae
507 1030 617 1085 crimine
636 1046 699 1087 reos
715 1033 871 1107 designatos
895 1048 928 1089 ex

127 1118 310 1175 instrumento
324 1119 476 1177 diuinarum
491 1120 701 1193 Scripturarum.
739 1124 837 1179 Noster
863 1137 929 1180 uero

128 1208 249 1280 populus
281 1207 379 1272 minor,
395 1207 422 1261 id
437 1216 477 1263 est
492 1208 634 1279 posterior,
651 1210 751 1266 relictis
766 1209 847 1266 idolis
868 1212 929 1282 qui-

128 1296 181 1352 bus
195 1303 260 1352 ante
282 1295 459 1364 deserviebat,
490 1298 523 1352 ad
549 1297 675 1353 eumdem
699 1300 783 1355 Deum
813 1314 928 1356 conser-

129 1402 175 1443 sus
214 1393 257 1441 est
282 1402 298 1441 a
325 1401 379 1459 quo
409 1386 502 1456 lsrael,
531 1394 561 1442 ut
591 1404 674 1459 snpra
705 1389 927 1456 memoravimus,

130 1475 315 1531 abscesserat.
347 1474 391 1532 Sic
419 1491 536 1546 namque
555 1477 674 1549 populus
698 1477 797 1546 minor,
829 1478 857 1533 id
887 1487 928 1535 est

129 1563 271 1636 posterior,
288 1563 415 1636 populum
441 1564 572 1634 majorem
589 1566 737 1636 superauit,
767 1567 832 1623 dum
860 1584 926 1640 gra·

129 1651 192 1707 tiam
230 1651 329 1708 divinae
352 1651 516 1726 dignationis
537 1655 720 1726 consequitur,
737 1671 818 1729 aqua
843 1656 926 1714 israel

130 1747 170 1796 est
188 1741 358 1813 repudiatus.

398 1879 486 1938 599
500 1882 612 1941 CAPUT
632 1883 665 1939 ll.

172 2010 377 2082 lgiturgradum
400 2009 579 2076 conteramus,
595 2018 622 2065 et
637 2024 772 2065 summam
801 2012 931 2082 quaestio·

134 2098 174 2153 nis
184 2097 271 2169 ipsius
285 2098 364 2155 certis
376 2098 454 2154 lineis
467 2099 679 2153 determinemus
697 2099 720 2137 ¹¹
753 2099 806 2157 Cur
833 2102 931 2158 etenim

132 2188 213 2260 Deus,
234 2187 419 2244 universitatis
437 2188 570 2258 conditor,
591 2187 684 2244 mundi
700 2188 780 2245 totius
803 2191 933 2263 guberna·

132 2283 182 2347 tor,
205 2277 324 2333 bominis
337 2279 495 2349 plasmator,
521 2277 708 2334 universarum
725 2277 845 2349 gentium
860 2287 933 2337 sator

131 2366 222 2441 legem
246 2381 294 2436 per
308 2367 420 2437 iloysen
440 2366 484 2422 uni
506 2367 607 2441 populo
618 2367 725 2423 dedisse
747 2367 880 2437 credatur,
905 2376 933 2425 ct

130 2472 185 2511 non
201 2455 330 2511 omnibus
344 2456 471 2528 gentibus
484 2455 637 2512 attribuisse
647 2455 773 2512 uicatmt
786 2456 845 2512 Nisi
859 2457 933 2514 enim

130 2545 259 2601 omnibns
278 2561 337 2601 eam
366 2545 482 2602 dedisset
499 2544 575 2603 nullo
603 2552 682 2618 pacto
703 2546 737 2599 ad
766 2562 826 2602 eam
852 2547 932 2602 etiam

130 2634 286 2704 proselytos
303 2648 336 2687 ex
354 2634 479 2706 gentibus
503 2649 638 2690 accessum
669 2634 769 2690 habere
789 2637 932 2707 permitte-

131 2731 197 2779 ret:
225 2722 287 2794 sed,
311 2732 340 2779 ut
360 2725 486 2797 congruit
507 2722 620 2781 bonitati
636 2725 685 2779 Dei
714 2730 741 2780 et
756 2726 876 2796 aequitati
891 2726 933 2797 ip·

131 2811 197 2878 sius,
213 2820 308 2885 utpote
319 2814 491 2883 plasmatoris
505 2813 612 2885 generis
636 2815 758 2885 humaui,
788 2816 928 2872 omnibus

132 2902 260 2973 gentibus
278 2901 496 2975 eamdemlegem
509 2902 586 2957 dedit
602 2917 699 2973 :quam
717 2903 796 2958 certis
828 2912 854 2958 et
879 2909 932 2960 sta·

981 601 1014 639 ro
1018 592 1130 657 parerem
1142 593 1260 645 tuat-met
1269 589 1495 658 moireirzOEeod.
1506 605 1555 652 ιιι,
1568 593 1601 643 la
1612 621 1646 630 -
1657 592 1699 655 li)
1712 609 1718 645 :
1740 602 1777 658 et,

982 676 1114 732 Alienum
1122 694 1179 732 non
1194 668 1373 751 con'cupisccs
1383 678 1474 748 (deut.
1492 692 1519 744 v,
1538 679 1642 747 lii-al).
1660 659 1804 735 icimur-⁰

982 763 1059 818 dialis
1075 765 1117 820 lex
1132 773 1173 820 est
1192 767 1264 822 enim
1281 768 1341 821 data
1370 765 1551 821 lidaeetErae
1580 764 1608 819 in
1639 767 1779 836 paradiso,

981 852 1057 924 qnasi
1078 853 1173 909 matrix
1198 855 1315 911 omnium
1335 863 1533 927 praeceptorum
1561 854 1620 910 Ilei.
1648 853 1778 925 Denique,

980 944 1002 1000 si
1026 945 1173 1002 Dominum
1198 946 1284 1002 Deum
1304 962 1383 1001 suum
1398 945 1566 1010 dilexissent,
1591 953 1686 1000 contra
1709 960 1781 1016 prae-

982 1043 1089 1105 ceptum
1108 1036 1233 1105 ejusnon
1248 1035 1374 1091 iecissent
1390 1053 1396 1100 ;
1413 1034 1436 1090 si
1451 1035 1605 1105 proximum
1623 1032 1780 1106 diligerent,

981 1125 1010 1180 id
1031 1131 1072 1180 est
1086 1126 1254 1197 semetipsos,
1271 1124 1438 1196 persuasioni
1460 1123 1595 1196 serpentis
1612 1139 1666 1180 non
1694 1122 1781 1179 credi-

982 1215 1091 1280 dissent,
1120 1221 1200 1287 atque
1231 1215 1268 1269 ita
1287 1215 1315 1268 in
1344 1211 1504 1285 semetipsos
1527 1213 1701 1269 homicidium
1728 1228 1783 1268 non

982 1304 1189 1371 commisissent,
1212 1303 1358 1361 excidendo
1382 1303 1416 1360 de
1437 1302 1652 1372 immortalitate,
1678 1301 1782 1358 iacien-

983 1393 1017 1448 do
1033 1400 1123 1449 contra
1151 1392 1200 1449 Dei
1232 1400 1413 1464 praeceptum,
1435 1409 1450 1448 a
1475 1391 1546 1446 furto
1574 1406 1682 1464 quoque
1701 1389 1784 1447 absti-

982 1483 1116 1547 nuissent,
1135 1481 1201 1537 side
1227 1482 1315 1538 iructu
1342 1480 1445 1537 arboris
1470 1481 1540 1537 clam
1562 1495 1615 1537 non
1639 1481 1784 1553 degustas-

981 1572 1194 1643 seneliacum,
1223 1570 1260 1642 6),
1279 1585 1328 1626 ιιι
1343 1587 1357 1624 a
1371 1579 1518 1640 conspectu
1541 1567 1648 1624 Domini
1668 1569 1717 1624 Dei
1741 1567 1783 1625 sui

987 1663 1037 1718 sub
1066 1663 1161 1718 arbore
1189 1661 1347 1717 delitescere
1380 1660 1525 1732 gestissent
1555 1659 1636 1729 (ibid.
1653 1661 1699 1730 8):
1734 1673 1784 1715 nec

988 1751 1086 1807 laisum
1114 1750 1275 1805 asseveranti
1304 1747 1411 1804 diabolo
1440 1747 1583 1819 participes
1601 1747 1783 1815 elficcrentur,

951 1816 1122 1897 Berearnoo
1147 1838 1172 1893 ei
1186 1838 1260 1912 quod
1283 1836 1382 1892 similes
1406 1836 1456 1890 Dei
1470 1845 1561 1891 essent
1586 1833 1675 1892 600
1698 1833 1784 1893 iuturi

983 1929 1064 2003 (ibid.
1082 1931 1122 2001 8)·‚
1141 1937 1221 2000 atque
1245 1927 1281 1982 ita
1298 1940 1349 1981 nec
1364 1925 1451 1980 Deum
1468 1924 1661 1991 offendissent,
1682 1932 1712 1979 ut
1733 1939 1785 1994 pa·

985 2027 1064 2083 trem,
1079 2016 1125 2087 qni
1140 2031 1187 2072 eos
1201 2015 1235 2070 de
1258 2015 1323 2070 limo
1348 2023 1426 2069 terrae
1440 2013 1518 2084 quasi
1542 2028 1575 2068 ex
1602 2020 1678 2069 utero
1693 2021 1786 2068 matris

986 2104 1157 2176 figurandae
1169 2103 1192 2159 si
1199 2102 1316 2159 alienum
1328 2117 1382 2158 non
1393 2103 1590 2173 concupissent
1601 2101 1634 2165 ¹⁸,
1651 2100 1685 2155 de
1699 2100 1787 2156 iructu

986 2194 1082 2250 illicito
1109 2209 1164 2248 non
1192 2199 1356 2266 gustassent.
1387 2191 1470 2264 igitur
1493 2192 1520 2245 in
1543 2189 1593 2245 bac
1612 2188 1733 2262 generali
1760 2196 1789 2245 at

986 2282 1152 2357 primordiali
1193 2283 1242 2340 Dei
1278 2282 1351 2354 lege,
1388 2297 1468 2354 qnam
1502 2279 1530 2335 in
1559 2277 1664 2336 arboris
1697 2278 1786 2336 iructu

987 2371 1128 2429 observari
1163 2372 1237 2428 Deus
1269 2382 1406 2436 sanxerat,
1435 2368 1527 2426 omnia
1551 2376 1685 2440 praecepta
1712 2365 1783 2440 legis

988 2460 1144 2534 posterioris
1158 2461 1312 2532 specialiter
1322 2460 1407 2516 indita
1420 2460 1504 2515 luisse
1518 2456 1716 2530 cognoscimus,
1726 2471 1787 2528 qoae

988 2551 1046 2608 sois
1082 2551 1247 2622 temporibus
1279 2551 1351 2607 edita
1386 2549 1616 2624 germinaverunt.
1656 2544 1787 2617 Ejusdem

988 2647 1029 2696 est
1061 2640 1132 2696 enim
1157 2649 1252 2712 postea
1276 2640 1424 2697 subdocere
1447 2638 1545 2713 legem,
1559 2634 1608 2709 qui
1633 2644 1694 2691 ante
1714 2650 1786 2705 prae·

987 2729 1096 2784 miserat
1121 2736 1293 2801 praeceptum,
1314 2728 1442 2799 quoniam
1461 2732 1487 2781 et
1514 2725 1600 2797 ipsius
1617 2732 1660 2779 est
1681 2721 1788 2779 erudire

987 2824 1082 2886 postea
1100 2816 1146 2890 qui
1170 2827 1231 2872 ante
1255 2812 1344 2888 y'ostos
1372 2816 1489 2871 formare
1517 2814 1677 2869 instituerat.
1713 2808 1787 2878 Quid

988 2906 1059 2962 enim
1085 2908 1192 2975 mirum,
1222 2906 1245 2962 si
1273 2907 1297 2961 is
1328 2915 1410 2977 auget
1435 2904 1606 2976 disciplinam
1631 2900 1678 2973 qui
1705 2898 1785 2954 insti·

133 2990 197 3046 tutis
211 2990 380 3061 temporibus
393 2991 528 3047 obseruari
542 2991 680 3063 praecepit,
697 2991 806 3062 quaudo
837 2992 932 3059 uoluit,
949 2991 970 3070 c
987 2995 1035 3050 tuit
1052 2995 1124 3066 (loli
1139 2995 1162 3049 si
1176 2994 1199 3050 is
1224 2994 1335 3065 perfecit
1348 2995 1371 3034 ¹¹
1386 2994 1432 3064 qui
1453 2992 1549 3062 ooepitl
1577 2990 1699 3061 Denique
1726 2993 1788 3043 ante

131 3087 222 3153 etper
248 3094 316 3149 quos
344 3081 437 3146 soluit,
471 3088 497 3136 et
523 3080 594 3136 sicut
631 3080 727 3138 voluit.
756 3081 879 3153 Namque
904 3083 931 3138 in
987 3083 1077 3153 legem
1091 3082 1176 3154 Moysi
1191 3083 1317 3154 scriptam
1333 3083 1426 3152 (ll)in
1441 3080 1537 3136 tabulis
1565 3079 1680 3151 lapideis
1695 3076 1784 3146 legem

130 3169 265 3243 principio
280 3170 372 3224 mnndi
387 3169 439 3239 ipsi
456 3169 523 3225 Adae
538 3178 565 3224 et
587 3171 653 3225 Evae
677 3169 763 3241 legem
786 3169 869 3239 dedit,
899 3186 933 3226 ne
987 3172 1069 3228 luisse
1084 3171 1218 3227 contendo
1232 3186 1286 3227 nou
1300 3172 1438 3241 scriptam,
1454 3185 1515 3240 quae
1529 3167 1688 3223 naturaliter
1702 3163 1787 3221 intel-

131 3258 166 3316 do
190 3260 280 3315 fructu
295 3258 399 3315 arboris
425 3260 548 3329 plantatae
571 3258 602 3313 in'
623 3260 712 3314 medio
731 3258 846 3329 paradisi
870 3259 934 3314 ede·
987 3260 1133 3332 ligabatur,
1154 3270 1216 3317 eta
1244 3261 1366 3333 patribus
1391 3259 1603 3315 custodiebatur.
1626 3258 1694 3311 Nam
1718 3255 1790 3310 unde

131 3354 194 3405 rent
209 3346 303 3418 ;quod
331 3345 355 3402 si
374 3355 466 3403 contra
496 3346 631 3417 iecissent,
649 3355 746 3404 morte
769 3355 935 3404 morerentur
990 3351 1044 3408 Noc
1053 3353 1151 3423 justus
1162 3353 1295 3408 inventus
1306 3349 1387 3421 (Gen.
1401 3352 1461 3415 vr,9
1477 3366 1483 3404 :
1502 3347 1585 3406 dccli.
1596 3361 1677 3411 ιιιι,
1696 3342 1751 3415 l‘l),
1766 3344 1789 3400 si

131 3438 215 3509 (Gen.
232 3453 262 3502 ιι,
272 3436 312 3507 7);
329 3452 391 3507 qoae
402 3436 446 3491 lex
460 3436 498 3492 eis
512 3436 661 3507 sufficeret,
683 3437 705 3491 si
720 3444 794 3493 esset
816 3436 935 3495 custodi·
989 3455 1044 3495 non
1059 3440 1135 3495 illum
1151 3439 1278 3497 naturalis
1302 3439 1373 3509 legis
1392 3438 1496 3510 iustitia
1510 3434 1702 3508 precedebat?
1714 3433 1786 3489 uude

131 3534 169 3583 ta.
186 3527 215 3582 ln
231 3527 281 3583 bac
294 3526 366 3583 enim
380 3526 439 3596 lege
454 3524 519 3582 lidae
533 3525 592 3580 data
607 3525 696 3580 omnia
711 3535 844 3597 praecepta
866 3541 936 3581 con·
989 3529 1247 3587 Abrahcmamicus
1258 3531 1307 3585 Dei
1316 3529 1470 3601 deputatus
1485 3527 1616 3597 (laomor.
1632 3529 1647 3578 8
1664 3540 1672 3591 ;
1688 3523 1747 3580 loc.
1757 3536 1791 3586 n,

132 3615 189 3671 dita
214 3616 436 3688 recognoscimus
457 3630 517 3686 quae
533 3623 626 3685 postea
650 3613 850 3704 pullulaverunt
878 3615 940 3670 data
995 3618 1051 3690 23),
1068 3619 1090 3672 si
1105 3634 1159 3674 non
1175 3620 1208 3674 de
1223 3617 1346 3690 aequitate
1372 3625 1398 3671 et
1411 3614 1521 3685 justitiae
1544 3613 1613 3686 legis
1632 3604 1792 3667 naturalis?

133 3720 183 3776 per
197 3704 319 3777 Moysen,
332 3704 358 3759 id
374 3711 423 3768 est,
456 3704 560 3776 diliges
578 3704 733 3761 Dominum
752 3705 840 3761 Deum
858 3709 940 3760 tuom
993 3706 1066 3762 unde
1081 3706 1275 3765 Melchisedech
1301 3705 1428 3762 sacerdos
1451 3701 1792 3771 Deisummildeo.x1v,

132 3793 166 3849 dc
186 3794 340 3850 totocorde
357 3796 457 3860 lueet
476 3794 765 3851 aetolaanimotuo
788 3793 879 3865 (Dect.
900 3807 937 3863 vi,
994 3797 1274 3868 l8lnuncupatus,si
1296 3803 1432 3851 nonanto
1455 3792 1580 3852 Leviticae
1604 3788 1674 3863 legis
1702 3803 1793 3843 sacer·
1891 3831 1892 3837 ,

132 3883 178 3951 Ε);
200 3893 237 3949 ιι,
261 3884 366 3955 diliges
394 3885 558 3956 proximum
583 3883 634 3940 tibi
662 3883 684 3921 11
709 3883 887 3955 (illucescens
911 3887 939 3941 te
993 3886 1095 3941 dotium
1114 3886 1212 3945 Levita
1240 3886 1357 3952 luerunt,
1381 3883 1428 3957 qui
1450 3880 1581 3940 sacrificia
1606 3879 1665 3936 Deo
1692 3876 1792 3934 ollare-

169 4061 195 4100 ¹¹
226 4059 268 4114 Dii
290 4060 400 4119 oberth.
430 4060 515 4118 Semi.
546 4060 570 4098 ¹⁵
590 3979 1085 4117 Putabaturalii.v?⁶n‡e³tbciblgmlgg·
1104 4064 1169 4120 lun.
1191 4080 1224 4120 οι
1249 4063 1302 4120 us.
1328 4064 1410 4119 Pom.
1436 4061 1458 4101 ¹¹
1487 4061 1575 4117 Tuum
1605 4057 1666 4115 diss.
1706 4057 1790 4112 Pom.

133 4132 161 4172 ¹⁸
176 4132 408 4204 concupiscerent
423 4134 520 4190 Semi..
538 4131 560 4171 ¹¹
574 4131 680 4188 Perficit
696 4135 775 4189 Pom.
793 4130 898 4202 proficit
912 4131 999 4190 Rhea.
1018 4133 1127 4191 oberth.

859 4231 1110 4293 Commentarius.

174 4309 213 4382 (8)
223 4312 258 4367 at
271 4326 338 4367 eum
348 4312 493 4367 Jeroboom
504 4325 723 4378 oaccosourccs,
737 4318 788 4364 ιιι.
799 4307 941 4363 ιιιιιίιοιιι
957 4326 980 4404 Ι)

1000 4311 1069 4366 blico
1096 4307 1201 4373 mnndi,
1229 4308 1255 4362 in
1284 4306 1448 4362 naturalibus
1471 4304 1586 4370 tabulis,
1614 4302 1648 4357 ad
1668 4316 1735 4373 quas
1762 4308 1790 4357 et

137 4383 360 4454 superstitionem
371 4388 397 4435 et
413 4381 589 4438 idololatriam
605 4382 761 4444 insectatur,
777 4379 820 4435 cui
837 4381 940 4451 procli·
998 4379 1222 4452 apostolussolet
1232 4379 1407 4446 provocaret
1424 4400 1433 4425 r
1452 4379 1487 4430 At
1501 4378 1527 4430 id
1542 4372 1677 4445 pertinere
1693 4379 1791 4442 potest,

138 4454 342 4526 rioriuitgens
366 4453 419 4508 illa.
445 4454 558 4509 Notatur
577 4453 619 4508 hic
645 4451 777 4522 praecipue
805 4467 852 4506 rex
879 4451 942 4506 llic·

139 4527 252 4581 roboam
282 4527 395 4597 primus,
423 4527 552 4595 qui,oum
567 4525 595 4579 in
621 4539 712 4598 regem
727 4534 833 4579 creatus
858 4531 939 4586 essct,

140 4597 244 4652 ueritus
261 4614 304 4668 ne,
320 4598 343 4652 si
354 4596 481 4652 israelitae
496 4598 709 4665 Hierosolymam
724 4601 875 4650 remearent
906 4595 941 4648 ad

140 4685 227 4732 sacra,
243 4669 304 4724 illos
320 4669 428 4724 taederet
451 4668 559 4724 divortii
582 4669 653 4738 quod
681 4677 737 4722 tum
757 4666 882 4730 iecerant,
912 4671 942 4720 ut

140 4740 275 4796 haberent
305 4741 377 4806 apud
401 4754 430 4794 sc
462 4739 534 4810 quod
554 4741 680 4804 colerent,
710 4738 811 4794 vitulos
843 4751 941 4792 aurcos

142 4812 239 4874 crexit,
258 4812 286 4865 in
304 4811 362 4865 Dan
378 4827 473 4876 unum,
489 4819 516 4866 et
529 4813 640 4865 alterum
664 4811 691 4865 in
711 4811 812 4879 Bctlicl,
841 4809 940 4879 quibus

143 4882 309 4939 sacrificulos
340 4883 453 4949 addidit,
473 4884 610 4952 vetuitque
627 4899 660 4938 ne
690 4881 815 4936 israeliten
842 4881 939 4936 lliero-

143 4958 275 5025 solymam
315 4953 444 5024 deinceps
489 4963 680 5010 commearent.
711 4953 827 5008 iladetur
855 4953 940 5007 histo·

142 5026 183 5082 ria
204 5025 239 5079 lll
253 5026 316 5096 ileo.
338 5039 385 5080 ιιι.
408 5031 446 5080 La
468 5024 514 5081 Pa.

180 5099 221 5169 (9)
231 5097 336 5167 Diliges
359 5099 512 5152 Dominum
527 5097 614 5152 Deam
627 5099 782 5158 taumate.
806 5098 835 5149 el
843 5095 940 5166 proei-

140 5187 223 5226 mum
239 5167 291 5225 tibi
304 5209 310 5221 .
322 5168 515 5222 Hellenismum
533 5167 651 5222 imitatur
664 5181 690 5224 et
704 5168 827 5224 Graecam
855 5167 938 5236 phra-

141 5259 183 5298 sin
198 5239 300 5309 πλησίον
320 5259 364 5293 σου
377 5257 384 5294 :
399 5240 473 5310 quod
495 5238 548 5309 ipsi
563 5239 681 5293 solemne
696 5238 722 5292 in
737 5238 845 5293 citanda
867 5236 938 5293 Scri·

163 5324 231 5370 tura.
248 5312 353 5365 LnPn.

143 5331 237 5455 p(itt)
256 5383 301 5438 Sic
324 5383 441 5436 lrenaeus
457 5388 483 5437 et
497 5380 542 5437 alii
569 5381 657 5435 solent
675 5379 831 5434 informare.
852 5379 937 5436 Satan.

176 5457 234 5526 (tl)
251 5454 377 5527 Denique
391 5455 556 5525 catelegem
573 5453 655 5534 lloysi
668 5453 815 5525 scriptam,
830 5448 939 5515 stellio

139 5528 213 5583 idem
233 5527 260 5582 in
276 5526 324 5582 lib.
348 5526 382 5581 de
404 5526 510 5583 corono
530 5524 647 5580 anilitas.
666 5537 727 5593 cap.
743 5526 758 5577 6
776 5541 782 5576 z
807 5522 941 5589 ‹Quaeres

139 5600 225 5672 igitur
239 5598 291 5654 Dei
314 5599 412 5670 legem,
436 5597 543 5653 babens
564 5609 734 5653 communem
752 5593 832 5650 istam
846 5592 874 5647 in
895 5607 944 5663 pu·

996 4453 1069 4524 quod
1084 4454 1163 4507 babet
1176 4450 1279 4505 Tullius
1303 4449 1332 4503 in
1347 4447 1506 4504 Miloniana:
1533 4465 1546 4498 ο
1573 4445 1620 4499 list
1638 4445 1711 4499 enim
1736 4457 1792 4499 non

997 4524 1105 4595 scripta,
1134 4522 1230 4591 inquit,
1245 4519 1294 4576 scd
1317 4519 1441 4584 natales,
1458 4534 1539 4588 quam
1565 4529 1620 4570 non
1634 4515 1791 4580 didicimus,

994 4595 1156 4665 accepimus,
1172 4593 1296 4665 legimus,
1321 4606 1413 4648 verum
1433 4605 1466 4644 ιι
1481 4586 1644 4658 naturaipsa
1671 4584 1793 4666 arripui-

996 4684 1065 4733 mus,
1081 4669 1229 4729 lrausimus,
1246 4662 1446 4734 expressimus3
1466 4661 1593 4729 adquam
1619 4673 1673 4712 non
1708 4656 1793 4724 doctr,

995 4739 1043 4793 sed
1086 4736 1159 4802 iacti,
1196 4751 1250 4792 non
1296 4733 1419 4797 instituti,
1457 4730 1507 4788 sed
1540 4728 1636 4784 imbuti
1660 4741 1790 4780 sumus.»

994 4809 1073 4885 Legis
1088 4814 1220 4879 praecepta
1245 4807 1348 4861 Adamo
1369 4806 1430 4859 data
1445 4802 1546 4872 atejus
1562 4799 1662 4873 pectori
1686 4796 1789 4851 inscri-

994 4892 1038 4952 pta
1053 4889 1164 4936 testatur
1180 4879 1249 4935 llob.
1270 4877 1379 4933 Crdalia
1401 4875 1429 4930 in
1456 4872 1658 4930 Sclualscbeleth
1674 4885 1680 4923 :
1696 4876 1788 4957 lptpl't

995 4948 1103 5031 ΕΒΗ
1128 4983 1182 5041 quo
1206 4983 1260 5022 non
1279 4965 1333 5021 abit
1355 4963 1486 5035 Origenes
1500 4962 1527 5017 in
1551 4957 1712 5024 Philocalia,
1752 4956 1795 5013 bis

994 5050 1081 5107 verbis
1096 5066 1103 5105 ς
1120 5049 1193 5113 Παρὰ
1213 5048 1240 5097 δὲ
1261 5053 1340 5096 ταῦτα
1361 5047 1458 5108 λέγεται
1476 5044 1550 5108 νόμος
1571 5042 1637 5091 κατὰ
1651 5041 1695 5098 τὰς
1710 5039 1794 5097 κοινὰς

993 5123 1086 5179 ἐννοίας
1099 5120 1279 5184 ἐνεσπαρμένος
1292 5124 1325 5181 πῇ
1341 5120 1416 5181 ψυχῇ,
1430 5117 1472 5166 καὶ
1487 5119 1520 5172 ὡς
1545 5115 1658 5180 ὀνομάζει
1673 5113 1688 5170 η’
1702 5110 1795 5175 rcapti,

993 5194 1187 5261 ἐγγεγραμμένοι
1210 5197 1240 5256 τῇ
1264 5191 1352 5255 καρδίᾳ
1374 5190 1454 5252 λόγος,
1474 5186 1654 5254 προστακτικὸς
1677 5185 1722 5247 μὲν
1743 5185 1793 5231 τῶν

990 5267 1122 5326 ποιητέων,
1138 5263 1330 5329 ἀπαγορευτικὸς
1347 5262 1373 5311 δὲ
1387 5266 1436 5309 τῶν
1452 5260 1481 5310 οὐ
1498 5259 1629 5319 ποιητέων.
1659 5272 1671 5307 t
1698 5257 1795 5310 Ptaeid·

993 5355 1038 5394 rea
1065 5339 1107 5394 lex
1131 5336 1260 5392 naturalis
1283 5335 1379 5389 animae
1401 5332 1480 5387 insita
1505 5330 1613 5393 dicitur,
1634 5335 1670 5392 et,
1695 5335 1724 5381 ut
1744 5339 1796 5393 ap-

991 5412 1074 5483 pellat
1097 5409 1246 5478 Scriptura,
1263 5407 1391 5479 inscripta
1414 5405 1442 5459 in
1465 5402 1592 5459 cordibus
1608 5400 1658 5461 lex,
1673 5395 1796 5451 iacienda

993 5484 1101 5554 jubens,
1111 5488 1137 5538 et
1151 5495 1208 5537 noo
1223 5479 1345 5535 iacienda
1364 5473 1520 5549 prohibens.
1538 5473 1576 5527 La
1591 5471 1639 5525 Pu.
