3840 6134
22 395 26 399 ,
128 318 183 383 888
476 312 698 377 marmarum
716 313 849 378 888888
867 310 952 376 vtes
970 310 1005 374 8.
1026 342 1060 356 -
1079 309 1192 374 sumas
1210 311 1232 385 1,
1252 298 1425 375 88888888.
1724 303 1781 368 888

128 443 302 502 nominantur
328 440 421 500 bestiae
442 450 471 500 et
499 441 587 515 pisces
610 442 638 498 iu
666 441 876 499 redhibitionem
903 440 928 480 ⁴⁵
943 452 967 534 Α
981 441 1053 515 gella
1080 456 1151 498 nunc
1173 425 1304 512 provoco'.
1323 439 1375 497 Hic
1396 453 1504 513 quoque
1526 449 1691 496 occursurus
1705 433 1781 506 prins

129 533 217 590 caruis
240 541 266 588 et
285 532 434 606 sanguinis,
457 547 512 606 quo
535 533 623 605 magis
647 533 815 605 exprimatur
834 547 925 589 resur·
980 528 1069 586 eidem
1096 527 1200 587 astutiae
1228 544 1334 595 eorum,
1362 529 1409 600 qui
1438 527 1552 602 proinde
1579 534 1607 582 et
1632 523 1779 584 Dominum

128 621 213 679 rectio
231 622 313 678 etiarn
340 622 528 680 devoratorum
552 638 705 695 corporum,
726 639 787 680 cum
803 621 837 677 do
860 620 927 691 ipsis
980 619 1071 674 omnia
1093 619 1122 675 in
1146 618 1281 691 parabolis
1304 618 1493 691 pronuntiasse
1514 615 1693 686 contendunt,
1718 613 1780 687 qnia

129 712 332 769 devoratoribus
353 713 457 768 exactio
486 711 607 769 edicitur.
634 714 704 770 Puto
731 720 820 770 aulem
847 711 928 780 huius
980 709 1182 780 scriptumest:
1211 709 1275 768 Hoec
1299 709 1397 767 omnia
1411 707 1519 766 1888888
1533 707 1674 765 88818888
1688 705 1780 776 tapa-

130 816 239 875 quoque
253 800 351 856 divinae
369 801 510 871 potestatis
531 803 723 859 documentum
741 801 869 858 idoneum
882 800 927 856 Jo-
980 796 1095 864 88818188,
1111 802 1139 857 88
1160 799 1222 856 8188
1241 796 1377 871 parabola
1397 810 1455 854 888
1474 795 1641 869 loquebator
1653 791 1690 850 88
1704 791 1778 856 illos,

128 907 208 964 nam,
235 906 298 947 cum
321 890 493 961 incorruptus
515 900 628 965 utraque
650 892 819 962 substantia,
846 904 927 948 carne
981 887 1084 944 scilieet
1101 886 1126 925 ⁵⁵
1142 886 1261 944 181888.
1285 885 1355 943 Nam
1369 895 1397 942 et
1415 883 1557 955 discipuli:
1577 884 1680 954 Quare,
1697 879 1793 950 aiunt,

129 987 208 1052 atque
222 979 311 1036 anima
325 981 360 1049 ⁴⁵,
373 980 406 1036 de
416 980 478 1037 alvo
493 981 576 1050 piscis
589 980 723 1038 evolvitur
737 982 771 1037 ⁴⁸.
788 981 821 1037 Et
836 979 929 1052 utiquo
981 978 1014 1034 ia
1035 978 1176 1051 parobolis
1201 975 1346 1050 loqueris?
1368 985 1396 1032 et
1411 973 1561 1031 Dominus:
1581 974 1738 1045 Propterea
1751 971 1779 1025 iu

130 1069 219 1124 triduo
239 1069 439 1142 concoqueudae
467 1071 541 1126 carni
564 1071 669 1127 viscera
689 1070 741 1126 ceti
763 1076 816 1126 tam
839 1068 928 1125 88118·
979 1068 1121 1142 parabolis
1132 1065 1277 1140 loquorod
1291 1082 1346 1135 888,
1361 1070 1394 1123 81
1409 1064 1534 1123 81888888
1545 1079 1603 1121 888
1617 1062 1778 1124 8811888888

129 1156 238 1227 8188881,
251 1174 331 1231 quarn
341 1158 512 1231 19888818888,
524 1166 603 1231 qu'am
619 1160 784 1231 sepulcrum,
799 1175 879 1231 quam
889 1174 919 1215 se
982 1158 1130 1216 audientes
1146 1172 1204 1214 888
1221 1154 1350 1224 8881888,
1371 1154 1520 1211 meandum
1534 1152 1642 1209 isaiam.
1667 1149 1749 1220 Quod
1761 1147 1780 1202 si

130 1247 205 1304 nium
220 1249 348 1320 requietae
361 1257 442 1322 atque
455 1248 928 1321 reconditae⁵⁰aliquussepulturaet
982 1246 1017 1303 81
1042 1247 1149 1302 ludaeos
1171 1245 1198 1301 18
1226 1243 1372 1317 parabolis,
1395 1244 1453 1314 jam
1475 1258 1530 1299 non
1552 1241 1588 1298 ad
1623 1256 1737 1305 omnen
1759 1236 1779 1292 81

129 1330 205 1389 salvo
224 1348 267 1401 eo,
283 1335 357 1406 qnod
371 1341 398 1391 81
424 1334 535 1404 bestias,
551 1335 623 1391 ieros
637 1334 661 1374 ⁵¹
682 1333 739 1407 (11)
758 1335 786 1391 18
801 1333 932 1391 Christia—
983 1350 1038 1392 non
1053 1337 1085 1392 ad
1101 1349 1196 1392 omnes
1209 1333 1238 1390 in
1253 1331 1385 1406 parabolis
1398 1331 1433 1400 ⁵⁴,
1447 1332 1504 1403 jaun
1522 1347 1577 1389 non
1591 1345 1716 1404 semper,
1735 1344 1780 1384 nec

129 1435 194 1475 num
209 1418 252 1477 vel
275 1422 392 1480 maxime
413 1437 513 1480 nomen
536 1423 670 1496 homines,
696 1421 741 1479 vel
758 1422 833 1494 ipsos
850 1423 930 1479 etiam
984 1424 1075 1481 omnia
1089 1422 1236 1497 parabolam
1251 1422 1299 1480 aed
1313 1420 1566 1494 quartinonum
1579 1419 1737 1493 quosdam;
1751 1417 1780 1474 ad

130 1509 282 1584 iniquitatis
301 1514 412 1586 angelos
427 1513 561 1589 figuravit,
577 1514 612 1572 de
630 1514 730 1587 quibus
743 1514 855 1587 sanguis
876 1510 932 1568 exi·
984 1513 1114 1582 quosdam
1129 1517 1228 1577 autam,
1244 1509 1308 1565 dum
1323 1509 1482 1583 adluderes,
1498 1523 1695 1582 nonnunquam
1703 1505 1780 1579 plana

131 1611 212 1676 getur
227 1604 419 1675 pernitionem
443 1607 620 1676 pensandam.
644 1603 697 1673 Qui
719 1619 786 1677 ergo
807 1601 928 1660 discendi
985 1607 1012 1655 et
1030 1600 1063 1655 ad
1086 1599 1244 1671 discipulos.
1269 1599 1330 1655 Sed.
1347 1599 1485 1672 quomodo
1508 1599 1609 1657 reserat
1632 1590 1779 1669 scriptura,

129 1691 217 1766 magis
235 1692 342 1765 881818,
362 1711 442 1766 quam
461 1693 661 1765 praesumendi,
677 1701 704 1749 ot
717 1693 845 1751 credendi
863 1692 928 1747 dili·
981 1690 1139 1747 considera:
1163 1688 1281 1746 11188188
1303 1693 1400 1746 autem
1428 1695 1457 1749 cl
1475 1689 1641 1764 parabolam
1663 1686 1704 1744 cd
1722 1702 1781 1755 ecs,

131 1783 256 1854 gentior,
285 1799 364 1852 quarn
387 1782 585 1851 contendendi,·
604 1791 631 1839 et
653 1782 751 1839 divinae
776 1782 867 1854 polius
887 1796 929 1836 sa·
944 1740 968 1819 n
983 1793 1049 1851 ergo
1072 1789 1100 1836 et
1121 1794 1176 1835 uon
1205 1776 1360 1851 parabolam
1384 1776 1504 1845 dicebat,
1529 1777 1576 1851 qui
1599 1791 1656 1832 non
1681 1783 1782 1831 notare·

130 1869 241 1940 pientiae
264 1871 416 1945 religiosus,
440 1888 521 1943 quam
542 1888 598 1928 888
621 1871 791 1942 libidinosus,
817 1873 930 1929 audieus
983 1876 1027 1925 888
1040 1884 1101 1926 cum
1115 1869 1272 1941 parabolam
1287 1868 1460 1940 loquebatur,
1475 1867 1498 1924 si
1513 1867 1550 1923 ita
1563 1880 1673 1941 semper
1693 1864 1781 1936 loque

131 1957 233 2031 aliquid
244 1974 260 2014 a
272 1960 331 2016 Deo
345 1959 508 2016 destinatum
524 1961 552 2017 18
566 1977 671 2027 carnes,
682 1968 710 2017 et
724 1971 809 2028 88888,
824 1968 851 2017 81
864 1975 930 2016 ner·
983 1959 1071 2017 batur.
1094 1957 1128 2014 111
1141 1965 1231 2015 tamen
1254 1956 1354 2015 nullam
1378 1956 1533 2030 parabolam
1558 1955 1583 1995 ⁵⁵
1608 1969 1677 2022 non,
1692 1960 1739 2010 ant
1752 1952 1781 2008 ab

131 2059 191 2111 vos,
208 2053 235 2102 et
248 2061 320 2118 ossa,
341 2048 416 2104 aliud
435 2049 500 2120 quid
522 2051 581 2107 baec
600 2038 832 2117 commentabitur,
852 2048 931 2122 quasi
983 2046 1044 2119 ipso
1057 2047 1178 2106 invenias
1193 2046 1387 2113 edissertatam,
1402 2052 1432 2101 ut
1446 2045 1481 2101 de
1495 2044 1658 2101 seminatore
1668 2042 1700 2099 in
1714 2039 1782 2099 verbi

132 2147 187 2189 non
202 2134 229 2190 iu
252 2137 387 2193 homiuem
412 2139 570 2212 destinetur,
587 2140 659 2212 quod
674 2139 701 2195 in
719 2139 786 2197 18888
808 2139 930 2197 substan·
985 2136 1237 2205 administratiooe3
1252 2143 1322 2192 8888
1335 2141 1546 2191 commentatore
1559 2131 1706 2209 Evangelii
1721 2146 1782 2202 888

132 2221 183 2277 tias
204 2224 388 2295 praedicatur?
404 2229 458 2283 but
476 2227 547 2285 enim
563 2229 629 2284 nibil
650 2228 828 2285 inhominem
849 2228 932 2285 desti·
986 2224 1153 2297 luminatum,
1168 2231 1198 2280 ut
1209 2223 1310 2295 judicis
1324 2223 1446 2297 superbi,
1464 2231 1492 2279 et
1504 2222 1595 2282 viduae
1610 2221 1737 2279 instantis
1754 2218 1782 2274 81

132 2319 223 2382 88888,
239 2328 294 2369 888
317 2313 461 2371 liberalitas
481 2316 568 2388 regui,
596 2331 650 2372 nou
674 2316 803 2373 severitas
822 2315 930 2387 judicii,
985 2315 1213 2386 perseverantiam
1238 2313 1453 2379 orationis;aut
1475 2309 1547 2368 81888
1570 2309 1781 2380 conjectandam

133 2414 189 2456 non
213 2405 402 2474 quodcumque
421 2414 462 2461 est
481 2405 642 2461 resurrectio
657 2414 702 2462 aut
715 2405 739 2461 ai
753 2405 779 2460 in
795 2405 932 2461 homiuem
986 2412 1016 2459 ut
1028 2402 1133 2460 arboris
1151 2401 1195 2460 lici
1217 2402 1307 2458 dilatae
1317 2400 1346 2459 in
1360 2417 1445 2473 spem,
1461 2401 1495 2457 ad
1512 2402 1595 2456 instar
1608 2398 1733 2457 Judaicae
1747 2397 1782 2452 iu·

134 2489 294 2562 destinatur,
319 2508 428 2548 necesse
452 2504 494 2549 est
517 2495 545 2549 in
560 2510 605 2550 eas
629 2494 792 2551 substantias
812 2495 931 2550 destiue-
986 2491 1189 2549 fructuositatis.
1205 2489 1285 2562 Quod
1307 2489 1331 2546 si
1354 2507 1403 2547 nec
1427 2490 1563 2562 parabolae
1585 2486 1782 2546 obumbrant⁵⁶

137 2585 190 2648 tur,
205 2595 237 2634 ex
252 2578 348 2652 quibus
363 2582 444 2637 bomo
458 2583 643 2649 structusest,
659 2583 686 2637 iu
710 2599 789 2655 88888
812 2582 934 2638 destina·
986 2580 1126 2653 Evangelii
1140 2580 1247 2646 lucem;
1262 2586 1337 2636 88818
1351 2577 1438 2643 abest,
1452 2584 1483 2635 ut
1497 2577 1637 2635 sententiae
1652 2586 1682 2634 et
1695 2573 1783 2632 delini·

134 2676 188 2725 888.
204 2669 273 2724 11188
292 2669 370 2725 etiam
385 2671 419 2724 de
439 2670 618 2743 argutissimis
641 2671 700 2726 istis
722 2672 933 2727 demutatoribus
987 2668 1212 2742 tiones‚t,quarum
1227 2673 1319 2741 aperta
1333 2676 1429 2724 natura
1444 2675 1496 2734 est,
1507 2667 1582 2724 aliter
1598 2683 1683 2740 quarn
1696 2673 1784 2722 888881

135 2757 249 2826 ossium,
271 2767 297 2812 et
319 2758 458 2826 carutium
474 2768 500 2815 et
521 2774 679 2829 nervorum,
703 2768 730 2816 et
749 2760 934 2831 sepulcrorum
987 2760 1103 2833 sapiant.
1123 2759 1332 2817 Definitionibus
1351 2766 1442 2815 autem
1456 2765 1483 2815 et
1502 2757 1643 2816 sententiis
1656 2756 1783 2814 Dominus

136 2845 246 2918 requiro
270 2862 317 2902 cur
338 2847 361 2901 si
385 2848 495 2918 quaudo
519 2849 546 2903 in
562 2848 676 2905 enimam
691 2848 755 2919 quid
773 2848 933 2921 pronuntia·
990 2849 1080 2920 edicit,
1104 2849 1162 2908 sivo
1183 2849 1312 2919 judicium
1337 2847 1392 2904 sive
1415 2864 1529 2920 regnum
1551 2847 1612 2912 Dei,
1628 2846 1784 2904 818888888-

136 2941 180 2989 888
203 2935 270 3006 (aa),
293 2934 357 2990 nibil
384 2936 457 2992 alind
485 2936 600 2992 animaru
626 2937 855 3009 interpretantur,
885 2952 935 2994 nec
987 2941 1150 2995 rectionem:
1171 2938 1351 2996 Tolerabilius
1361 2936 1641 3009 eril,inquit(llottlt.
1656 2937 1711 3004 xi),
1725 2936 1784 3007 Tyro

138 3021 328 3093 transfigurant
346 3022 371 3062 ⁵²
398 3040 458 3079 eam
476 3024 504 3079 in
526 3025 634 3081 alterius
658 3025 698 3080 rei
724 3033 933 3101 argumentum3
951 3039 973 3119 c
986 3031 1041 3098 (51)
1055 3033 1083 3085 88
1097 3029 1194 3086 Sidoni
1201 3028 1233 3083 88
1246 3026 1291 3082 die
1297 3024 1404 3097 judicii
1415 3047 1425 3096 ;
1435 3025 1578 3097 et(ldotlb.
1590 3024 1620 3095 x]
1633 3021 1733 3080 :8⁴2
1746 3022 1785 3078 Di·

138 3124 200 3164 curn
215 3124 278 3167 vero
293 3111 321 3167 18
335 3111 451 3181 aliquam
465 3113 583 3184 speciem
598 3114 766 3185 corporalem
790 3115 854 3187 quid
874 3115 935 3170 edi·
991 3117 1075 3175 eicite
1086 3117 1155 3182 illis,
1179 3115 1252 3190 qaod
1265 3115 1533 3187 appropinquaverit
1550 3129 1673 3185 8888888
1687 3112 1748 3179 Dec,-
1761 3117 1787 3164 at

138 3198 221 3268 ditur,
237 3200 328 3255 omnia
342 3200 432 3272 potios
446 3209 609 3272 asseverant,
620 3219 701 3275 quam
722 3205 794 3275 quod
813 3205 937 3260 nomina·
991 3204 1072 3275 (Luc.
1087 3207 1146 3274 xiv)
1158 3222 1165 3260 ε
1177 3206 1359 3265 debebantur
1374 3204 1426 3260 tibi
1440 3206 1472 3259 ia
1486 3201 1787 3273 resurrectioacjosto·

138 3284 291 3344 1881811
310 3287 339 3344 si
357 3289 508 3360 corporalia
521 3289 657 3360 parabola
671 3289 739 3362 (19),
756 3305 823 3365 ergo
837 3297 864 3346 81
877 3289 937 3346 881·
992 3309 1067 3351 rom.
1082 3293 1111 3349 Si
1124 3293 1584 3359 88818881881818558888888888,
1600 3288 1686 3345 idest
1700 3283 1785 3359 indicii

138 3374 239 3445 mulia;
267 3375 291 3432 81
317 3392 372 3433 888
396 3387 422 3434 81
445 3377 585 3447 animalia,
609 3392 676 3451 ergo
698 3393 750 3436 nec
775 3378 935 3449 8888888118.
992 3376 1786 3456 8188881181,8188888888118818,8881111888881188888

139 3465 205 3522 Tam
227 3465 301 3522 enim
317 3479 417 3536 corpus
436 3468 528 3536 bomo,
552 3481 634 3538 qnam
656 3473 684 3523 et
707 3464 805 3534 881888,
829 3473 859 3523 81
881 3480 937 3523 888
991 3469 1082 3528 bolam
1095 3470 1236 3544 comprimi
1248 3472 1346 3545 posait3
1358 3486 1408 3528 nec
1422 3484 1455 3527 ea
1467 3468 1495 3523 in
1510 3467 1652 3540 parabolas
1664 3465 1784 3538 compd-

141 3554 226 3627 possit
239 3555 327 3612 altera
340 3554 446 3629 species
468 3553 611 3611 admittere
624 3552 776 3626 aenigmata,
792 3554 876 3611 altera
887 3570 937 3611 ex·
991 3561 1090 3627 188888,
1106 3576 1168 3634 quae
1183 3561 1218 3617 ad
1230 3560 1434 3633 dispositionem
1446 3558 1481 3629 ⁵⁸,
1492 3563 1521 3614 et
1529 3555 1751 3624 transactionem,
1760 3560 1785 3610 et

142 3642 258 3700 cludere.
991 3648 1144 3722 passionem
1166 3648 1255 3725 regni,
1274 3649 1386 3724 iudicii,
1411 3655 1437 3705 et
1460 3643 1666 3704 resurrectionis
1690 3640 1786 3716 praedi·

409 3783 523 3842 CAPUT
543 3782 662 3841 xxm
993 3747 1089 3797 888888
1103 3739 1178 3812 (11);
1193 3747 1275 3812 atque
1295 3738 1333 3797 ita
1350 3735 1504 3810 corporalia
1518 3733 1700 3791 defendantur
1713 3733 1750 3802 ⁵⁹,
1762 3736 1789 3788 ut

664 3827 672 3841 '
995 3827 1183 3901 corporalibus
1205 3827 1345 3899 destinata,
1368 3825 1396 3882 id
1411 3831 1462 3896 est,
1476 3838 1533 3880 non
1556 3820 1719 3894 spiritualia,
1731 3820 1791 3893 qnia

179 3907 251 3966 Satis
264 3907 322 3966 lucc
347 3908 381 3965 88
403 3907 562 3980 prophetico
585 3908 779 3968 instrumento:
797 3912 830 3968 sd
850 3913 940 3970 11888-
995 3930 1049 3972 888
1077 3915 1191 3988 figurata
1218 3919 1283 3986 (11).
1309 3918 1380 3974 Nam
1408 3923 1437 3973 et
1458 3913 1520 3970 ideo
1545 3910 1753 3985 praestruximus
1767 3908 1790 3948 ⁵⁰

825 4049 924 4114 Variae
938 4052 1095 4116 lectiones.

179 4165 406 4226 ⁴⁵1ledlvibitione
426 4171 506 4225 Pam.
531 4171 615 4226 Fran.
632 4168 764 4224 *51188888
785 4186 819 4226 ue
832 4171 1018 4234 substantiam.
1035 4189 1143 4230 carnem
1156 4181 1236 4245 atque
1249 4173 1367 4229 animam
1380 4173 1442 4244 1188.
1461 4171 1521 4228 reu.
1537 4165 1719 4225 11Ε88881188
1733 4169 1791 4223 181.

144 4239 169 4278 '¹⁹
178 4239 238 4309 Qua
248 4240 290 4296 881
300 4239 377 4310 quasi
392 4242 479 4323 11188.
494 4240 520 4279 59
532 4240 654 4297 Conditae
670 4187 852 4298 1118818881.
867 4243 890 4282 ⁵¹
905 4243 1182 4304 1188818818888111188.
1198 4244 1283 4302 Semi.
1298 4244 1323 4282 ⁵²
1337 4241 1510 4314 Transfigunt
1524 4239 1612 4297 111888.
1630 4240 1693 4310 aaa.
1710 4237 1791 4296 Sciat.

149 4310 215 4368 ten.
226 4310 252 4349 ⁵³
263 4310 307 4366 dd
318 4311 383 4371 818.
399 4311 559 4384 1188511888
583 4327 609 4366 8.
628 4327 654 4366 8.
671 4326 766 4368 omnes
780 4313 803 4368 si
818 4330 846 4367 n.
857 4315 924 4369 ado.
940 4313 968 4369 in
983 4315 1117 4386 parabolis
1132 4317 1261 4373 8188818
1280 4313 1549 4373 1885515888881888
1564 4311 1642 4367 abest
1656 4326 1675 4364 a
1689 4311 1756 4365 Por.
1771 4307 1793 4345 ⁵⁶

144 4380 416 4512 ssdfflgasnltvssl'ulea.
435 4384 520 4442 Semi.
535 4380 793 4441 591888181811888.
810 4384 1165 4457 Scml.⁵⁸Dispensationem
1180 4389 1239 4460 Rip.
1248 4386 1273 4426 59
1284 4385 1470 4442 Defendentur
1479 4386 1559 4440 Pam.
1574 4380 1793 4440 1118859188·

171 4474 177 4507 Ι
381 4495 387 4510 a

842 4559 1090 4628 Commentarius.

184 4684 241 4754 (11)
258 4685 378 4743 Saluoco
392 4685 464 4758 qood
478 4684 626 4751 elleslius,
638 4685 722 4753 88888,
739 4689 791 4765 etc.
806 4683 866 4739 Nou
876 4684 939 4741 aba·
958 4700 981 4781 n
996 4686 1204 4758 interpretantes
1228 4672 1342 4758 tigbrate
1358 4681 1558 4764 888888881188,
1574 4697 1624 4738 cnr
1638 4695 1695 4736 non
1711 4685 1739 4737 et
1753 4693 1795 4738 ea.

145 4773 198 4828 que
218 4755 306 4827 aliqua
329 4755 416 4812 ironia
439 4757 497 4811 baec
520 4756 590 4810 dicta
604 4770 619 4808 a
633 4753 802 4810 Tertulliano
815 4755 940 4812 subindi-
996 4774 1058 4829 quae
1082 4759 1115 4813 de
1140 4759 1236 4812 animae
1261 4756 1460 4815 resurrectione
1482 4757 1617 4819 dicuntur,
1643 4751 1797 4807 extendunt

144 4836 206 4883 cant
224 4828 293 4882 hanc
316 4825 559 4898 interpretationem
583 4825 768 4882 baereticorum
791 4824 826 4879 ad
852 4824 941 4883 locum
995 4830 1027 4885 ad
1042 4829 1163 4898 eorpus?
1178 4827 1244 4883 Lac.

145 4898 214 4954 Gen.
231 4913 273 4960 ux,
288 4913 367 4967 quem
383 4913 469 4966 nuper
489 4897 637 4953 insinuavit
654 4897 766 4964 ductor,
780 4904 807 4951 et
820 4911 877 4966 cap.
893 4899 938 4967 18,
1029 4899 1087 4968 (111)
1102 4900 1291 4964 Tolerabilius,
1307 4899 1412 4969 iuquit,
1423 4899 1480 4954 eril
1491 4899 1568 4968 Tyro,
1580 4902 1633 4949 otc.
1650 4892 1747 4949 1188118.
1756 4907 1796 4971 88.

145 4973 268 5022 attulerat
282 4967 315 5022 ad
343 4967 510 5036 probandam
533 4968 614 5025 etiam
637 4967 870 5024 resurrectionem.
886 4966 940 5023 Sed
993 4966 1051 5024 Vox
1078 4970 1175 5026 Graeca
1198 4970 1361 5042 ἀνεκτότερον,
1392 4967 1578 5034 tolerabilius,
1608 4963 1689 5020 sicuti
1719 4967 1800 5017 vertit

145 5038 279 5109 effugium
304 5038 490 5096 baereticorum
517 5040 606 5095 statim
633 5041 716 5111 coepit
734 5047 889 5109 retorquere
912 5037 940 5093 in
994 5041 1105 5111 ductor,
1120 5043 1309 5110 irremissius,
1319 5040 1400 5096 veluti
1415 5040 1532 5110 Vulgata
1545 5035 1638 5101 editio,
1649 5032 1798 5106 significat.

31 5108 36 5115 “
145 5108 293 5163 11188188.
994 5111 1064 5167 Paci.

181 5178 238 5250 (18)
249 5180 457 5252 1888888888
475 5181 507 5236 ta
526 5183 654 5238 8888888
677 5179 743 5263 quid
766 5179 940 5253 pronunlia-
1029 5183 1085 5254 (51)
1102 5183 1213 5251 Qcaeod
1225 5185 1385 5257 8888188888
1398 5179 1614 5239 resurrectionis
1630 5175 1798 5250 praedicara-

147 5254 205 5316 tar,
220 5261 272 5307 etc.
291 5251 500 5308 18811888188888
515 5253 548 5309 ab
568 5251 710 5317 baereticis,
722 5264 822 5312 88888,
838 5248 941 5321 quaein
996 5256 1053 5308 tor.
1071 5255 1106 5309 Ut
1120 5254 1190 5311 libro
1204 5254 1237 5310 88
1256 5253 1412 5326 1888881188
1427 5251 1553 5310 velandis
1573 5247 1735 5321 passionem
1751 5262 1799 5302 nn·

146 5321 283 5392 Scriptura
297 5322 425 5379 dicuntur
437 5325 472 5380 de
486 5324 618 5395 corporali
633 5321 840 5389 resurrectione,
856 5319 941 5373 inter·
994 5322 1119 5394 ptiarum,
1135 5325 1172 5380 ita
1198 5325 1242 5382 bic
1266 5325 1420 5396 passionem
1445 5319 1652 5379 resurrectionis
1674 5318 1756 5383 dicit,
1769 5323 1798 5370 ut

147 5400 285 5463 pretentnr
300 5401 332 5448 88
345 5396 445 5465 anima,
459 5402 486 5450 et
500 5409 531 5449 88
548 5408 616 5465 ,888
639 5392 673 5446 18
695 5391 783 5446 anima
804 5389 939 5460 dicuutur,
993 5394 1128 5466 significet
1141 5396 1197 5452 vim
1211 5396 1284 5451 illam
1298 5396 1377 5467 plane
1392 5393 1521 5457 divinam,
1546 5390 1719 5447 inferendam
1734 5405 1798 5446 eor·

145 5465 218 5520 nulio
234 5472 310 5534 pacto
325 5465 407 5520 velint
422 5466 450 5520 in
464 5478 563 5536 corpus
577 5461 738 5519 redundare.
749 5461 814 5517 Lac.
993 5465 1106 5538 poribus
1120 5468 1268 5524 animarum
1283 5468 1317 5522 ad
1331 5467 1391 5539 ipsa
1404 5465 1501 5522 reditu.
1517 5465 1579 5519 1188.

180 5535 241 5604 (ts)
255 5536 285 5592 Si
300 5536 457 5607 corporolia
479 5532 630 5607 parabata.
646 5532 676 5588 Si
695 5547 755 5605 quae
778 5531 813 5588 de
826 5545 941 5602 corpore
1029 5538 1425 5612 (11)118888888888188,8888
1438 5536 1640 5609 8881888888.
1656 5534 1720 5590 Ute
1732 5546 1800 5590 cou-

56 5679 58 5681 ,
144 5606 345 5675 11111ᾱὶ111111,
372 5613 435 5662 sunt
461 5603 691 5677 1191191911515(1
719 5603 878 5674 haef⁵liss⁰⁸2
907 5618 941 5661 0⁸
995 5609 1075 5668 trario
1092 5608 1209 5683 figurata
1226 5616 1299 5681 sunt,
1324 5625 1386 5683 que
1404 5608 1444 5666 sio
1466 5608 1501 5664 de
1518 5619 1636 5678 corpore
1656 5603 1795 5668 dicamur,
