3840 6134
200 302 237 362 95
549 300 771 363 tantottttrtt
791 299 925 363 oraton
943 299 1027 363 etha
1046 302 1083 362 11.
1103 333 1138 344 -
1156 303 1271 363 salitas
1290 303 1311 370 l.
1332 303 1504 365 totthtct.
1811 311 1849 371 96

201 426 287 484 libero
318 424 415 496 capite,
443 434 635 484 coronamento
667 427 695 483 in
723 442 802 482 manu
830 428 919 484 otioso
943 428 995 499 (5).
1013 442 1036 521 Α
1051 434 1173 483 russatus
1208 428 1350 500 sanguinis
1377 428 1419 486 sui
1460 445 1507 502 spe
1536 430 1615 503 (lt),
1640 433 1776 491 calceatae
1816 436 1851 493 de

202 514 319 589 Vulgata
331 516 388 586 jam
409 523 437 573 et
459 516 510 572 ista
525 516 665 585 disciplina
684 515 899 596 Christianorum
924 519 996 574 relu·
1052 516 1192 590 Evangelii
1209 528 1332 587 paratura
1355 517 1423 588 (13),
1449 519 1603 576 succinctus
1623 522 1746 579 acutiore
1764 525 1851 581 verbo

202 604 280 661 oehat
302 605 323 659 ².
347 606 470 678 Denique
513 606 612 678 singuli
647 606 801 679 designare,
835 613 863 661 et
891 606 1001 663 eludere
1053 605 1521 677 liei,totusdehpostoloarmatus
1548 608 1658 682 (lipltes.
1684 627 1723 678 vt,
1754 613 1800 684 ll)
1824 621 1851 669 et

198 685 331 761 eminus,
368 694 523 752 infrendere
563 692 698 754 oomioua.
732 697 850 751 Μιιιιιιι
890 695 1000 751 ιιίιιιο
1052 694 1217 766 demartprii
1240 695 1354 751 eandida
1375 696 1667 766 meliuseoronandus,
1690 701 1851 758 donativum

201 780 384 853 delcrturffi).
402 792 430 838 et
454 798 571 853 persona
589 785 644 853 iam
670 784 813 840 exordiae
836 791 996 841 accesserat.
1053 781 1152 838 Christi
1179 785 1207 838 in
1244 800 1352 841 carcere
1389 793 1532 855 exspectat
1572 785 1675 842 Exinde
1710 792 1851 847 sententie

203 869 457 927 Statimtribunns:
475 872 538 939 Cur,
555 872 651 944 inquit,
670 881 721 928 tam
738 872 999 930 diuersushahitu?
1052 887 1135 941 super
1153 872 1210 940 illo,
1238 873 1327 930 nescio
1364 889 1398 928 an
1440 874 1664 942 Christianorum,
1696 894 1750 934 non
1779 880 1851 936 enim

201 958 316 1033 Negavit
328 960 373 1016 ille
395 976 456 1017 cum
474 961 581 1018 cacteris
605 962 657 1017 sibi
683 963 893 1032 licere3enusaa
915 980 999 1030 expo·
1051 960 1111 1016 aliae
1137 962 1315 1029 ethnicorum,
1343 971 1374 1018 ut
1394 962 1428 1019 de
1450 965 1574 1035 abrupto,
1600 972 1627 1018 et
1654 965 1796 1038 praecipiti,
1825 977 1852 1024 et

201 1047 326 1114 stulatus,
354 1048 523 1106 Christianus
550 1068 619 1116 sum,
656 1053 804 1122 respondit.
830 1051 853 1109 0
886 1051 998 1107 militam
1053 1049 1122 1104 mori
1151 1051 1257 1122 cupido,
1287 1052 1332 1122 qni
1362 1051 1396 1106 de
1427 1051 1519 1107 habitu
1543 1052 1722 1128 interrogatus
1750 1056 1852 1113 nomini

202 1134 230 1190 iu
245 1136 302 1193 Deo
316 1138 628 1216 gloriosumlsuilrugiu
643 1140 751 1211 exinde,
765 1150 792 1197 et
806 1156 849 1197 res
862 1142 998 1210 ampliata,
1052 1140 1190 1211 pugnatum
1221 1139 1338 1197 lecerit:
1371 1141 1449 1196 solos
1478 1140 1581 1199 scilicet
1603 1142 1691 1207 tortis,
1716 1145 1786 1199 inter
1814 1153 1852 1202 tot

202 1234 304 1282 etreus
322 1228 522 1300 adpraelectos.
548 1232 585 1299 (t)
601 1229 702 1285 ibidem
724 1229 896 1304 gravissimas
910 1245 998 1300 penu-
1054 1228 1149 1284 iratres
1176 1227 1371 1284 commilitones
1403 1231 1477 1285 solus
1501 1229 1677 1289 Christianus.
1707 1233 1789 1290 Plane
1803 1250 1850 1290 su·

203 1310 242 1370 las
270 1316 369 1388 posuit,
395 1318 505 1373 relevari
530 1319 682 1388 auspicatus
714 1320 764 1388 (8),
793 1318 999 1389 speculatoriam
1052 1326 1141 1388 perest
1156 1316 1277 1372 uterium
1303 1317 1429 1389 martyria
1451 1334 1577 1376 recusare
1602 1321 1777 1389 meditentur,
1805 1325 1850 1395 qui

202 1404 413 1459 morosissimam
428 1407 462 1461 de
477 1403 718 1477 pettibnsabsolrit
738 1406 788 1477 (a),
804 1414 883 1463 terrae
898 1415 999 1463 taneta
1050 1407 1207 1477 prophetias
1247 1405 1368 1476 ejusdem
1397 1406 1516 1477 Spiritus
1553 1408 1639 1464 sancti
1675 1421 1849 1481 respuerunt.

202 1489 326 1548 insistere
347 1492 487 1566 incipiens,
517 1495 635 1569 gladium
663 1511 711 1553 nec
737 1494 884 1550 Dominicae
906 1493 998 1550 deien-
1051 1497 1190 1550 Mussitant
1204 1495 1321 1566 denique
1336 1495 1538 1552 tnmhouamet
1556 1496 1664 1571 longam
1688 1499 1741 1554 sihi
1758 1516 1852 1571 pacem

201 1580 272 1635 sioni
292 1582 472 1638 narrantum
487 1584 544 1656 (to)
559 1584 675 1640 reddidit
689 1584 801 1658 (natet.
825 1599 905 1652 xxrt,
920 1585 992 1657 52):
1049 1582 1204 1656 periclitari.
1232 1582 1289 1638 Nec
1315 1583 1407 1640 dubito
1450 1585 1578 1656 quosdam
1615 1585 1770 1657 Scripturas
1795 1590 1852 1662 (tt)

200 1668 294 1726 laurea
312 1678 339 1725 et
356 1671 390 1728 de
416 1688 499 1729 mana
523 1674 535 1713 ³
560 1670 613 1730 tt
634 1673 760 1729 corruit*
777 1673 845 1745 (ll).
873 1673 907 1729 tn
924 1688 995 1729 nnnc
1047 1672 1190 1743 emigrare,
1204 1671 1321 1729 sarcinas
1347 1672 1485 1746 expedire,
1501 1672 1572 1748 iugae
1594 1675 1699 1747 accingi
1723 1676 1757 1731 de
1780 1676 1851 1733 eiri-

238 1821 250 1860 2
265 1820 379 1903 Quidam
395 1822 449 1880 illic
463 1823 551 1895 magia
565 1824 613 1880 Dei
630 1826 716 1881 miles.
733 1824 745 1863 ³
759 1824 788 1879 ln
800 1745 986 1881 manum
999 1746 1178 1895 ultilcgtifanjeasm
1187 1833 1215 1880 et
1228 1824 1281 1880 ista
1294 1822 1432 1894 disciplina
1446 1822 1596 1880 Christiano
1612 1825 1754 1882 relucebat.
1764 1826 1847 1884 Dani·

203 1908 256 1966 que
274 1895 374 1967 amguli
389 1895 534 1966 designare
543 1905 570 1952 et
583 1895 685 1951 ludere.
701 1896 832 1952 lcorruit
851 1896 1133 1954 Wramctarutttnn.

901 1965 1152 2030 Commentarius.

238 2043 277 2115 (d)
292 2044 496 2105 Coronomenlo
518 2049 550 2103 in
564 2063 654 2103 monn
674 2048 773 2104 otioso.
799 2045 926 2102 Otiosum
939 2045 1003 2103 dicit
1018 2061 1041 2138 Β
1055 2045 1220 2111 colatorium,
1244 2051 1272 2100 et
1285 2043 1365 2100 simul
1381 2045 1466 2116 erepit
1490 2052 1568 2101 tetrae
1595 2051 1686 2103 sancte
1711 2045 1848 2116 insistere,

203 2113 297 2171 inutile
312 2125 337 2172 et
350 2116 481 2188 ineptum.
498 2116 543 2174 Sic
557 2118 593 2175 nd
607 2133 751 2176 onorem:
768 2117 871 2172 «Nobis
886 2117 1001 2175 otiosum
1056 2116 1108 2174 hoc
1122 2125 1173 2180 est,
1188 2115 1215 2169 in
1243 2115 1302 2186 ipso
1325 2115 1439 2198 vestigio
1456 2126 1567 2173 mortem
1581 2132 1631 2189 pre
1646 2117 1744 2174 Christi
1764 2120 1849 2174 nomi·

202 2184 301 2242 liberos
329 2202 430 2254 serere,
456 2209 468 2240 a
490 2189 540 2245 hoe
567 2197 615 2255 est,
631 2188 788 2245 Christianis
816 2187 909 2244 inethe
921 2197 961 2243 est
976 2196 1004 2244 et
1056 2205 1090 2243 ne
1104 2187 1208 2243 fortiter
1221 2194 1358 2256 oppetere,
1378 2196 1459 2242 uttam
1473 2203 1553 2258 agere
1577 2198 1697 2244 sanctam
1723 2196 1750 2245 et
1775 2189 1852 2246 iuno·

203 2256 324 2329 ineptum
352 2258 448 2317 liberos
472 2275 572 2330 serere,
596 2261 660 2317 dum
675 2259 752 2317 aaerit
774 2260 801 2315 in
824 2258 1002 2316 Christianum
1055 2267 1172 2323 centem,
1209 2257 1291 2330 longa
1326 2257 1477 2314 absimilem
1510 2259 1706 2331 speculatoriae,
1735 2275 1796 2331 (ιιι
1823 2271 1849 2317 ιι

203 2342 301 2384 nornen
316 2337 456 2399 tyrannus.
473 2332 534 2388 tha.
1055 2329 1236 2386 carnificinam
1263 2328 1296 2384 ad
1325 2328 1424 2384 tribuni
1450 2338 1542 2386 nutum
1562 2333 1723 2403 plerumque
1742 2331 1846 2406 agebat.

238 2400 275 2470 (lit
291 2402 419 2459 durinna-
434 2404 547 2461 tribano
561 2402 699 2474 defertur.
712 2401 758 2458 Sic
773 2403 854 2458 hahet
867 2398 1003 2470 exemplar
1055 2400 1118 2457 lita.

202 2469 351 2598 Agebardi.
375 2474 402 2527 lu
417 2475 511 2530 codice
533 2474 699 2540 Ditiononsi,
720 2482 746 2528 et
760 2471 876 2546 vulgatis
902 2471 1001 2527 editio·
1091 2474 1145 2542 llll)
1161 2470 1291 2529 Gladium
1305 2486 1356 2528 nec
1375 2470 1530 2529 Dominicoe
1543 2471 1700 2544 defensioni
1726 2487 1850 2531 necesse

204 2542 231 2597 ni
251 2544 322 2599 usle
344 2545 396 2601 itur
413 2563 421 2600 a
440 2565 451 2594 ι
468 2547 601 2602 Continuo
624 2560 745 2601 murmur
769 2546 877 2600 tribuno
910 2541 1002 2598 defer·
1055 2542 1306 2600 rinmhlluditad
1332 2542 1397 2596 illud
1413 2541 1511 2598 Christi
1539 2544 1571 2599 ad
1596 2543 1703 2600 Petrum
1733 2558 1740 2599 :
1772 2545 1850 2601 llitle

204 2621 288 2669 tur.»
319 2614 447 2687 Sntttqui
470 2615 563 2671 malint
588 2616 754 2690 distinguere
784 2632 790 2672 :
818 2634 831 2667 n
867 2613 1001 2669 Continuo
1054 2615 1185 2688 gladium
1196 2618 1278 2670 lutam
1297 2613 1330 2668 in
1343 2615 1485 2686 copinam.
1504 2615 1541 2668 De
1559 2629 1614 2686 quo
1626 2614 1704 2669 etiam
1719 2614 1848 2687 Augusti·

202 2699 325 2740 murmur
353 2686 463 2742 tribuno
484 2687 631 2744 deleretur.
662 2708 674 2739 ι
704 2685 758 2741 Sed
787 2685 828 2741 his
850 2683 920 2740 idem
948 2684 1001 2741 diei
1055 2701 1117 2756 nus,
1133 2686 1222 2757 Epist.
1239 2685 1275 2741 od
1294 2684 1599 2742 Vincentittmtal‘etri
1613 2685 1758 2758 gladiuein
1773 2685 1852 2757 ιιςί-

202 2756 355 2824 ιίιιιίιιι;
375 2773 437 2813 nam
460 2759 624 2830 infrendere
642 2760 772 2817 eominus
795 2766 838 2813 est
857 2772 1000 2813 mnrmttr.
1054 2772 1116 2811 nam
1130 2767 1272 2813 revocatur
1285 2771 1301 2810 a
1315 2756 1430 2818 Christo.
1446 2766 1473 2811 et
1482 2759 1631 2812 ostenditur
1649 2772 1702 2811 non
1721 2756 1848 2812 oehttisse

205 2827 267 2886 lira.
1054 2832 1088 2882 de
1104 2844 1135 2884 aa
1158 2828 1201 2883 'na
1221 2825 1313 2893 eximi,
1330 2842 1381 2883 uec
1394 2841 1444 2897 pro
1463 2827 1580 2883 Christo.
1597 2845 1609 2880 ι
1625 2826 1739 2898 Nempe,
1756 2837 1786 2881 ιι
1812 2827 1850 2883 ait

239 2898 277 2966 ll)
292 2900 380 2956 Etres
398 2901 549 2973 ampliato,
560 2900 790 2974 etrensodproes.
807 2898 892 2953 Vetus
908 2913 999 2954 exem·
1054 2845 1236 2954 Tertuffianus
1249 2898 1296 2952 lib.
1321 2897 1353 2954 de
1367 2898 1521 2963 Patientia,
1538 2914 1601 2972 pag.
1618 2901 1687 2954 teo:
1706 2917 1717 2947 n
1743 2896 1849 2953 Patien-

204 2971 263 3041 plar
278 2968 317 3025 sie
339 2971 448 3025 omnino
471 2970 574 3027 habet:
593 2992 604 3022 ι
621 2973 654 3027 Et
667 2987 709 3026 res
723 2987 765 3025 am
770 3008 824 3027 .....
841 2978 867 3024 ιι
882 2978 910 3023 ιι
936 2984 1000 3025 rcus
1055 2970 1090 3024 tia
1112 2969 1219 3026 Domini
1242 2970 1268 3022 in
1286 2967 1388 3025 Malcho
1402 2968 1543 3025 vulnerata
1556 2976 1606 3026 est.
1632 2987 1646 3021 a
1670 2969 1760 3040 ltaque
1788 2969 1847 3023 Do-

151 3062 154 3066 ·
203 3037 358 3111 adpraei.»
383 3040 460 3098 Unde
480 3042 584 3114 opinari
611 3041 691 3098 liceat
705 3040 901 3099 Tertullianum
916 3041 1001 3110 serip-
1053 3041 1143 3096 minus
1179 3049 1206 3094 et
1242 3037 1325 3112 gladii
1351 3053 1435 3110 opera
1471 3039 1608 3096 maledixit
1645 3040 1672 3095 in
1701 3047 1848 3111 posterum.

205 3109 297 3167 deae:
316 3131 328 3161 a
346 3111 378 3167 Et
395 3127 440 3168 ree
461 3113 588 3185 ampliata
602 3121 630 3169 et
659 3128 721 3168 reus
752 3112 786 3166 ad
815 3109 890 3181 proel.
916 3112 1001 3167 allae
1053 3111 1198 3167 Exarmato
1224 3111 1315 3177 Petro,
1349 3124 1458 3166 omnem
1481 3111 1663 3169 Christianum
1709 3108 1846 3165 discinxit.

204 3180 325 3253 ampliari
337 3181 447 3249 dieitur,
460 3186 537 3253 eujus
550 3183 670 3257 cognitio
683 3183 711 3240 iu
726 3183 799 3238 aliud
815 3188 931 3252 tempus,
958 3182 999 3236 trel
1053 3182 1215 3238 Βιιιιτιιι.

206 3252 239 3308 ad
267 3251 339 3310 aliud
359 3254 478 3311 tribuual
501 3255 622 3325 rejicitur
648 3263 695 3309 aut
721 3251 876 3309 remittitur.
907 3253 999 3325 ltaque
1089 3254 1145 3322 (lli
1157 3254 1265 3310 Locren
1278 3256 1306 3309 el
1319 3251 1446 3308 demente
1460 3252 1576 3310 claruit.
1591 3252 1659 3306 Nam
1678 3265 1807 3306 coronam
1820 3249 1848 3306 in

206 3325 244 3380 rei
265 3325 290 3378 in
312 3324 422 3395 Jndiciia
436 3326 607 3391 damnantur,
623 3325 810 3383 absolvuntur,
825 3321 998 3390 ampliantur,
1016 3339 1132 3419 emano
1147 3325 1265 3405 gerebat,
1278 3322 1379 3378 ideireo
1393 3324 1482 3378 laurea
1492 3324 1526 3377 de
1537 3337 1617 3378 manu
1630 3321 1737 3389 claruit,
1754 3320 1847 3386 idest,

203 3394 391 3450 amburentur.
417 3394 540 3450 Damnati
563 3397 606 3452 vel
633 3394 749 3451 absoluti
763 3399 908 3449 occurrunt
934 3409 1000 3465 pas·
1054 3395 1125 3450 clara
1139 3409 1196 3450 ersa
1209 3403 1259 3461 est,
1276 3404 1302 3449 at
1316 3409 1371 3448 non
1385 3393 1530 3465 decapite,
1549 3394 1621 3465 quod
1646 3392 1762 3450 liberum
1777 3402 1847 3448 erat.

205 3464 477 3534 simhmpliatorum
506 3465 631 3548 exempla
656 3475 719 3519 sunt
741 3462 812 3535 atiud
827 3462 942 3533 Litium,
973 3463 1000 3519 in
1054 3466 1150 3522 Μιιιι.

206 3535 243 3591 ltb
257 3551 320 3603 ιιι,
338 3536 383 3591 ιιι
396 3537 429 3591 de
442 3536 478 3591 Μ.
495 3535 616 3592 Titinnto
633 3553 641 3592 ε
660 3553 672 3588 ι
689 3537 733 3590 Bis
746 3535 898 3603 ampliatus,
922 3535 1000 3591 tertio
1089 3535 1148 3606 (tt)
1163 3536 1453 3607 Ruscntussnnpninis
1467 3536 1578 3608 sniape.
1591 3535 1655 3591 llaec
1667 3533 1798 3607 scriptura
1808 3539 1850 3588 est

205 3606 345 3662 absolutus
371 3613 413 3660 est
429 3623 500 3662 reus.
526 3608 586 3662 »lit
602 3607 681 3678 paulo
707 3613 776 3678 post,
805 3604 839 3661 de
854 3606 882 3659 P.
909 3605 999 3672 Furio,
1055 3606 1301 3677 antiquissimorum
1334 3605 1539 3678 exemplarium.
1575 3606 1684 3663 Tuuioae
1720 3604 1849 3660 militares

205 3676 291 3732 Phillo
317 3686 344 3733 et
358 3678 394 3732 Μ.
416 3677 568 3733 llartieno:
601 3697 614 3730 ι
646 3674 820 3735 (iratissimis
842 3674 1001 3732 criminibus
1054 3689 1131 3734 erant
1159 3687 1279 3742 russatae,
1309 3675 1409 3749 psittaci
1435 3681 1548 3750 χιτῶνες.
1573 3677 1622 3734 llic
1651 3676 1728 3732 miles
1765 3674 1850 3731 lactus

204 3748 319 3802 aecusab
342 3749 422 3802 ambo
434 3747 616 3820 ampliatione.
640 3748 872 3812 »ambustorum
887 3747 938 3802 hoc
960 3757 1001 3803 eat
1053 3749 1229 3817 Christianus,
1244 3763 1296 3820 pro
1321 3750 1409 3803 tunica
1437 3757 1550 3816 russata,
1570 3747 1709 3819 sanguinis
1731 3746 1772 3800 sui
1787 3762 1849 3815 spe,

204 3831 300 3873 eorum
314 3818 361 3890 qui
388 3817 415 3872 iu
445 3818 589 3875 discrimen
630 3819 724 3890 rapitis
757 3816 875 3885 adducti,
912 3833 1000 3890 neque
1054 3821 1106 3874 hoc
1120 3825 1161 3874 est
1174 3828 1278 3889 sperata
1305 3818 1426 3890 martyrii
1445 3834 1576 3890 purpura,
1602 3824 1724 3873 russatus
1737 3816 1848 3873 dicitur.

205 3887 333 3956 damnati,
358 3904 444 3962 neque
478 3890 594 3947 absoluti
627 3900 699 3956 sunt,
729 3887 849 3958 exempla
892 3903 1001 3960 quoque
1053 3893 1183 3948 nutante
1192 3891 1342 3955 militares,
1354 3892 1423 3946 apud
1436 3889 1589 3946 Trebell.et
1601 3889 1672 3958 apud
1683 3888 1849 3952 iuvenalem,

205 3959 389 4030 reperiuntur3
419 3969 448 4016 ιι
476 3960 505 4016 l..
534 3961 634 4016 AEntilii
662 3958 744 4026 Pauli,
776 3958 846 4083 apud
874 3960 999 4015 eumdem
1053 3964 1349 4018 rescatentnecrta.
1365 3959 1428 4017 hta.

204 4028 309 4088 Livium
328 4031 354 4086 iu
369 4031 417 4086 lib.
437 4047 500 4087 xxtt
517 4048 523 4084 :
551 4053 563 4083 ι
579 4032 719 4087 AEmilium
734 4032 788 4085 Pau
801 4045 855 4093 um,
879 4029 925 4100 oui
939 4046 1000 4086 oum
1088 4033 1146 4105 (13)
1156 4033 1194 4090 De
1205 4032 1349 4113 Evangelii
1361 4034 1509 4104 portaturo.
1526 4030 1652 4086 Paratum
1666 4027 1849 4098 substantive,

204 4102 242 4158 Μ.
258 4102 332 4157 Livio
346 4103 408 4158 Cos.
433 4101 528 4172 luerat,
553 4112 579 4158 et
598 4102 770 4158 damnatione
784 4099 897 4171 eollegae
910 4109 938 4154 et
951 4118 1000 4156 sua
1053 4118 1102 4158 een
1118 4119 1201 4170 sotira
1215 4102 1304 4158 multra
1318 4102 1345 4155 in
1367 4102 1452 4159 locis:
1468 4104 1520 4157 hoe
1532 4112 1582 4166 est,
1603 4099 1722 4171 gladium
1740 4097 1847 4164 qualem

207 4187 294 4245 prope
322 4176 461 4231 ambustus
489 4184 621 4241 eraserat,
641 4173 765 4228 auleatum
790 4171 870 4242 plebi,
895 4170 946 4227 diis
969 4188 1001 4229 ac
1053 4175 1122 4229 solet
1164 4173 1336 4244 Evangelium
1377 4188 1515 4245 apparere,
1552 4188 1647 4243 nempe
1687 4169 1846 4241 spiritalem.

209 4244 326 4300 multum
350 4254 529 4311 recusantem,
553 4245 757 4316 adpetitionem
776 4241 922 4313 compellit.
941 4243 1001 4298 »Et
1053 4245 1146 4301 linem

208 4317 280 4388 apud
295 4315 384 4374 valer.
411 4315 564 4381 Maximum,
589 4317 718 4372 ambustae
731 4315 792 4368 duae
807 4322 998 4382 memorantur,
1090 4310 1852 4397 (tt)lineritnnldeniqne...necdtthiloqnordomScrt'·

209 4385 388 4456 inexplicabili
406 4386 582 4456 cunctatione,
598 4386 791 4459 questionibus
809 4383 890 4439 modo
912 4394 999 4440 trans·
1051 4389 1163 4458 proras.
1175 4386 1325 4442 Fortissimi
1345 4385 1456 4456 hujusce
1475 4383 1568 4440 militis
1591 4382 1697 4439 incinus
1720 4382 1753 4436 ab
1771 4395 1851 4435 oom-

210 4455 281 4518 letis,
296 4457 376 4512 modo
389 4457 487 4513 dilatis.
504 4458 569 4514 liro.
1055 4456 1220 4512 militonibus
1242 4456 1324 4512 etiam
1352 4454 1516 4522 Gltristianis,
1542 4463 1669 4525 tauquam
1693 4455 1852 4524 impruden·

244 4528 282 4600 (8)
292 4529 476 4586 Grauissimoc
485 4531 605 4601 penulas
620 4527 858 4601 perpetratarum
872 4527 1001 4599 auspice·
1055 4527 1090 4584 tis
1103 4543 1136 4584 ac
1150 4527 1294 4597 praecipitis
1308 4534 1335 4581 et
1352 4526 1548 4597 intempestivas
1567 4522 1731 4603 tortitudinis
1751 4537 1850 4577 exem-

209 4603 265 4655 ιιι.
291 4601 450 4656 Notavimus
472 4600 500 4654 in
519 4599 726 4673 Apolopett'cum
750 4613 810 4666 pag.
839 4601 867 4662 'l‚
891 4595 1002 4668 penulas
1058 4600 1141 4668 plutn,
1155 4598 1363 4667 vituperabatur,
1379 4597 1466 4678 deque
1485 4612 1518 4652 eo
1532 4610 1672 4652 sermones
1684 4593 1849 4657 lerehantur,

208 4673 336 4745 gravitate
349 4687 398 4727 sua
413 4672 495 4728 luisse
504 4674 620 4727 odiosas.
633 4670 700 4724 ilinc
712 4668 793 4751 igitur
803 4667 950 4740 Septimius
958 4683 1003 4724 oc·
1019 4666 1043 4746 fl
1060 4690 1072 4720 ι
1088 4679 1117 4724 ιι
1134 4670 1168 4723 de
1183 4672 1295 4738 abrupto
1309 4677 1336 4722 et
1349 4666 1491 4738 proeerpiti,
1507 4676 1534 4724 ιι
1547 4668 1614 4721 mori
1629 4665 1740 4745 cupida,
1753 4665 1803 4746 qui
1817 4663 1852 4719 da

208 4741 316 4799 cacione
331 4750 447 4816 sumpta,
467 4744 505 4800 ait
517 4742 628 4798 mtlitem
641 4741 752 4796 illumin
769 4740 826 4796 Deo
840 4739 1001 4815 gloriosum,
1057 4743 1147 4796 habitu
1163 4741 1345 4810 interrogatus
1368 4739 1469 4794 nomini
1498 4758 1510 4789 a
1542 4737 1695 4794 Christiano
1718 4735 1851 4789 tnvrdtam

209 4813 756 4940 rettinhasili,tilbeth
773 4812 1001 4938 ..attinnt
1054 4809 1373 4938 thttltrtllllt
1393 4805 1853 4937 littthttttlthhttlt

210 4951 244 5005 sti
271 4952 365 5018 subiit,
394 4903 466 5026 qirod
495 4900 555 5010 esge
583 4923 641 5011 leve
665 4899 786 5007 Curiatiis
815 4953 873 5025 ipse
901 4954 1000 5008 nocuit.
1055 4952 1177 5007 merilate
1203 4898 1251 5006 stiga
1281 4897 1364 5022 prgpe
1390 4951 1536 5010 evertisset.
1565 4951 1618 5030 llas
1639 4963 1717 5029 voees
1730 4917 1853 5019 gratiiter

211 5020 371 5079 htoxtrtus.
1056 5022 1176 5094 increpat
1203 5023 1375 5093 Septimius:
1403 5044 1415 5074 ι
1437 5023 1587 5084 mussitant,
1610 5026 1708 5091 tnant,
1726 5030 1777 5073 tam
1800 5018 1852 5073 ho·

246 5095 283 5163 (tl)
298 5094 331 5152 Se
351 5094 537 5151 ccnlotoriom
555 5092 947 5166 morosissimnmdcpedihus
961 5091 1005 5148 oh
1057 5110 1118 5150 nam
1140 5106 1166 5150 et
1182 5095 1290 5168 longam
1311 5093 1362 5148 sihi
1381 5110 1474 5164 placem
1523 5091 1666 5148 criclitari:
1684 5104 1735 5144 nec
1756 5087 1853 5144 dubito

210 5164 302 5220 solvil.
318 5111 525 5233 tfaeepeninem
540 5166 573 5218 ad
588 5164 702 5237 caligam
718 5163 871 5233 militarem,
888 5179 1002 5229 prae-er-
1056 5164 1186 5238 quosdam
1226 5166 1305 5220 etiam
1329 5164 1471 5220 mussitare
1511 5163 1647 5234 cripturas
1681 5175 1774 5241 sacras
1794 5159 1853 5241 jam

211 5233 311 5308 timque
328 5233 420 5290 militis
436 5233 510 5289 illius
522 5235 569 5304 qui
585 5234 613 5288 in
625 5249 655 5289 er
674 5233 860 5303 speculatores
872 5235 1003 5290 militare·
1055 5237 1196 5308 emigrare,
1219 5236 1338 5291 sarcinas
1360 5235 1498 5308 expedire,
1516 5235 1588 5307 largae
1605 5231 1709 5359 accingi
1740 5232 1773 5284 de
1787 5245 1856 5310 ctat·

211 5315 262 5376 rat,
289 5321 352 5377 quae
380 5305 474 5362 militia
499 5313 554 5361 crat
583 5305 669 5370 valde,
698 5304 815 5377 inquies,
844 5319 951 5361 tholosa
978 5315 1005 5361 et
1057 5315 1110 5364 tate
1124 5306 1151 5362 in
1169 5305 1314 5362 civitatem.
1338 5325 1350 5359 ι
1371 5307 1457 5379 llulgo
1478 5306 1575 5378 legitur
1601 5321 1609 5360 :
1639 5326 1650 5353 ι
1701 5317 1732 5358 ec
1756 5299 1856 5356 dubtlo

210 5391 317 5448 aspera,
345 5391 405 5432 rum
442 5376 496 5431 hae
537 5375 601 5431 illue
627 5374 804 5440 cursitando,
827 5375 1001 5447 explorando,
1056 5378 1189 5450 quasdam
1216 5377 1367 5448 Scripturas
1388 5380 1532 5448 emigrare,
1550 5374 1669 5431 sarcinas
1681 5372 1853 5445 colligere.»

210 5447 574 5519 nuntimdoquevngaretur.
592 5445 640 5501 lsi
661 5445 714 5499 itur
729 5446 762 5501 de
777 5445 894 5520 religato
907 5462 1003 5526 spectt-
1058 5454 1093 5504 ht
1121 5449 1149 5503 in
1175 5448 1236 5505 cod.
1262 5448 1442 5504 vetustissimo
1459 5464 1466 5502 :
1486 5469 1498 5500 ι
1527 5448 1585 5503 Nec
1603 5445 1697 5502 dubito
1720 5441 1856 5515 quosdam

211 5519 296 5576 latore
320 5517 598 5581 laetusChtistiunus,
628 5466 743 5572 ahsolrit
769 5517 1005 5587 depedibussuts
1058 5519 1210 5589 Scripturas
1233 5520 1379 5594 emigrare,
1409 5533 1478 5576 saro.
1507 5518 1615 5591 collig,
1634 5537 1646 5567 ι
1664 5516 1734 5572 unde
1754 5514 1856 5595 'procul

211 5592 423 5649 morosissimam
442 5590 515 5646 illam
536 5597 564 5645 ct
578 5586 792 5644 molestissimam
806 5588 921 5663 caligam
939 5603 1004 5660 spe·
1058 5590 1142 5648 dubio
1152 5589 1297 5664 legendum
1312 5609 1319 5646 ι
1338 5588 1421 5648 allec
1440 5588 1535 5647 dubito
1549 5589 1682 5662 quosdam
1703 5586 1859 5659 Scripturas
