3840 6134
192 277 246 338 sot
542 272 763 336 lehithhlhhl
782 274 916 336 orthon
935 275 1019 336 Pras
1037 275 1072 334 lt.
1091 304 1127 316 -
1144 271 1258 332 shhltls
1277 273 1299 347 l,
1318 272 1491 334 mutulos.
1786 276 1842 337 808

193 400 261 458 deus
275 400 420 458 Marcionis
432 400 468 457 ⁹⁹.
485 400 581 466 Aliter,
597 408 650 456 hon
665 400 801 456 diceretur
816 402 897 457 homo
911 403 989 458 chri·
1004 415 1029 495 ss
1046 408 1154 456 tuorum
1169 397 1366 467 suscitatorem,
1392 401 1439 456 sed
1459 400 1584 457 vivorum
1597 408 1767 458 avocatorem
1783 403 1845 474 (28)

192 500 261 558 stus,
285 491 344 547 sine
366 507 465 563 came3
490 506 541 547 nec
563 491 681 548 hominis
705 490 787 555 filins,
811 491 872 548 sine
898 491 990 564 aliquo
1046 489 1103 547 Nisi
1118 489 1191 561 quod
1206 496 1232 544 et
1246 489 1268 544 si
1282 503 1380 562 magns
1393 487 1453 558 suit,
1466 498 1544 545 natus
1557 496 1608 546 est.

192 591 303 653 parente
317 581 425 637 homine
443 597 450 634 :
467 579 536 636 sicut
550 596 601 636 nec
614 582 696 647 Deus,
713 579 772 635 sine
793 579 896 652 Spiritu
919 580 969 637 Dei
983 601 990 651 ;
1352 575 1463 632 CAPUT
1481 578 1527 634 Vl.

191 683 242 726 nec
255 669 305 724 Dei
320 669 414 737 Filius,
432 670 491 725 sinc
514 671 570 726 Deo
592 670 679 726 Patre.
697 669 736 724 lta
759 669 900 741 utriusque
924 671 990 726 snb·
1084 664 1139 721 Sed
1163 663 1272 736 quidam
1287 663 1312 702 ¹⁰
1333 664 1468 721 discentes
1494 665 1593 723 Pontici
1615 665 1687 722 illius
1706 666 1777 738 (29),
1793 682 1844 723 su·

191 757 296 816 suavia
320 774 416 814 census
439 758 575 815 hominem
598 766 625 815 et
646 760 734 815 Deum
756 758 904 814 exhibuit:
929 760 992 816 hino
1045 769 1093 826 pra
1108 752 1269 826 magistrum
1291 767 1386 824 sapere
1409 753 1553 824 conrpulsi,
1567 754 1717 812 concedunt
1731 756 1845 812 Christo

191 853 294 914 notum,
309 846 373 904 inde
396 863 450 905 non
475 857 583 912 natum;
600 847 664 903 hinc
686 863 823 917 carneum,
842 846 906 903 inde
930 849 991 921 spi·
1044 840 1133 899 carnis
1150 838 1234 898 168
1255 840 1405 910 veritatem,
1427 841 1488 898 sino
1510 843 1666 913 prejudicio
1686 847 1777 899 tamm
1797 858 1845 898 re·

192 933 991 1008 ritalem3hineins1rmum,indepraefortem3hincnio·
1044 933 1160 987 nuandae
1184 929 1342 997 nativitatis,
1372 929 1516 997 llabuerit,
1543 931 1687 1005 inquiunt,
1713 947 1844 998 carnem,

191 1025 317 1090 rientem,
333 1024 395 1081 inde
409 1025 553 1083 viventem.
570 1023 637 1092 Quas
653 1024 661 1062 2
676 1024 832 1095 proprietas
851 1025 992 1082 conditio·
1044 1019 1109 1076 dunt
1133 1018 1242 1076 omniuo
1257 1019 1280 1057 ¹¹
1297 1034 1352 1075 non
1366 1018 1466 1075 natam.
1482 1021 1657 1077 Pervenimus
1674 1022 1697 1060 22
1711 1021 1797 1094 igitur
1810 1023 1846 1077 de

190 1126 267 1178 nnm,
295 1112 394 1170 divinae
425 1125 453 1170 et
486 1115 623 1184 humanae,
651 1128 729 1184 aeqna
761 1114 854 1186 utique
888 1122 992 1172 natura
1044 1109 1167 1180 calcaria,
1191 1108 1265 1181 quod
1288 1108 1355 1165 dicit
1374 1109 1450 1178 solet,
1466 1109 1495 1164 in
1509 1110 1705 1178 carbonariam,
1728 1127 1745 1166 a
1768 1110 1846 1166 liar-

190 1201 332 1274 utriusque
347 1202 481 1258 ²veritate
491 1201 515 1269 ³,
526 1201 668 1272 dispuncta
678 1209 720 1258 est
732 1200 815 1260 169
825 1204 919 1260 eadem
929 1203 989 1272 fide,
1045 1197 1126 1256 cinno
1149 1197 1183 1252 ad
1205 1196 1352 1267 Apellam,
1383 1197 1428 1268 qni
1454 1206 1630 1270 posteaquam
1659 1216 1675 1255 a
1701 1199 1848 1269 disciplina

190 1296 219 1345 et
237 1288 348 1356 spiritus
371 1297 398 1344 et
415 1290 504 1344 carnis
517 1291 540 1344 2.
557 1289 675 1345 Virtutes
699 1289 827 1361 Spiritum
850 1291 911 1358 Dei,
926 1308 991 1363 pas·
1044 1285 1188 1342 Marcionis
1202 1285 1230 1340 in
1245 1284 1386 1342 mulierem
1411 1301 1492 1342 carne
1509 1287 1533 1326 ¹³
1547 1288 1649 1359 lapsus,
1665 1296 1693 1344 et
1708 1289 1731 1328 22
1744 1289 1849 1346 dehinc

190 1377 283 1434 sinuas
311 1394 419 1433 earnem
451 1378 567 1434 lrnrniuis
602 1379 795 1451 probaverunt.
825 1380 853 1436 Si
880 1382 992 1439 uirtutes
1045 1375 1072 1430 in
1089 1374 1219 1446 virginem
1233 1374 1419 1430 Philumenen]
1444 1376 1540 1448 spiritu
1557 1377 1834 1451 ¹²cversusest(3⁰)

189 1482 245 1523 non
268 1466 327 1522 sine
349 1466 456 1538 spiritu,
480 1467 594 1540 proinde
613 1468 667 1525 ⁹et
692 1468 831 1540 passiones
853 1486 908 1526 non
931 1473 992 1527 sine
1046 1463 1162 1520 solidum
1187 1462 1285 1519 Christi
1310 1479 1420 1536 corpus,
1435 1465 1484 1521 sed
1500 1465 1523 1504 22
1536 1465 1595 1523 sine
1610 1466 1754 1540 nativitate,
1778 1483 1847 1524 sus-

192 1569 291 1626 cerne3
315 1554 340 1610 si
361 1570 425 1612 oaro
447 1570 510 1612 cum
538 1556 712 1628 passionibus
737 1556 809 1624 licta,
829 1565 857 1614 et
879 1558 994 1631 spiritns
1043 1552 1116 1625 cepit
1139 1553 1173 1608 ab
1190 1546 1224 1608 'ea
1246 1552 1395 1626 praedicare
1416 1552 1451 1609 22.
1475 1553 1510 1610 Et
1533 1554 1631 1626 angelo
1648 1555 1672 1594 22
1693 1555 1805 1627 quidem
1821 1557 1848 1596 ¹⁹

190 1658 259 1718 ergo
271 1660 334 1701 cum
348 1644 495 1702 virtutibus
508 1643 603 1701 lalsus.
619 1643 691 1714 Quid
706 1644 832 1701 dimidias
846 1647 988 1704 mendacio
1047 1640 1086 1696 illi
1109 1640 1281 1698 Philumenes
1295 1641 1320 1680 ²⁰
1334 1641 1429 1700 eadem
1444 1657 1512 1699 voce
1526 1636 1677 1717 Apostolus
1700 1645 1850 1718 responde·

189 1731 330 1790 Christum
353 1733 434 1806 (ispi
457 1734 540 1791 Totus
562 1733 661 1791 veritas
685 1731 747 1790 suit.
773 1733 876 1802 llalnit,
900 1737 990 1804 crede,
1010 1692 1096 1787 Bbit·
1123 1745 1177 1802 qut
1191 1730 1215 1769 ²¹
1236 1728 1326 1802 ipsum
1347 1730 1422 1787 illum
1445 1733 1500 1803 jam
1525 1739 1588 1789 tune
1606 1734 1778 1804 praecinebat,
1798 1733 1848 1789 di·

189 1822 274 1889 nasci,
296 1837 379 1894 qnam
402 1837 435 1878 ex
456 1821 544 1894 aliqua
562 1821 575 1861 2
593 1830 670 1893 parte
693 1822 815 1891 mentiri,
830 1831 858 1881 et
880 1825 990 1898 quidem
1047 1831 1111 1874 tens
1125 1817 1231 1888 (dolui
1247 1833 1266 1885 1,
1283 1819 1312 1889 8)
1328 1835 1335 1873 ²
1353 1820 1475 1876 Etiamsi
1488 1821 1740 1894 anaclittdecoelt't
1756 1822 1849 1881 aliter

188 1907 217 1965 in
242 1908 434 1979 semetipsum
463 1918 493 1965 ut
515 1924 625 1966 carnem
653 1919 773 1984 gestaret
795 1912 855 1969 siue
884 1913 991 1972 ossibus
1044 1906 1280 1979 tvadielt'zavett'i
1299 1908 1381 1975 noha,
1402 1924 1487 1981 quom
1504 1925 1555 1968 '³0⁸
1573 1912 1848 1983 tvunqelitavt‘mtts.

188 1997 293 2068 duram,
310 1996 368 2053 sine
381 1996 511 2054 musculis
525 1996 650 2071 solidam,
667 2000 726 2057 sine
745 2002 879 2073 sangnine
892 2017 990 2060 crucn·
1044 1994 1201 2053 anathema
1214 1996 1263 2052 tit·
1279 1995 1326 2051 His
1338 2010 1402 2052 vero
1417 2012 1478 2070 quae
1489 1996 1513 2035 ²²
1527 1997 1639 2070 insuper
1652 2007 1851 2073 argumentan-

189 2090 255 2157 tina,
262 2085 325 2141 sine
339 2084 427 2143 tunica
437 2086 493 2157 (27)
507 2087 640 2155 vestitam,
656 2088 714 2145 aina
729 2089 798 2146 lame
808 2092 987 2163 esurientem,
1046 2088 1099 2153 ²¹¹¹·
1123 2097 1173 2140 2222
1196 2083 1353 2140 2222222222
1367 2083 1401 2138 ²³·
1426 2082 1596 2143 0⁰¹fi⁹0¹1¹¹1r
1608 2086 1634 2125 ¹⁴
1655 2100 1720 2143 2222
1742 2101 1849 2159 0⁰er³

187 2173 246 2230 sine
266 2173 394 2230 dentibus
413 2175 547 2243 edentem,
569 2177 629 2234 sine
653 2179 747 2250 lingua
770 2179 945 2253 loquentem;
961 2192 990 2239 ut
1045 2171 1172 2228 habuisse
1186 2171 1335 2230 Christum·
1351 2171 1429 2229 Unde
1442 2174 1565 2242 22222222»
1581 2174 1605 2230 ⁵1
1619 2189 1672 2232 1²0ss
1686 2189 1720 2231 0¹
1732 2191 1767 2233 0⁸
1779 2192 1849 2250 qua·

188 2264 350 2334 phantasma
365 2263 477 2321 auribus
490 2263 573 2321 inerit
592 2280 682 2322 sermo
701 2267 761 2336 eius
780 2282 827 2337 per
846 2269 989 2341 imaginem
1044 2258 1130 2327 little.
1154 2261 1182 2316 22
1207 2275 1262 2333 (1222
1283 2260 1444 2318 22226222ῑῦ22
1457 2262 1531 2319 undt
1544 2277 1653 2335 coruus·
1668 2263 1692 2319 Si
1705 2278 1762 2321 110ss
1781 2280 1848 2324 wo

187 2350 456 2422 connumeresque
479 2353 640 2424 phennana
663 2354 744 2410 euram
767 2362 830 2425 posi
851 2371 989 2414 resones·
1045 2349 1165 2421 cornus?
1180 2351 1253 2406 unde
1266 2363 1339 2423 caro,
1353 2349 1443 2407 sinon
1457 2352 1539 2408 natet
1552 2351 1617 2424 quta
1630 2352 1705 2410 nasei
1720 2354 1846 2422 haberet.

189 2439 300 2510 tionem,
315 2454 379 2496 cum
393 2455 490 2496 manus
504 2446 532 2496 et
545 2441 630 2511 pedes
644 2457 709 2498 snos
727 2441 869 2515 discipulis
881 2445 990 2516 eonspi·
1044 2454 1079 2496 ea
1091 2436 1182 2496 lutura
1204 2454 1265 2512 quae
1289 2438 1416 2495 nascitur.
1440 2439 1481 2496 Da
1503 2440 1648 2512 sideribus,
1662 2441 1802 2516 inquiunt,
1816 2452 1848 2499 et

189 2525 302 2585 ciendos
315 2526 435 2584 ollerret.
451 2528 462 2566 2
476 2530 611 2602 Aspicite,
624 2530 713 2602 inquit
726 2531 749 2598 2,
765 2531 837 2603 quod
851 2548 898 2604 eqo
913 2550 988 2601 sum,
1044 2528 1079 2583 de
1102 2526 1257 2583 substantiis
1280 2526 1429 2597 superioris
1452 2528 1545 2585 mundi
1568 2538 1705 2585 mutuatus
1727 2540 1770 2586 est
1787 2546 1848 2587 car-

189 2617 258 2688 quio
272 2615 392 2688 spiritus
405 2632 467 2673 osso
480 2633 539 2674 noo
549 2617 781 2685 hubet,sicutme
791 2619 990 2679 lauantemne·-
1044 2632 1105 2673 ncm
1123 2634 1130 2673 :
1146 2626 1172 2672 et
1185 2615 1278 2688 utique
1292 2624 1448 2688 proponunt
1462 2633 1516 2674 non
1529 2634 1590 2675 csse
1611 2619 1765 2675 mirandum
1778 2635 1846 2677 cor-

189 2705 262 2762 datis
284 2705 362 2778 (hue.
386 2705 475 2777 xxiv),
500 2705 559 2763 sine
583 2706 666 2763 dubio
691 2723 787 2764 manus
808 2718 835 2765 et
855 2712 939 2784 pedes
963 2721 990 2769 et
1044 2719 1097 2777 pus
1111 2703 1169 2760 sine
1183 2703 1332 2774 nativitate,
1349 2719 1411 2761 cum
1425 2713 1452 2762 et
1465 2707 1537 2777 apud
1561 2720 1611 2763 nos
1632 2704 1736 2779 augelis
1761 2706 1845 2765 licue-

189 2809 261 2862 ossa,
279 2809 340 2865 quae
364 2794 476 2865 spiritus
499 2811 553 2852 non
570 2796 660 2861 hahet,
677 2797 725 2852 sed
749 2812 822 2857 earo.
848 2796 989 2867 Quomodo
1044 2793 1080 2849 rit
1094 2791 1168 2849 nullo
1182 2794 1253 2848 uteri
1266 2807 1349 2864 opera
1363 2794 1390 2848 in
1404 2810 1513 2850 carnem
1525 2794 1550 2833 ²⁵
1564 2793 1737 2867 processisse.
1748 2793 1846 2868 Agno-

190 2881 260 2938 hauc
287 2897 381 2939 vocem
409 2883 605 2955 interpretaris,
635 2883 764 2956 Marcion,
788 2886 836 2960 qui
857 2887 906 2941 θα
932 2889 989 2945 Deo
1045 2880 1269 2950 scimusquidem
1294 2879 1331 2937 ita
1357 2882 1486 2954 relatum;
1514 2884 1562 2939 sed
1586 2892 1675 2939 tamen
1698 2882 1777 2956 quale
1792 2892 1843 2955 ost,

190 2972 305 3042 optimo,
322 2979 349 3027 et
364 2970 493 3043 simplici,
509 2978 536 3028 et
549 2973 620 3028 hono
641 2980 758 3042 tantum,
775 2973 860 3051 iniors
872 2975 989 3033 lesum?
1044 2978 1073 3026 ut
1091 2969 1202 3026 alterins
1219 2968 1319 3042 regula
1335 2967 1403 3025 fides
1426 2971 1459 3027 ah
1482 2985 1513 3025 ea
1535 2969 1587 3026 fide
1604 2987 1684 3045 quam
1703 2971 1845 3044 impugnat

190 3058 261 3116 Eece
276 3058 344 3117 fallit
358 3069 386 3116 et
407 3060 518 3133 decipit,
533 3069 561 3118 et
580 3062 758 3121 circumvenit
780 3066 900 3122 omnium
923 3082 991 3124 σου.
1043 3059 1250 3116 instrumentum
1271 3058 1551 3130 argumentationibus
1575 3060 1631 3115 suis
1654 3067 1795 3118 mutuetur
1808 3060 1841 3117 22.

190 3149 381 3218 insomnium
404 3166 510 3218 sensns,
527 3150 646 3209 omniurn
669 3168 794 3211 accessus
817 3163 844 3210 et
862 3162 989 3212 contrac·
1043 3147 1116 3219 Quid
1132 3147 1171 3203 illi
1191 3163 1253 3203 cum
1272 3147 1374 3220 Moyse,
1389 3147 1437 3219 qui
1452 3147 1536 3203 Deum
1550 3147 1636 3221 Moysi
1651 3149 1674 3188 ²²
1691 3146 1842 3219 rejicittSi

191 3244 246 3293 tna.
269 3237 342 3312 Ergo
362 3238 419 3309 iarn
445 3238 580 3298 Christum
602 3257 656 3300 non
670 3242 705 3300 de
719 3243 789 3300 ooelo
812 3243 919 3302 deterre
940 3244 988 3302 de·
1043 3238 1112 3294 alius
1126 3237 1199 3292 Deus
1222 3245 1274 3306 cst,
1298 3237 1379 3292 alites
1402 3236 1456 3293 sint
1475 3252 1519 3294 res
1542 3239 1611 3309 ejns.
1625 3236 1679 3293 Sed
1692 3237 1718 3275 22
1731 3247 1842 3295 utantur

191 3325 299 3395 hneras,
315 3326 364 3382 sed
379 3328 413 3384 de
426 3326 518 3402 aliquo
537 3328 708 3388 circulatorio
728 3342 817 3397 eoetn;
834 3346 884 3389 nec
903 3332 988 3389 Deam
1043 3326 1163 3384 haeretiei
1178 3340 1272 3382 omnes
1286 3324 1433 3398 Scripturis
1446 3327 1517 3396 eius,
1533 3329 1611 3396 eujus
1633 3334 1747 3383 utuntur
1760 3327 1841 3383 etiam

191 3422 292 3488 praetar
309 3416 460 3486 hominem,
480 3418 529 3476 sed
547 3435 655 3492 magum
674 3419 829 3488 hominem3
850 3437 899 3478 nec
917 3422 992 3479 salu·
1046 3416 1171 3475 mundo:
1192 3417 1244 3472 erit
1257 3414 1311 3471 illis
1325 3417 1377 3472 hoc
1391 3428 1500 3491 quoque
1515 3415 1543 3472 in
1557 3416 1745 3473 testimouium
1759 3416 1784 3458 22
1796 3418 1840 3489 ju·

193 3503 228 3562 tis
251 3503 418 3579 pontificem,
433 3506 481 3564 sed
504 3507 651 3581 spectaculi
674 3505 824 3575 artificem
847 3523 896 3566 nec
918 3524 993 3567 mor·
1047 3504 1121 3573 dicii,
1136 3504 1210 3579 quod
1224 3503 1259 3561 de
1273 3504 1408 3577 exemplis
1425 3505 1514 3579 ipsius
1527 3505 1708 3578 blasphemias
1723 3521 1789 3564 snas
1802 3504 1842 3560 in·

885 3657 981 3723 Varia
1000 3662 1155 3724 lectiones.

228 3785 254 3825 ⁹⁹
267 3787 353 3852 Deus,
369 3785 489 3843 llarcion
499 3786 579 3844 Pam.
595 3784 730 3859 Denique,
745 3789 873 3848 llarcion.
885 3790 963 3845 llaud
974 3792 1060 3847 Fron.
1078 3789 1126 3847 lii.
1141 3787 1234 3846 dreia.
1249 3787 1323 3845 Deus
1338 3787 1480 3844 llarcionis
1495 3795 1540 3844 aut
1556 3787 1644 3848 ltlien.
1661 3789 1748 3850 Semi.
1763 3789 1771 3830 ¹
1786 3787 1843 3860 Qua

192 3857 264 3916 Iun.
279 3857 291 3895 2
308 3857 455 3928 Utriusque
474 3856 552 3914 obest
571 3874 589 3914 u
605 3858 693 3916 Rieu.
711 3860 790 3918 Pom.
810 3860 822 3899 ³
842 3861 979 3934 cujusque
1004 3861 1071 3920 add.
1086 3863 1168 3916 Pom.
1187 3857 1280 3915 ⁴Fido
1294 3859 1405 3931 spiritns
1421 3871 1447 3914 et
1461 3874 1524 3915 earo
1544 3861 1624 3918 codd.
1642 3863 1737 3921 dircite.
1754 3867 1784 3921 et
1797 3864 1842 3920 lli·

191 3930 267 3984 cion.
285 3927 370 3984 Semi.
387 3928 399 3965 ⁵
423 3927 538 3983 Perinde
557 3929 619 4000 Rip.
649 3930 712 3992 Ven.
727 3930 740 3969 2
758 3931 794 3988 Se
820 3932 883 3989 cdd.
904 3935 983 3990 Pam.
999 3935 1066 3990 Por.
1082 3933 1168 3988 Fron.
1181 3931 1192 3969 2
1206 3929 1295 3987 Ot'lert
1308 3930 1396 3990 illisu.
1414 3931 1498 3988 Semi.
1514 3931 1527 3969 2
1541 3931 1640 3988 Dicens
1654 3935 1738 3992 Pam.
1758 3934 1845 3991 lthem

191 3999 279 4056 &arth
293 3999 305 4037 ⁹
319 3998 386 4066 Quia
399 3998 488 4056 Rhea.
505 4000 569 4057 Vere.
586 3999 610 4038 ¹⁰
623 3998 694 4070 Quid
706 4002 763 4073 jam
778 4001 866 4060 Rieu.
885 4003 977 4061 Poris.
994 4003 1017 4043 ¹¹
1032 4001 1164 4061 Dominus
1178 4001 1239 4059 aod.
1255 4001 1336 4075 Apol.
1356 4001 1458 4059 Piliae.
1478 4003 1501 4041 22
1517 4003 1659 4061 Paruimus
1680 4003 1745 4063 eod.
1763 4004 1844 4078 Aqui.

193 4069 297 4127 Piliae.
312 4068 400 4127 Rieu.
416 4071 484 4150 lun.
495 4071 629 4141 pariamus
642 4073 706 4130 ulii.
717 4074 740 4112 ¹⁹
750 4075 864 4131 llnliere
874 4074 979 4148 lapsum
993 4075 1081 4132 llltcn.
1094 4073 1181 4133 Semi.
1196 4072 1221 4112 ¹⁹
1234 4072 1268 4129 Et
1278 4074 1365 4131 ainsi.
1378 4074 1465 4146 nllip.
1477 4073 1501 4112 ¹⁵
1511 4073 1627 4146 Spiritus
1644 4077 1708 4134 Vere.
1722 4075 1844 4134 Etan.

191 4139 280 4198 lidan.
297 4139 320 4179 ¹¹
335 4141 489 4198 Praedrcans
502 4142 584 4202 Pom.
606 4141 695 4200 Rhea.
719 4154 875 4219 susceptum
891 4150 925 4203 ah
942 4162 976 4204 eo
990 4146 1120 4219 predicar
1135 4143 1195 4202 cod.
1215 4145 1315 4203 Wouw.
1331 4145 1356 4183 22
1375 4145 1407 4201 Ut
1421 4144 1538 4218 angelus
1552 4147 1613 4204 cod.
1642 4148 1747 4206 Wouw.
1765 4149 1846 4205 Pam.

189 4211 278 4271 alm.
294 4211 319 4252 22
333 4211 450 4282 Quidam
464 4215 526 4270 int.
541 4214 614 4271 lllius
626 4215 705 4275 Pom.
719 4219 806 4275 Fran.
821 4217 846 4256 22
861 4219 1032 4275 Philumenes
1046 4216 1123 4276 obest
1136 4234 1154 4274 o
1167 4215 1226 4275 cod.
1249 4217 1348 4275 Wouw.
1363 4214 1533 4272 Philomenes
1550 4218 1614 4277 alii.
1629 4217 1652 4257 22
1668 4218 1738 4290 Quia
1755 4218 1847 4276 lthen.

191 4283 277 4343 Semi.
291 4283 316 4323 ²²
331 4283 384 4355 Qui
398 4283 478 4340 Pam.
491 4285 579 4344 him.
594 4285 620 4326 ²³
632 4286 790 4344 Resistimns
804 4288 892 4347 Rieu.
907 4290 933 4328 ²¹
944 4289 1104 4346 confitentis
1117 4291 1197 4344 Pom.
1212 4287 1237 4326 ²⁵
1251 4286 1331 4343 Carni
1345 4289 1404 4360 liip.
1427 4289 1489 4346 Vere.
1505 4287 1531 4326 ²⁹
1543 4289 1678 4348 llutentur
1693 4291 1756 4363 hie.
1783 4291 1847 4349 Vea.

189 4355 216 4394 22
237 4357 310 4413 llose
323 4375 350 4431 q.
366 4356 400 4413 D.
416 4355 484 4414 hosi
503 4358 589 4418 Semi.
605 4357 630 4397 ²⁹
647 4359 681 4416 lit
695 4359 784 4417 Rieu.
800 4363 888 4420 Semi.
903 4359 928 4401 ²⁹
940 4361 1016 4418 lllius
1030 4362 1082 4418 hoo
1095 4375 1202 4434 quoqne
1215 4359 1399 4416 testinnonium
1413 4359 1471 4420 cod.
1483 4360 1565 4432 Apol.

884 4513 1134 4581 Corrrmentarius.

105 4700 123 4723 r
190 4640 321 4699 musculis
348 4641 476 4713 solidam,
505 4643 566 4702 sina
593 4643 724 4718 sanguine
751 4653 899 4720 cruentam,
929 4647 1028 4743 sinen
1063 4649 1137 4732 ml
1154 4645 1347 4707 Seduiuorum
1362 4651 1548 4708 avocatorem.
1564 4646 1617 4720 Qui
1631 4649 1707 4709 vivos
1721 4661 1851 4709 senato

190 4713 280 4771 tunica
302 4717 436 4782 vestitam,
452 4719 511 4772 sine
534 4716 606 4774 lame
629 4717 802 4786 esurientem,
818 4718 878 4777 sine
896 4717 989 4794 lingua
1044 4728 1099 4779 vata
1112 4721 1146 4778 ad
1160 4729 1315 4787 mortem,a
1332 4727 1405 4775 recta
1422 4720 1475 4776 lide
1499 4722 1531 4776 ad
1554 4720 1692 4791 haeresim,
1708 4738 1723 4777 a
1738 4723 1799 4780 Deo
1813 4724 1851 4778 ad

188 4785 354 4857 loquentem,
384 4801 413 4843 ut
440 4790 599 4858 phantasma
627 4789 709 4846 luerit
737 4807 825 4847 serum
854 4792 915 4860 ejus
943 4809 991 4865 per
1045 4789 1309 4849 Satanam.ll1n.-
1329 4792 1456 4848 Vivorum
1475 4797 1662 4850 avocatorem.
1687 4794 1851 4851 Frustrato-

188 4857 337 4932 imaginem
351 4859 433 4914 vocis.
454 4859 548 4940 pllio.
1047 4879 1103 4920 rem
1132 4860 1254 4932 intellige
1276 4869 1303 4917 et
1324 4863 1515 4936 deceptorem;
1541 4881 1628 4937 nequa
1652 4865 1757 4922 insulse
1779 4865 1854 4922 ludit

226 4929 285 5001 (tn)
302 4929 373 4998 Quid
387 4929 521 4987 dimidius
531 4931 678 4989 mendacio
690 4932 852 4991 Christum?
864 4939 991 4994 totusue·
1046 4931 1188 4999 vocabulo,
1213 4932 1340 5004 quoniam
1361 4940 1531 4992 mortuorum
1556 4939 1652 4992 animae
1675 4937 1785 4994 avocari
1800 4936 1851 4993 di·

187 5000 261 5057 ritos
289 5004 341 5058 est.
357 5000 486 5074 lgnatius,
501 5016 545 5072 cp.
561 5003 596 5058 ad
624 5004 771 5061 Trallianos
793 5024 800 5064 ς
833 5005 897 5079 Ἐγὼ
917 5005 944 5059 δὲ
963 5008 990 5060 οὐ
1046 5014 1153 5062 cuntur.
1169 5002 1234 5061 Lic.

188 5077 226 5144 τῷ
254 5072 334 5123 δοκεῖν
354 5071 403 5139 ἔχω
421 5070 465 5135 τὰς
487 5070 586 5137 ἐλπίδας
615 5072 654 5129 tal
672 5083 710 5151 τῷ
728 5076 788 5150 ὑπὲρ
821 5074 882 5150 ἐμοῦ
896 5076 991 5132 dania·
1082 5075 1855 5154 (29)Scdqut'dumdt'ttentetPottit‘tt'iliius.Discipnltls

186 5145 261 5208 strar,
298 5140 363 5195 ἀλλὰ
388 5149 426 5219 τῷ
460 5145 537 5199 ὄντι·
567 5145 677 5215 ἀληθείας
703 5146 751 5221 γὰρ
788 5146 919 5222 ἀλλότριον
960 5149 989 5204 τὸ
1045 5146 1173 5220 intelligit
1202 5147 1362 5216 Marcionis,
1392 5152 1463 5208 inter
1480 5166 1549 5234 quos
1567 5152 1764 5227 antesignanus
1790 5158 1853 5210 erat

185 5212 283 5285 ψεῦδος·
293 5215 349 5287 Epo
362 5232 427 5273 uero
441 5232 500 5275 nou
513 5217 644 5291 opinione
653 5221 851 5277 tantummodo
866 5223 989 5293 spemin
1045 5218 1168 5291 apelia.
1182 5219 1317 5278 Ponticus
1332 5220 1453 5280 Marcion
1471 5222 1578 5290 ducitur,
1604 5231 1633 5280 ut
1655 5231 1683 5279 et
1706 5223 1787 5280 initio
1800 5223 1850 5280 lib.

186 5301 217 5344 an
231 5284 328 5370 dobeo,
339 5290 388 5361 qui
400 5304 451 5363 pro
464 5302 509 5344 me
520 5292 651 5349 utorium
659 5292 712 5358 est,
723 5291 770 5348 aad
781 5307 896 5349 reuera:
907 5307 988 5348 omne
1045 5305 1056 5348 1
1069 5292 1132 5348 adv.
1149 5292 1285 5361 eumdem,
1300 5308 1366 5350 mus
1381 5295 1534 5363 Ponticum
1550 5294 1599 5352 luit
1613 5293 1685 5353 enim
1700 5295 1792 5368 patria
1806 5295 1852 5353 si-

186 5373 264 5440 enem
282 5359 464 5420 mendacium
479 5360 609 5418 alienum
623 5377 642 5416 o
656 5361 776 5419 averitute
794 5366 848 5428 est,
862 5359 891 5416 id
907 5369 957 5428 est,
973 5379 989 5420 a
1044 5364 1173 5434 nopensis
1189 5364 1215 5418 in
1230 5364 1324 5419 Ponto.
1341 5364 1382 5421 La
1396 5367 1446 5422 Pu.

186 5429 305 5487 Christo.
320 5433 386 5514 huo.
1080 5435 1138 5508 (3⁰)
1149 5436 1180 5493 lu
1189 5435 1329 5508 crispinam
1344 5435 1542 5497 Philumenam
1552 5438 1659 5515 spiritu
1669 5454 1786 5499 eversus
1796 5441 1850 5499 est·

223 5501 280 5576 (it)
295 5503 359 5560 sme
375 5505 484 5564 tunna.
500 5501 610 5561 Tunice
634 5501 763 5563 vocubulo
781 5509 870 5562 cutam
886 5503 987 5562 intelli·
1045 5505 1253 5566 Seductnsnem
1274 5521 1291 5565 e
1314 5521 1331 5563 a
1353 5507 1489 5580 damone,
1514 5527 1569 5584 quo
1592 5510 1693 5569 intuma
1708 5512 1851 5586 prostibu-

186 5572 238 5649 git.
252 5573 348 5636 lines.
1043 5578 1100 5639 lum
1114 5577 1242 5652 intercipi
1275 5584 1348 5638 atur.
1366 5581 1405 5640 La
1420 5583 1469 5641 Pa.

1095 5686 1109 5712 θ
