3840 6134
141 291 188 354 idi
592 296 595 301 ’
753 292 816 356 llll.
836 294 848 355 1
866 292 945 355 lot.
965 290 1167 356 tauotolttttt.
1731 292 1794 357 282'

136 415 229 474 inserti
243 415 284 473 dii
298 416 388 474 minus
405 418 471 486 noti,
485 426 515 475 ut
537 419 628 476 minus
654 420 735 487 certi;
765 429 793 477 et
818 419 932 492 proinde
949 432 973 513 Α
989 427 1065 486 aunt;
1081 419 1174 487 innati,
1190 418 1291 486 iniecti,
1307 419 1407 477 aeterni.
1431 418 1480 476 isso
1499 423 1549 478 erit
1576 430 1662 479 status
1680 418 1782 493 prioci-

134 504 229 578 ignoti,
243 519 300 577 qus
319 504 409 561 rninus
434 506 510 563 certi.
538 506 625 576 Quem
644 507 752 565 titulum
778 507 932 565 incidemus
989 508 1065 580 palis.
1094 509 1195 565 Caetera
1227 509 1324 565 viderit
1355 508 1482 575 Marcion,
1512 510 1534 564 si
1569 510 1598 565 in
1626 510 1781 566 diversitate

133 609 164 652 ea
177 593 289 651 duobus
317 594 368 651 deo
394 595 556 653 biarciouiai
584 598 748 672 Utrumque,
778 598 885 670 opinor,
906 608 933 656 st
988 596 1135 669 disposita
1151 599 1301 667 posteriora
1315 596 1387 654 enim
1415 603 1479 654 sunt
1494 596 1521 652 in
1543 605 1701 664 retractatu;
1727 598 1782 655 imo

132 697 205 741 nane
224 682 341 750 incerto,
356 690 384 740 at
406 692 480 742 retro
499 683 604 760 ignoto.
625 687 702 743 Sient
722 689 794 745 enim
809 690 933 763 ignotum
988 701 1040 742 nec
1064 686 1245 758 admittentur,
1271 688 1294 743 si
1325 686 1361 743 de
1398 685 1539 758 principali
1575 690 1646 744 statu
1665 694 1779 744 constet.

133 787 192 830 aas
207 771 275 828 iecit
293 773 462 830 masuetus
480 773 602 845 Creator,
631 774 771 834 Cbssita
796 787 824 834 et
843 780 933 835 incer·
987 774 1071 831 Porro
1101 783 1205 832 conatu
1226 775 1290 849 quia
1313 774 1349 831 dii
1378 775 1468 840 ambo,
1491 781 1519 831 et
1543 773 1582 830 ita
1605 773 1641 830 de
1664 789 1780 846 quorum

133 868 187 917 mm
212 860 292 917 Dens
318 869 419 919 canus
444 861 496 918 Sed
525 878 580 919 nou
606 866 742 936 evagabor
769 867 808 922 nti
835 866 932 928 dicam,
987 871 1056 919 statu
1070 872 1354 922 coosuteommunem
1383 878 1533 930 caracam
1559 863 1700 921 subeoad
1714 879 1779 936 pro·

131 949 246 1007 bened
271 951 296 988 ⁴⁰
317 948 430 1024 ignotum
454 949 508 1008 fuit
529 951 672 1025 latuitque,
683 955 758 1011 illum
775 956 850 1032 regio
866 958 933 1013 late·
987 951 1123 1010 bulionem
1145 953 1309 1012 devocantur
1334 971 1341 1009 :
1368 953 1390 1009 si
1414 954 1513 1011 incerta
1541 960 1613 1019 sant,
1636 953 1671 1008 ad
1688 965 1781 1010 eorum

130 1040 238 1096 wana
268 1039 449 1110 obumbravit,
477 1055 548 1098 nora
584 1043 677 1115 utique
701 1055 729 1100 et
755 1045 823 1115 ipsa,
852 1057 881 1104 et
907 1049 930 1086 ⁴¹
986 1050 1119 1099 certorum
1134 1043 1248 1100 turmam
1275 1045 1446 1116 provocanda
1470 1051 1560 1109 erunt,
1588 1057 1650 1099 cum
1682 1041 1780 1115 quibus

130 1127 230 1201 kaota,
256 1136 286 1185 et
313 1128 437 1187 similiter
462 1145 535 1186 nunc
564 1147 673 1205 quoque
704 1132 824 1201 ineerta;
860 1145 934 1193 certe
984 1129 1020 1187 de
1046 1133 1235 1188 commuuione
1256 1140 1341 1188 status
1381 1130 1538 1202 principalis
1561 1140 1715 1196 momatur,
1749 1138 1781 1186 ιιι

130 1217 263 1274 inmas
289 1217 390 1288 aliqua,
423 1225 451 1273 et
480 1218 567 1289 maim
592 1219 743 1279 indubitate
774 1238 808 1280 eo
849 1241 931 1298 quern
985 1220 1100 1295 proinde
1115 1222 1188 1278 etde
1206 1221 1366 1293 probatione
1382 1219 1591 1277 communicent.
1608 1218 1781 1292 lliucitaqne

130 1304 283 1362 modia.
297 1304 353 1360 Sed
376 1306 492 1363 breviter
519 1323 680 1380 proponam,
709 1320 736 1368 et
770 1312 929 1383 plenissime
985 1309 1204 1367 constantissime
1221 1309 1336 1383 dirigam
1351 1311 1409 1380 (36)
1422 1309 1512 1365 Deum
1528 1322 1583 1365 non
1596 1321 1656 1363 esse
1675 1307 1722 1378 qui
1750 1305 1780 1362 lit

131 1407 264 1464 essequa
297 1394 479 1466 praescribens
514 1396 572 1467 (35)
599 1397 685 1454 Deum
725 1399 844 1472 ignorari
880 1418 930 1459 nec
984 1398 1063 1455 hodie
1088 1399 1213 1466 incertus,
1228 1397 1293 1471 qoia
1316 1405 1389 1456 retro
1409 1398 1537 1471 ignotus:
1565 1395 1675 1467 qnando
1699 1409 1779 1468 quern

132 1483 261 1554 μοιιιίιω,
304 1482 415 1541 nomiae
456 1485 661 1556 magnitudinis,
701 1504 752 1546 nec
791 1491 930 1559 debuisse,
984 1495 1089 1543 cousmt
1116 1503 1183 1553 esse,
1213 1503 1247 1543 ax
1266 1488 1317 1543 boc
1338 1487 1398 1557 ipso
1413 1491 1519 1541 constat
1545 1484 1618 1557 quod
1641 1498 1779 1555 nonquam

132 1569 239 1628 aenaim
262 1570 446 1644 benignitatis,
466 1573 614 1643 presertim
636 1575 665 1630 iu
695 1585 808 1651 utroque
830 1581 929 1652 praela-
984 1575 1064 1633 fuerit
1081 1577 1200 1650 ignotos,
1215 1574 1277 1631 ideo
1290 1590 1340 1631 neo
1353 1575 1481 1630 incertus.

134 1658 226 1717 ιίοιαιι
244 1666 341 1716 nostro
354 1659 492 1718 Creatore.
512 1663 565 1720 Sed
593 1665 720 1736 quoniam
746 1667 930 1727 animadverto
1293 1717 1408 1775 CAPUT
1431 1717 1459 1774 x

135 1747 159 1804 ia
196 1747 361 1821 quibusdam
390 1751 424 1806 ad
458 1750 572 1807 sormam
611 1753 747 1811 Crantoris
783 1712 969 1828 provocarin
1460 1754 1467 1771 ’

136 1844 258 1908 oportere
267 1839 360 1893 omnis
374 1837 424 1895 Dei
438 1839 617 1899 norietretro
627 1842 713 1914 ignoti
732 1846 929 1915 probationem,
1017 1845 1155 1916 Siquidem
1179 1862 1195 1901 a
1220 1842 1369 1917 primordio
1402 1858 1504 1910 rernm,
1532 1841 1656 1899 conditor
1686 1855 1778 1894 esrum

137 1924 284 1995 meipsam
298 1927 402 1982 ratione
415 1924 476 1984 fieri
504 1929 614 1987 anobis
641 1932 719 2002 prius
739 1936 930 1994 commendare
983 1949 1043 1991 curn
1058 1933 1123 2004 ipsis
1137 1935 1239 2004 pariter
1251 1938 1405 2006 compertas
1418 1940 1469 1996 est,
1485 1928 1552 2002 ipsis
1573 1928 1607 1984 ad
1634 1928 1686 1983 hoc
1707 1941 1775 1998 pro-

138 2013 251 2085 debebo,
263 2030 322 2087 quo
340 2017 508 2073 mnumdm
526 2026 586 2074 utar
604 2020 717 2078 rationis
731 2023 812 2079 editae
835 2036 930 2097 patro·
983 2024 1059 2090 latis,
1077 2032 1106 2081 ut
1120 2024 1194 2080 Dens
1207 2029 1426 2099 coqnmcnetur.
1441 2021 1499 2078 Nee
1513 2019 1585 2076 enirn
1600 2019 1623 2075 si
1636 2016 1781 2091 aliqnando

137 2102 210 2160 aab.
233 2101 307 2161 Ante
320 2103 411 2160 omnia
425 2105 543 2177 quidem,
560 2108 640 2179 quale
662 2120 712 2179 est,
729 2121 756 2166 ut
781 2112 828 2185 qui
841 2115 929 2171 Deum
984 2113 1118 2186 posterior
1130 2115 1218 2169 lloses
1238 2113 1341 2180 primus
1367 2111 1476 2168 ridetur
1497 2111 1525 2167 io
1554 2107 1655 2179 templo
1675 2106 1779 2164 littera·

137 2193 237 2264 quossi
251 2193 418 2259 Creatorem,
446 2203 474 2251 et
486 2195 605 2268 priorem
621 2198 655 2255 de
669 2200 763 2255 notitia
781 2202 928 2273 confiteris,
983 2218 1162 2262 romanarum
1176 2203 1262 2258 Deum
1274 2200 1368 2258 mnndi
1382 2200 1530 2269 dedicasse,
1559 2198 1662 2255 idcirco
1679 2194 1781 2252 al’en-

136 2281 299 2338 mueisdem
312 2282 403 2340 modis
416 2293 444 2340 et
457 2284 539 2340 alium
554 2286 624 2345 scias
647 2288 696 2343 tibi
721 2291 929 2350 examinandum
985 2293 1109 2349 tateucho
1138 2292 1241 2350 natales
1274 2289 1420 2363 agnitionis
1453 2287 1686 2361 supputabuntur3
1717 2299 1781 2340 cum

136 2370 298 2443 quibusnam
312 2372 343 2428 in
356 2372 409 2428 alio
427 2372 542 2431 didicisti
561 2376 587 2414 ⁴²
606 2377 694 2434 Deam
708 2380 813 2435 nosset
836 2380 931 2441 Omnis
984 2391 1057 2440 totus
1068 2381 1151 2437 llosis
1164 2381 1249 2452 stylus
1258 2379 1380 2437 notitiam
1399 2377 1534 2436 Creatoris
1561 2391 1617 2432 oon
1644 2373 1776 2442 instituat,

136 2475 169 2516 ras
194 2461 320 2516 anterior
357 2461 499 2531 posteriori
541 2479 665 2522 normam
703 2469 929 2538 praeministravit.
984 2473 1057 2527 seda
1071 2470 1219 2540 primordio
1238 2476 1374 2526 enarreta
1402 2466 1527 2539 paradiso
1551 2474 1579 2522 et
1605 2465 1702 2529 adam,
1727 2478 1781 2519 non

135 2549 184 2604 boo
209 2563 286 2604 nanc
311 2548 349 2603 dii
378 2559 575 2622 proponuntur,
592 2553 703 2627 ignotus
719 2565 746 2612 et
774 2566 863 2615 notus.
889 2561 929 2615 Do
984 2562 1018 2618 ab
1036 2560 1152 2632 AEgypto
1172 2568 1200 2615 at
1217 2557 1290 2614 Mose
1303 2555 1506 2614 recensendam.
1529 2553 1665 2624 Denique,
1693 2552 1783 2621 major

133 2645 188 2694 noto
198 2638 424 2711 racatquaestio:
439 2654 497 2697 esse
524 2658 588 2699 eum
614 2653 730 2712 constat,
761 2648 823 2718 quia
850 2656 930 2705 notus
985 2646 1150 2721 popularitas
1173 2643 1282 2719 generis
1301 2643 1410 2700 humani
1430 2645 1500 2714 tat),
1530 2657 1565 2696 ne
1581 2639 1697 2697 nominis
1720 2638 1782 2712 qni·

132 2726 302 2796 aoniuisset,
321 2728 467 2787 uisiesset.
482 2729 522 2786 De
550 2731 643 2805 ignoto
657 2734 740 2790 instat
767 2736 927 2795 altercatio:
985 2739 1046 2794 dem
1069 2738 1152 2794 lineis
1181 2746 1330 2809 compotes,
1356 2733 1456 2791 nedum
1481 2729 1662 2793 instrumenti,
1692 2727 1780 2783 Deam

132 2824 214 2886 potest
236 2815 312 2872 caim
336 2825 364 2873 et
391 2832 445 2873 non
473 2833 551 2883 osse;
576 2821 640 2893 quia
673 2822 696 2876 si
730 2832 818 2890 esset,
850 2836 931 2882 notus
984 2826 1065 2884 blesis
1081 2835 1169 2883 tamen
1192 2832 1301 2894 norunt,
1330 2823 1411 2879 otiam
1430 2829 1532 2878 tantam
1555 2816 1779 2873 ⁴⁶idololatria⁴¹

131 2903 233 2960 inisset.
257 2901 340 2972 Quod
363 2920 432 2975 erqo
452 2905 582 2978 queritur
619 2910 749 2981 quamdiu
777 2912 929 2988 ignoratur,
983 2914 1193 2971 dominationem
1216 2914 1409 2975 obumbrante
1440 2924 1566 2967 seorsum
1594 2916 1686 2962 tamen
1703 2902 1780 2959 illum

132 2992 263 3049 benum
278 2993 305 3032 ⁴³
330 3000 373 3050 est
394 2993 524 3065 quamdin
544 2997 676 3067 quaeritur
697 3017 704 3053 ε
729 3009 858 3072 etpotest
879 3021 934 3061 non
949 2989 1063 3075 ssquasi
1078 3002 1186 3073 proprio
1214 3001 1322 3058 nomine
1350 3001 1437 3054 Deum
1468 2997 1621 3068 perbibent,
1647 3001 1674 3048 et
1691 2991 1780 3049 Deum

137 3079 340 3152 mmamdtn
351 3081 484 3139 incertum
498 3085 524 3123 ⁴⁴
537 3092 588 3142 est.
617 3086 708 3144 llabes
722 3088 808 3146 Deum
817 3100 930 3160 certum,
984 3090 1108 3157 deorum,
1124 3096 1167 3144 et:
1185 3091 1215 3145 Si
1228 3091 1302 3146 Deus
1315 3088 1435 3151 dederit,
1450 3090 1497 3144 et:
1520 3082 1596 3153 Quod
1610 3085 1662 3139 beo
1673 3080 1779 3155 placet,

138 3181 195 3239 qna
225 3177 331 3234 notam
357 3180 384 3227 et
408 3171 550 3244 incertum,
575 3190 630 3247 qua
660 3175 794 3251 ignotam.
830 3180 860 3236 st
896 3182 933 3237 ita
986 3181 1102 3236 et:lteo
1121 3176 1295 3237 cmmemo-
1313 3173 1427 3231 Videam
1442 3172 1576 3242 noverint,
1591 3185 1673 3242 quern
1687 3170 1778 3226 omnia

135 3264 186 3324 est,
198 3256 296 3330 ecqnii
313 3257 360 3315 tibi
373 3259 480 3317 ridetur
491 3261 565 3331 justa
582 3263 688 3321 ratione
707 3265 828 3339 delendi,
853 3277 883 3327 nt
897 3271 933 3327 ad
986 3284 1067 3341 posse
1082 3271 1225 3324 testantur.
1236 3266 1293 3322 Nec
1310 3265 1362 3320 boc
1376 3262 1442 3320 ullis
1456 3262 1541 3318 llosis
1565 3257 1642 3314 libris
1669 3257 1778 3313 debent.

133 3360 251 3404 normann
269 3357 299 3403 et
312 3348 428 3405 tonnam
451 3359 477 3406 et
500 3352 621 3424 regulam
649 3364 785 3412 certorum
813 3360 932 3429 proben-
987 3359 1056 3414 dote
1071 3357 1170 3421 anima,
1185 3371 1265 3427 qnam
1287 3352 1439 3425 prophetia.
1457 3347 1561 3406 dnimae
1575 3346 1648 3402 euim
1674 3360 1691 3401 a
1718 3344 1777 3414 pri·

132 3441 171 3492 lar
186 3435 314 3493 incerta?
347 3437 500 3504 Ceterum,
530 3440 553 3495 si
584 3440 619 3496 ad
646 3442 717 3500 hanc
743 3459 870 3513 caumm,
905 3457 933 3505 et
986 3441 1091 3498 mordio
1105 3440 1270 3497 conscientia
1285 3438 1335 3494 Dei
1358 3439 1409 3494 dos
1422 3444 1478 3506 est;
1498 3435 1594 3490 eadem
1621 3445 1671 3487 nec
1685 3428 1780 3486 aliast

134 3531 214 3595 ipsam
232 3524 326 3582 adbuc
339 3525 480 3597 incertam,
497 3528 578 3586 etiam
592 3537 751 3600 argumenta
765 3533 799 3589 de
821 3535 932 3593 incertis
986 3531 1015 3588 io
1037 3529 1182 3603 AEgyptiis,
1210 3537 1238 3584 et
1251 3528 1279 3584 in
1293 3527 1367 3599 Syris
1381 3533 1408 3583 et
1432 3525 1459 3580 in
1478 3522 1607 3580 Ponticis.
1621 3521 1779 3576 iudeorum

134 3612 317 3679 adbiboenm,
343 3616 431 3671 series
456 3616 638 3689 implicabitur
674 3622 865 3692 questionum,
898 3643 930 3683 ax
985 3620 1056 3676 enim
1069 3621 1168 3684 Deum,
1184 3618 1278 3675 dicunt
1292 3615 1425 3671 ⁴⁴animae
1439 3616 1536 3669 Deum
1565 3609 1636 3675 Noli,
1667 3608 1780 3663 barbare

135 3695 245 3768 illorum
270 3715 385 3775 quoque
414 3716 635 3778 argumentorum
658 3724 734 3781 mque
760 3710 926 3770 incertorum
984 3708 1119 3774 haeretice,
1130 3708 1248 3778 priorem
1263 3705 1399 3760 Abrabam
1408 3702 1570 3760 constituere
1592 3713 1675 3769 quarn
1700 3709 1779 3751 mun·

135 3795 284 3857 mmm,
315 3789 521 3860 periclitantium
549 3793 584 3851 de
615 3795 669 3852 tide
707 3814 756 3868 per
781 3802 926 3874 incertum;
983 3799 1058 3854 dum.
1074 3795 1221 3853 litaiunius
1240 3794 1350 3851 iamiliae
1369 3794 1443 3849 Deus
1474 3789 1570 3845 luisset
1600 3787 1720 3854 Creator,
1736 3792 1779 3840 ta·

137 3876 256 3934 stibitnr
282 3878 312 3936 in
327 3880 386 3937 illas
398 3882 453 3952 jam
473 3881 726 3944 indeterminabiles
749 3889 928 3960 questiones,
984 3901 1046 3941 tuen
1070 3884 1210 3955 posterior
1235 3891 1281 3940 tuo
1302 3896 1358 3938 nou
1385 3887 1453 3946 erat,
1479 3878 1560 3934 etiam
1584 3874 1702 3932 Ponticis
1718 3881 1780 3929 ante

136 3978 195 4035 qaas
216 3967 366 4039 Apostolus
392 3971 419 4042 (l
442 3973 512 4027 Tim.
540 3989 560 4043 t,
591 3976 619 4043 l)
646 3989 701 4031 non
721 3984 801 4037 amat.
831 3980 879 4036 Sin
896 3980 929 4037 dc
982 3983 1149 4033 comnotus.
1171 3972 1270 4045 decipe
1298 3971 1382 4045 igitur
1404 3969 1439 4024 ab
1455 3974 1627 4024 antecessore
1650 3963 1777 4029 formam,

136 4052 217 4122 erus,
230 4064 259 4113 et
282 4056 450 4130 indubitatis,
464 4072 491 4117 et
518 4061 649 4120 absolqu
669 4067 784 4134 regulae,
807 4069 928 4139 partibus
983 4069 1092 4119 acesto
1110 4061 1237 4126 incertus,
1254 4061 1394 4131 acoqnito
1427 4056 1592 4127 incognitus.
1622 4053 1776 4125 Numquam

137 4137 248 4212 matta,
284 4153 312 4200 st
345 4147 435 4205 dubiis
457 4157 485 4204 et
516 4149 677 4221 inexpeditis
709 4155 926 4224 praejudicabunt
981 4151 1054 4207 Deus
1067 4148 1170 4214 latebit,
1186 4165 1333 4220 numquam
1348 4149 1423 4204 Deus
1437 4147 1662 4215 deerit:semper
1676 4139 1777 4198 intelli·

136 4228 371 4305 lmissquibus
391 4235 533 4294 diversitas
556 4246 640 4295 status
662 4237 745 4298 257
774 4242 922 4309 inuenitur,
940 4270 964 4348 ὓ
979 4247 1066 4315 petar,
1092 4252 1200 4309 semper
1216 4237 1354 4303 audietur;
1377 4235 1458 4290 etiam
1473 4233 1611 4290 ridebitur
1638 4229 1778 4302 quomodo

134 4316 293 4379 solman
315 4337 372 4380 nou
403 4335 585 4398 provocentur
616 4328 717 4386 incerta
743 4329 776 4386 sd
809 4331 924 4387 formam
978 4328 1060 4385 uolet.
1076 4323 1158 4385 aba
1173 4325 1257 4380 llabet
1271 4323 1343 4379 Deus
1356 4322 1520 4389 testimonia,
1536 4329 1623 4378 toturn
1637 4320 1690 4376 hoc
1703 4320 1775 4391 quod

133 4418 273 4478 maor,
301 4419 331 4467 ut
376 4411 488 4470 liberata
518 4431 536 4471 a
573 4415 677 4489 reliqua
713 4419 925 4490 comparationis
980 4432 1075 4474 sumas
1094 4424 1122 4474 et
1144 4415 1172 4471 in
1186 4427 1240 4487 quo
1267 4413 1430 4469 sumussic
1452 4413 1581 4484 probatur
1603 4419 1630 4466 ct
1654 4411 1728 4464 Deus
1750 4415 1779 4462 et

134 4499 318 4568 macedone
343 4513 392 4570 per
425 4500 606 4560 diversitatem
635 4512 721 4562 status
757 4506 926 4578 principalis.
979 4521 1059 4576 uuus,
1073 4505 1139 4560 duna
1153 4518 1206 4560 non
1222 4502 1369 4574 ignoratur,
1385 4499 1439 4556 alio
1463 4500 1551 4555 adhuc
1576 4497 1684 4568 probari
1698 4497 1777 4552 labo·

132 4581 194 4641 Com
206 4601 273 4644 asro
286 4585 342 4643 duo
362 4586 400 4643 dii
415 4599 611 4662 proponuntur,
640 4592 790 4649 communis
814 4602 856 4649 est
874 4593 926 4650 illis
981 4602 1068 4653 rante.

133 4680 216 4732 statas
238 4674 406 4748 principalia.
433 4676 513 4746 Quod
541 4680 613 4736 enim
639 4682 714 4739 oeus
739 4689 781 4738 est
806 4681 925 4739 ⁴⁵ambo

816 4805 912 4871 Varie
935 4809 1091 4871 lectiones.

160 4930 186 5012 ⁴⁰
198 4931 226 4988 Si
253 4933 425 4992 odcstFran.
440 4937 532 4992 Paris.
548 4938 572 4976 ⁴¹
589 4938 622 4993 Et
635 4937 713 4996 obest
727 4942 813 4996 Fran.
829 4941 922 4996 Poris.
937 4939 963 4977 ⁴²
982 4936 1122 4994 Didicistis
1142 4935 1230 4992 libera.
1245 4934 1271 4973 ⁴³
1284 4934 1315 4989 ln
1330 4933 1434 4989 incerto
1459 4930 1548 4989 libert.
1564 4928 1589 4968 ⁴⁴
1603 4928 1643 4984 ld.
1664 4927 1691 4967 ⁴⁵
1704 4927 1776 4999 Quid

129 5016 197 5058 earm
214 5004 368 5061 Deas‘esti
378 5007 464 5064 Senti.
477 5008 503 5047 ⁴⁶
514 5008 601 5065 Tanta
615 5010 731 5068 Semler.
747 5011 771 5050 ⁴⁴
786 5011 949 5067 tdntolatriae
963 5010 1050 5067 libere.
1063 5008 1088 5047 ⁴⁸
1103 5009 1137 5065 tta
1150 5009 1237 5063 inser.
1252 5006 1339 5062 Semi.
1847 5040 1849 5044 ,

826 5134 1082 5199 Commentarius.

161 5240 217 5311 (35)
226 5237 394 5299 Plenissime
412 5258 563 5316 exequere
584 5243 780 5317 prescribens.
804 5243 919 5300 Cuinam
973 5241 1035 5317 legs
1049 5256 1143 5315 agere,
1169 5239 1225 5296 sire
1239 5236 1397 5305 contenire,
1414 5244 1442 5293 et
1460 5235 1593 5295 actionem
1615 5233 1776 5292 intendero:

128 5323 205 5365 unam
234 5309 322 5365 Deum
346 5327 406 5368 esse
430 5314 617 5383 prescribens,
643 5316 668 5370 id
697 5324 747 5380 est,
791 5329 824 5370 ex
868 5329 919 5370 usu
973 5313 1049 5371 sicl.
1066 5311 1123 5386 aa
1151 5312 1242 5383 Sieqo
1270 5312 1301 5366 l).
1324 5309 1425 5381 sipara
1440 5307 1658 5379 baredpctatur
1679 5323 1717 5360 z«
1744 5304 1777 5357 lit

127 5378 226 5437 lorensi
249 5383 438 5453 respondendo
475 5385 509 5440 ad
547 5386 653 5456 objecta
692 5386 918 5449 adremariornon
975 5384 1141 5457 illequoquc
1155 5383 1254 5456 dirigat
1269 5381 1400 5438 actionem
1414 5381 1543 5440 adversus
1565 5386 1686 5434 exterum
1711 5388 1775 5444 pos·

126 5451 275 5525 meroque
293 5453 435 5510 diluendo.
455 5453 554 5512 Lel’a.
976 5471 1122 5514 sessorem.
1140 5473 1153 5508 s
1168 5455 1209 5512 ln.
1616 5519 1621 5529 ,

159 5523 218 5604 (36)
230 5525 330 5596 ltaque
349 5528 726 5599 constantissimamque.
747 5526 820 5596 Quas
831 5528 859 5584 in
874 5544 924 5586 nos
1013 5528 1068 5599 (37)
1081 5528 1167 5600 llejor
1178 5526 1357 5599 populariter
1371 5523 1481 5608 pencris
1501 5520 1632 5599 baumer.
1650 5515 1707 5570 lloc
1722 5519 1776 5578 cst,

125 5602 245 5654 mones
274 5605 475 5664 contorserunt,
510 5600 685 5672 retorquebo.
722 5599 925 5672 turrigeram
978 5598 1098 5671 qaudam
1108 5610 1270 5663 consensus,
1293 5600 1457 5652 conscientia
1470 5588 1587 5662 publiea.
1603 5587 1666 5643 liro.
