3840 6134
136 313 206 378 roas
474 292 1272 385 reuruuuuuuuautumnalem-semesa,
1293 312 1454 376 namuri.
1718 290 1792 380 rma

132 441 179 498 ubi
218 450 309 495 sermo
331 434 383 494 ltei
415 435 556 495 descendit
579 434 609 493 in
636 451 755 508 carnem,
778 455 814 496 ue
839 440 978 551 nuptiisn
996 450 1099 512 matur,
1115 443 1144 500 id
1158 437 1302 501 esim
1323 441 1358 498 ad
1381 454 1490 515 eaquae
1507 448 1668 515 provocant.
1686 443 1793 503 Proro-

55 527 57 530 ⁴
132 529 241 604 quidem
260 527 424 603 resignatam
441 528 510 600 (sl),
524 535 552 586 et
573 529 670 590 sermo
691 546 756 588 coro
778 533 937 603 scaterent
991 534 1081 605 cubat,
1095 539 1126 590 ut
1138 531 1246 607 opinor,
1261 531 1335 604 quod
1354 528 1484 588 Pbarisaei
1502 529 1664 602 publicanos
1683 540 1714 590 et
1727 549 1793 606 pee-

132 618 226 687 (loun.
247 634 267 686 t,
294 620 347 690 lli,
363 635 398 677 ne
420 619 522 691 nuptiis
546 619 656 693 quidem
681 620 858 695 resignanda3
876 638 938 696 quoe
991 633 1096 681 catores
1118 620 1239 679 ethnicos
1261 619 1620 688 admittentemltomlnum,
1635 626 1663 678 et
1681 635 1744 678 cnm
1757 620 1792 679 il·

133 712 167 768 ad
191 710 306 783 lignum
322 722 377 765 non
401 709 612 778 incontinentia,
626 709 675 766 sed
695 709 843 769 tolerantiae
857 727 938 770 acce-
991 713 1025 770 lis
1047 712 1081 768 de
1102 711 1175 769 victu
1197 710 1439 768 communicantem
1459 708 1590 785 indignati
1612 709 1795 769 mussitabant

134 801 223 868 deret;
240 815 300 873 quae
313 814 368 855 non
384 799 464 856 dulce
478 799 591 872 aliquid,
603 800 652 858 sed
665 815 787 857 amarum
802 801 902 874 aliquid
912 802 937 841 ²⁹
991 801 1103 875 (llattb.
1118 815 1160 867 rx,
1176 799 1233 871 ll).
1255 799 1297 857 Ad
1320 799 1372 856 hoc
1393 796 1526 858 Dominus
1548 798 1659 872 pecudis
1682 800 1794 872 perditae

134 890 199 947 mdc
211 896 346 962 gustarem
361 904 422 961 quae
446 903 501 946 non
523 889 557 945 ad
580 888 693 958 inferos,
710 889 758 946 aed
780 890 815 948 ad
837 891 937 949 coelum
990 889 1187 948 restitutionem
1201 887 1244 946 cui
1268 887 1312 944 alii
1335 886 1521 963 configurasse
1535 888 1690 946 credendus
1702 889 1729 930 ³⁰
1740 897 1793 958 est,

132 979 295 1052 pertineret;
319 992 379 1050 quae
404 992 459 1036 nou
483 977 600 1037 lasciuia
624 977 777 1048 frondibus,
801 980 849 1037 sed
872 996 937 1038 san-
991 996 1074 1054 quam
1100 977 1207 1036 ethnico
1229 976 1345 1050 perdito,
1367 978 1401 1035 de
1429 994 1484 1051 quo
1505 978 1657 1052 agebatun
1679 993 1736 1036 nou
1759 979 1795 1038 de

134 1069 272 1127 elimonie
294 1066 407 1125 floribus
433 1068 667 1144 praecingeretur3
701 1087 762 1143 quae
790 1069 937 1128 munditias
990 1068 1154 1139 Christiano,
1167 1065 1214 1140 qui
1235 1067 1324 1124 adbuc
1337 1066 1444 1123 nemci
1457 1074 1504 1124 aut
1520 1067 1600 1140 quale
1618 1074 1673 1142 est,
1689 1077 1721 1127 ut
1737 1069 1794 1128 llo·

134 1175 199 1218 suas
221 1157 299 1229 aquis
321 1157 440 1216 traderet
461 1158 530 1232 (33),
555 1158 652 1216 exinde
672 1175 736 1218 caro
759 1176 938 1234 quaecumque
989 1159 1080 1218 minam
1101 1157 1179 1230 quasi
1200 1155 1340 1214 cavillator
1360 1155 1557 1230 responsionis,
1578 1156 1681 1215 amasa
1703 1157 1795 1230 specie

136 1248 166 1305 in
180 1247 287 1305 Christo
301 1247 418 1320 reliquas
441 1247 537 1304 sordes
558 1247 687 1319 pristinas
712 1248 801 1316 soluit,
816 1251 869 1307 alia
881 1252 938 1322 jam
992 1247 1117 1325 praesenti
1130 1261 1211 1318 quam
1236 1252 1407 1319 repercutere
1425 1245 1546 1317 deberet,
1561 1246 1594 1302 de
1612 1244 1795 1304 iuturalabo-

136 1352 181 1394 res
203 1342 254 1406 est,
278 1350 348 1394 nova
371 1335 489 1409 emergit
508 1336 578 1407 jam,
599 1350 655 1392 uon
680 1352 714 1393 ex
737 1337 848 1394 seminis
871 1337 935 1409 imo,
991 1338 1053 1394 reti
1075 1334 1130 1392 Sed
1152 1333 1210 1393 oris
1231 1334 1342 1408 proprie
1364 1332 1541 1406 Christianus,
1556 1341 1582 1392 et
1604 1335 1793 1408 qrexltomiui

135 1441 192 1485 nou
216 1441 252 1482 ex
275 1425 502 1497 eoncupiscentia
524 1425 599 1496 fimo,
619 1424 667 1483 sed
682 1443 716 1484 ex
735 1442 806 1499 aqua
828 1442 897 1500 pura
911 1433 938 1484 et
990 1425 1117 1483 Ecclesiae
1137 1423 1264 1498 populus,
1279 1431 1307 1480 et
1329 1432 1423 1496 pastor
1442 1423 1532 1480 bonus
1555 1423 1679 1481 Christus
1697 1423 1791 1497 (loca.

136 1514 235 1589 spiritu
249 1515 363 1572 mundo.
379 1514 452 1585 Quid
473 1514 563 1588 itaque
578 1516 651 1571 illam
668 1514 703 1572 de
722 1515 836 1588 pristino
855 1530 938 1572 excu-
989 1529 1021 1581 x,
1036 1517 1081 1581 ll,
1098 1516 1131 1571 ll
1146 1513 1257 1586 seqq.):
1273 1520 1302 1569 et
1323 1511 1387 1569 ideo
1409 1511 1578 1570 Christianus
1598 1511 1627 1570 iu
1641 1527 1694 1571 ore
1707 1510 1733 1554 ³¹
1747 1512 1791 1570 in-

136 1603 280 1662 sasiNou
294 1621 396 1678 corpus
413 1604 521 1662 Chresti
533 1605 601 1675 (33),
612 1619 668 1660 333
680 1603 806 1661 membre
819 1604 935 1676 Christi,
990 1600 1151 1674 telligendus
1179 1601 1214 1672 ³²,
1243 1599 1291 1674 qui
1318 1601 1352 1657 ab
1377 1599 1511 1659 Ecclesiae
1539 1615 1625 1675 grege
1653 1600 1792 1660 emacuit.

136 1706 192 1752 non
208 1697 346 1769 templum
361 1695 411 1752 Dei
424 1693 572 1750 uocabatur
583 1693 608 1763 (l
623 1694 684 1751 Cor.
699 1709 752 1761 stt,
768 1695 819 1763 273
835 1709 874 1760 vr,
890 1697 935 1762 lt,
989 1691 1062 1766 Ergo
1074 1691 1140 1747 nihil
1164 1690 1199 1746 ad
1221 1689 1419 1747 Pharisaeorum
1437 1688 1656 1748 mussitationem
1674 1707 1792 1765 respou-

137 1785 238 1850 1⁹31!
258 1784 320 1841 Cor.
345 1797 384 1849 vr,
411 1782 466 1852 36),
491 1780 679 1837 cumaculam
699 1781 821 1839 moeclriae
844 1797 938 1840 couse-
990 1779 1122 1838 disseris
1139 1776 1297 1846 Dominum,
1314 1777 1363 1836 sed
1384 1777 1419 1835 ad
1445 1784 1519 1837 tuam
1540 1780 1791 1853 praesumptionem.

137 1871 280 1942 quebatur.
295 1870 399 1942 ltaque,
419 1869 442 1925 si
456 1868 554 1925 exinde
572 1884 628 1943 quo
649 1877 747 1928 statum
761 1871 853 1940 vertit,
868 1872 937 1931 etin
953 1871 975 1948 fl
990 1868 1024 1926 Et
1045 1875 1136 1926 tamen
1157 1860 1194 1925 ita
1222 1883 1282 1924 eam
1309 1867 1447 1925 uindicare
1469 1867 1581 1925 debebis
1599 1876 1629 1925 ut
1657 1884 1744 1944 neges
1765 1871 1793 1927 in

137 1958 274 2015 Christum
289 1957 371 2015 tincta
393 1957 481 2014 induit
503 1958 639 2016 Christum
654 1959 761 2032 (Galat.
778 1977 820 2029 ru,
836 1960 892 2034 27),
909 1970 937 2019 et
989 1958 1125 2016 ethnicum
1146 1965 1311 2030 competere,
1328 1973 1388 2031 quae
1406 1957 1435 2014 in
1451 1957 1636 2017 Christianum
1654 1958 1793 2018 existimas

137 2061 238 2119 magno
260 2046 402 2119 redempta
416 2053 457 2103 est
474 2047 501 2120 (l
521 2050 582 2107 Cor.
598 2064 639 2116 vr,
660 2050 718 2117 20),
734 2049 865 2125 sanguine
880 2050 936 2108 sci·
990 2049 1144 2105 convenire.
1169 2048 1218 2106 Dio
1235 2047 1313 2114 mihi,
1332 2062 1422 2104 nonne
1445 2061 1526 2104 omne
1548 2046 1689 2105 bominum
1708 2064 1793 2124 genus

138 2133 203 2191 lieet
217 2134 322 2193 Domini
335 2143 362 2192 et
384 2135 456 2210 igni
480 2138 509 2209 (1
525 2139 603 2196 Petr.
629 2154 648 2204 1,
665 2139 721 2209 39),
738 2146 814 2196 tenes
828 2139 936 2212 aliquod
990 2152 1062 2194 uuus
1084 2136 1136 2194 Dei
1159 2151 1227 2209 grex
1249 2136 1316 2193 esti
1335 2149 1426 2192 nonne
1453 2134 1644 2193 universarum
1672 2136 1792 2211 gentium

138 2223 305 2295 exemplum,
320 2225 376 2283 sire
392 2232 570 2298 preceptum,
586 2228 643 2282 sive
658 2225 782 2292 formam,
798 2225 855 2284 sive
870 2242 936 2285 seu·
990 2226 1064 2284 idem
1086 2227 1159 2285 Deus
1181 2233 1209 2284 et
1227 2226 1362 2284 Dominus
1385 2233 1413 2283 et
1435 2234 1526 2298 pastor
1548 2226 1614 2282 esti
1628 2225 1692 2299 quis
1706 2226 1793 2302 magis

138 2312 250 2369 tentiam
273 2312 385 2369 indultae
410 2313 465 2371 siue
492 2313 664 2389 indulgendae
690 2313 874 2372 seminationis
896 2324 937 2373 at·
991 2316 1061 2389 perit
1084 2332 1099 2372 a
1122 2317 1192 2384 Deo,
1219 2333 1302 2389 quam
1327 2314 1450 2374 ethnicus
1471 2313 1590 2387 quandiu
1612 2316 1709 2373 armti
1734 2316 1792 2388 quir

139 2415 195 2474 que
209 2401 341 2470 moechia,
356 2402 440 2458 habes
462 2401 542 2458 eliam
563 2401 694 2475 temporis
713 2419 729 2460 a
747 2403 827 2462 nobis
840 2402 939 2462 delini·
991 2404 1078 2479 magis
1104 2405 1250 2479 requiritur
1275 2421 1292 2461 a
1314 2405 1388 2473 Deo,
1416 2418 1498 2475 quam
1526 2403 1662 2471 ethnicus,
1685 2404 1793 2476 quando

141 2487 254 2562 tionem,
270 2504 303 2545 er
317 2488 527 2562 quodeputetur
541 2497 606 2547 aetas
621 2491 788 2564 questionis.
991 2496 1135 2555 revocatur
1157 2510 1173 2551 a
1195 2492 1325 2551 Christo?
1345 2492 1478 2567 Denique,
1503 2492 1640 2551 antecedit
1661 2493 1706 2552 bie
1728 2494 1793 2552 ordo

447 2630 636 2690 celwl-
992 2581 1794 2746 tiillltltltm,tltllttit'ltttj‘it

177 2755 352 2829 Aparabolis
374 2755 467 2814 licebit
484 2754 607 2827 incipias,
623 2757 671 2815 ubi
692 2764 735 2815 est
754 2760 815 2817 ouis
828 2760 935 2833 perdita
992 2761 1099 2820 cbristo
1120 2760 1260 2835 reportati.
1283 2759 1326 2816 lta
1345 2761 1428 2816 etiam
1449 2761 1523 2818 hunc
1545 2759 1672 2818 ordinem
1692 2761 1792 2820 333333

138 2844 286 2903 aDomiuo
300 2845 438 2918 requisita,
454 2852 482 2902 et
503 2846 626 2902 humeris
641 2848 701 2918 ejus
724 2856 832 2907 revecta
854 2851 931 2923 (dcc.
988 2857 1107 2924 oportet,
1131 2856 1162 2907 ut
1185 2850 1213 2905 iu
1235 2863 1284 2906 eos
1311 2849 1364 2906 tale
1391 2847 1493 2922 aliquid
1522 2847 1749 2921 interpretemur,
1771 2848 1793 2908 it

136 2935 218 3002 uv,l
237 2933 337 3007 seqq).
359 2933 509 2992 Procedant
527 2934 594 3007 ipse
618 2937 729 3007 picturae
753 2938 864 2995 calicum
887 2957 934 2997 ue-
987 2940 1087 3013 quibus
1108 2939 1184 3012 prius
1203 2945 1255 2997 cst.
1279 2937 1317 2995 At
1338 2944 1379 3006 tu,
1403 2937 1509 3010 opinor,
1524 2937 1578 2996 boc
1600 2938 1685 2996 uelles
1708 2939 1744 3008 ³³,
1759 2955 1793 2997 uu

136 3030 253 3081 atrorum
277 3023 344 3097 (37),
358 3025 382 3080 si
403 3024 446 3082 uel
470 3025 498 3080 in
520 3024 553 3080 iis
576 3026 724 3099 perlucebit
749 3025 936 3102 interpretatio
951 2998 974 3079 Β
988 3043 1069 3088 ovem
1087 3043 1140 3086 nou
1161 3028 1196 3085 de
1219 3042 1305 3100 grege
1326 3025 1458 3098 perditam
1477 3025 1588 3095 iaceret,
1610 3028 1662 3086 sed
1680 3027 1715 3085 de
1734 3044 1793 3087 arm

135 3109 248 3185 pecudis
262 3110 344 3178 illius,
364 3119 491 3170 utrumne
513 3113 665 3174 Christiano
685 3132 720 3173 33
744 3119 853 3176 ethnico
876 3136 936 3193 pec-
972 3119 1032 3185 ,rel
1050 3117 1085 3174 de
1107 3116 1235 3177 armario.
1252 3114 1298 3173 Sic
1312 3114 1364 3173 etsi
1387 3113 1557 3174 ethuicomm
1580 3115 1715 3190 reliquum
1739 3133 1791 3175 uu-

135 3198 221 3256 catari
244 3201 278 3257 de
300 3202 468 3260 restitutione
490 3202 625 3261 conliniet.
641 3205 843 3264 Praescribimus
862 3207 935 3265 euim
987 3221 1090 3264 merum
1103 3208 1206 3279 iustum
1220 3205 1266 3272 ait,
1282 3220 1337 3262 non
1354 3203 1417 3261 ideo
1434 3202 1603 3262 chdmianos
1616 3220 1680 3264 esse
1696 3214 1789 3264 osten·

135 3304 169 3348 ex
187 3298 291 3349 naturae
313 3292 467 3368 disciplina,
481 3309 515 3351 ex
538 3295 598 3372 lege
621 3297 695 3353 auris
717 3303 746 3353 et
771 3295 883 3371 linque,
902 3311 935 3354 ex
988 3295 1029 3352 dit
1049 3311 1111 3353 cum
1130 3295 1230 3353 iudeis
1253 3309 1346 3368 agens,
1361 3299 1389 3351 et
1410 3291 1471 3351 illos
1485 3309 1549 3350 oum
1563 3294 1683 3352 maxime
1696 3295 1791 3354 obtun-

136 3380 235 3438 mentia
248 3382 361 3440 maritate
383 3398 415 3440 ea
437 3398 547 3458 semper
567 3385 738 3457 responderi,
759 3401 820 3458 quae
834 3399 936 3454 provo·
991 3384 1070 3452 dens,
1084 3385 1158 3459 quod
1175 3383 1383 3456 indignarentur
1404 3379 1465 3456 spei
1488 3382 1661 3442 ethnicorum
1678 3383 1788 3458 (natu.
1826 3422 1828 3428 ·

136 3533 162 3574 ²⁹
183 3532 293 3606 Aliquid
310 3535 385 3596 delet
400 3538 466 3594 lua.
483 3537 510 3577 ³⁰
523 3536 680 3595 credendus
704 3542 746 3594 est
770 3456 983 3664 133ἵέ3ῧέξέ
984 3466 1094 3597 tolcgrliteosa
1109 3534 1319 3594 Restitutionem
1342 3549 1405 3592 cum
1428 3533 1446 3591 ii
1544 3542 1581 3606 et,
1596 3535 1641 3592 cui
1662 3535 1713 3593 alii
1732 3533 1792 3592 retl-

138 3603 337 3748 (ὲῖἓῗῖἑηῶἓὲ
341 3609 441 3732 Ι3313333.
460 3610 541 3666 Pam.
570 3607 594 3648 ³¹
626 3611 713 3667 llomo
741 3610 843 3668 Wouw.
870 3625 901 3666 co
923 3649 930 3664 .
951 3606 977 3647 ³²
1002 3609 1064 3665 Non
1090 3607 1283 3680 intelligendus
1312 3608 1409 3667 Gelan.
1459 3624 1519 3665 om.
1544 3607 1571 3648 ³³
1597 3606 1678 3665 telis
1705 3606 1791 3668 bist

835 3750 1088 3816 Commentarius.

137 3839 176 3882 se
198 3826 300 3884 arboris
315 3826 403 3883 tractu
419 3828 454 3884 de
493 3834 573 3895 stato,
588 3827 732 3887 intellectae
747 3828 860 3887 nuditati
874 3845 939 3888 con·
991 3828 1072 3886 etiam
1086 3827 1138 3883 late
1152 3826 1187 3883 de
1199 3827 1311 3885 materia
1323 3828 1451 3901 baptismi
1464 3845 1540 3904 uquu
1551 3845 1638 3902 pura.
1654 3903 1657 3907 β

138 3898 262 3970 tegendae
289 3896 405 3955 liculnea
435 3900 461 3956 lo
472 3901 497 3954 ia
524 3914 650 3981 carpsere
677 3902 818 3959 :haesisse
845 3909 938 3959 autem
1028 3898 1086 3972 (36)
1105 3899 1166 3958 lion
1185 3915 1287 3975 corpus
1312 3901 1429 3969 Christi,
1444 3907 1496 3959 eto.
1512 3900 1618 3959 licead
1632 3899 1792 3959 calumniam

137 3967 271 4039 pudendis
297 3968 436 4042 ipsorum,
465 3977 546 4042 atque
573 3970 637 4026 unde
662 3978 810 4043 posterum,
839 3973 939 4030 lacteas
991 3971 1116 4044 pertinet.
1137 3971 1207 4027 Pan.
1251 3973 1255 3982 ’

139 4038 245 4106 sordes,
262 4039 382 4096 lrbrdrms
395 4042 523 4108 maculas,
538 4058 589 4099 uec
606 4041 679 4098 ablui
698 4044 832 4125 potuisse,
847 4043 938 4117 prius·
1026 4041 1087 4115 (33)
1100 4042 1226 4099 Pictcroe
1240 4045 1543 4101 culicumcestrorum.
1558 4041 1667 4100 Eodem
1680 4043 1794 4116 partinet

139 4126 221 4182 quam
242 4111 397 4168 advenisset
423 4113 563 4184 Christus3
588 4112 651 4185 quia
675 4116 778 4172 scilicet
796 4131 849 4173 neu
871 4116 938 4188 ipsae
1010 4115 1065 4170 uod
1087 4112 1158 4169 infra
1178 4113 1525 4195 diciturca21⁰tllss³i⁰r
1546 4129 1629 4188 luem
1649 4116 1684 4172 5²³
1708 4116 1794 4175 valia

138 4197 216 4264 aquae
242 4182 327 4239 adbuc
354 4183 491 4253 laverant,
519 4184 642 4242 nondum
673 4185 807 4258 baptismo
840 4184 938 4244 christi
992 4128 1278 4263 §enimaitetcdinde
1291 4130 1649 4259 adfligiturtunctemporis
1663 4184 1794 4246 calices...

139 4253 409 4335 medrflcateliueraut
433 4273 439 4311 :
465 4256 554 4329 itaque
580 4256 702 4313 nondum
728 4265 804 4315 eraut
833 4258 938 4316 idoneae
953 4223 976 4300 Β
993 4270 1048 4312 333
1062 4255 1153 4336 solum
1173 4255 1285 4330 depingi
1308 4255 1396 4313 solere
1418 4255 1514 4329 liguris
1534 4256 1712 4313 historiarum
1735 4256 1794 4316 nori

139 4324 267 4380 sordibus
276 4326 313 4406 ‚ud
336 4342 425 4399 genus
442 4327 575 4383 eluendis.
594 4328 658 4386 lira.
686 4359 722 4370 -
745 4331 861 4387 Prorsus
884 4330 938 4385 ob·
992 4328 1155 4383 Testamenta
1185 4327 1268 4400 (uude
1295 4326 1469 4385 confirmatur
1496 4344 1563 4385 usus
1590 4328 1744 4400 imaginum
1769 4329 1794 4384 iu

140 4409 259 4465 scuram,
275 4410 330 4453 rmo
345 4401 505 4456 mendosum
525 4409 566 4455 est
581 4398 647 4455 illud
671 4406 699 4457 et
720 4402 819 4460 luctae
833 4400 937 4459 sordes.
993 4397 1112 4454 Ecclesia
1115 4437 1169 4455 .....
1173 4397 1198 4471 ),
1221 4399 1270 4454 333
1298 4398 1379 4455 etiam
1403 4398 1504 4458 vitreos
1530 4398 1613 4455 luisse
1641 4416 1650 4455 t
1679 4401 1735 4459 boc
1759 4410 1796 4458 est

139 4455 212 4522 Para.
577 4543 607 4554 ..
851 4541 857 4553 .
993 4469 1076 4539 euim,
1092 4471 1190 4554 [3333ρί
1202 4468 1306 4552 faciles
1318 4468 1392 4552 (cap.
1407 4469 1463 4553 13).
1479 4470 1570 4552 Atque
1583 4468 1662 4526 buci
1717 4488 1745 4528 m
1758 4476 1796 4527 est

173 4566 211 4578 -
223 4539 311 4595 tacta
325 4541 419 4597 cordes
432 4557 491 4598 noc
504 4540 581 4599 ablue
595 4542 713 4601 adoneae.
729 4543 792 4598 Haec
806 4548 940 4612 sumptura
993 4541 1067 4613 quod
1082 4549 1158 4596 cutam
1171 4557 1199 4596 m
1222 4550 1323 4598 nostrus
1345 4541 1462 4617 liturgiis
1479 4542 1636 4619 Launqrnm
1670 4542 1735 4599 ali.
1748 4540 1795 4599 Ze·

138 4615 180 4664 est
193 4615 313 4666 veterum
328 4613 522 4680 exemplarium
543 4629 604 4683 quae
626 4614 693 4671 vidit
705 4613 830 4670 Ursinus.
847 4613 936 4669 Antea
993 4611 1107 4682 pherino
1125 4614 1186 4682 ejus
1208 4612 1295 4669 aetatis
1318 4611 1441 4669 liomano
1464 4612 1591 4683 pontifice
1610 4627 1645 4671 ex
1668 4614 1794 4680 Damaso,

138 4677 287 4754 legebatur,
301 4700 312 4730 c
333 4683 363 4738 lit
375 4683 453 4764 jactae
467 4689 554 4739 sortes
569 4698 623 4738 non
639 4685 772 4739 habentes
787 4683 901 4741 idoneae.
920 4703 931 4735 r
990 4682 1143 4741 Walairido
1167 4691 1194 4741 et
1216 4683 1363 4760 liudulpho⁴
1380 4683 1546 4757 Tungrausi,
1560 4684 1635 4758 quod
1650 4683 1796 4743 331333333-

139 4749 218 4807 Unde
240 4761 267 4807 et
289 4752 383 4809 Ursini
412 4769 490 4810 exem
510 4753 576 4810 laria
596 4752 702 4811 fortean
728 4754 868 4812 emendari
895 4754 936 4812 sic
990 4759 1049 4810 tum
1064 4752 1158 4811 iecerit
1178 4753 1322 4814 utnmnia
1345 4768 1410 4813 uasa
1434 4754 1558 4813 ecclesie
1580 4762 1676 4813 essem
1692 4756 1794 4826 vitrea

158 4823 253 4877 ossint.
268 4824 303 4879 at
318 4824 417 4881 lactere
431 4840 477 4882 sor
510 4842 533 4882 a.
544 4825 648 4881 Alludit
657 4825 730 4881 enim
743 4825 892 4899 Septimius
901 4826 936 4883 ad
989 4823 1065 4882 addit
1077 4823 1207 4882 ilartinua
1220 4824 1340 4882 Polonus
1362 4842 1369 4881 :
1391 4831 1438 4882 aut
1456 4834 1579 4884 stannea.
1593 4826 1795 4897 Verumtamen,

138 4836 484 5021 Eprrlrpsrceffiaeqppoffiedigoliis
505 4895 636 5026 3331133ἰί
653 4899 718 4967 siue,
733 4906 763 4954 ut
777 4912 839 4956 mox
854 4899 935 4969 dicet,
990 4909 1047 5022 pou
1060 4893 1233 5026 333313ι3ί33ἐ3ξ1
1249 4899 1329 4954 etiam
1346 4906 1613 5026 argentechtLaaurea
1622 4914 1693 5026 tivim
1705 4901 1798 5029 iffi

124 5046 138 5063 ⁴
175 5035 233 5104 (st)
249 5036 368 5094 Carnem
382 5052 418 5121 rac
429 4982 543 5119 1383ιῖ3ῗὲ
554 4983 866 5114 qaaaicffi'reeqmtam.
875 5040 936 5097 Elo-
990 4981 1623 5121 ἒέηεῧξοξῗῶι(ὂίρἑιίιξςεῐιιο,ῃὲαρ.38)αὲἶῖ
1645 4986 1798 5116 pagiuam

139 5114 261 5177 gausest
279 5107 438 5165 Tertulliani
459 5124 521 5167 oum
543 5110 621 5179 illud,
637 5128 754 5172 caraem
771 5129 808 5170 ue
825 5113 936 5188 nuptiae
990 5117 1096 5167 crrcrter
1124 5125 1179 5168 uno
1212 5126 1307 5169 mense
1332 5116 1394 5170 aute
1417 5110 1448 5171 ll.
1473 5112 1512 5184 Cp
1534 5112 1650 5180 rianum,
1675 5115 1745 5170 item
1766 5127 1798 5170 ex

138 5177 254 5248 quidem
263 5181 448 5252 resiqnclam,
460 5180 494 5238 de
502 5182 633 5265 liblariae
644 5198 725 5240 carne
734 5183 938 5259 3333333333-
991 5180 1092 5252 optato
1116 5180 1229 5240 liilerit.
1256 5182 1314 5256 (llo.
1338 5197 1359 5252 1,
1376 5183 1482 5242 Contra
1505 5129 1666 5268 33333333).
1680 5183 1797 5244 nursam

138 5263 218 5320 quam
233 5261 335 5351 nuptae,
350 5260 382 5333 et·
395 5271 431 5336 aa
448 5271 489 5310 cu
510 5255 557 5310 tiu
571 5255 686 5337 quidem
703 5258 761 5314 resi
778 5254 884 5338 accde,
901 5254 936 5310 de
991 5258 1080 5309 333333
1099 5253 1215 5326 pecudia
1239 5269 1342 5337 nomen
1358 5261 1471 5340 usurpat
1493 5270 1546 5339 prq
1564 5269 1616 5339 poe
1639 5254 1726 5335 adque
1745 5261 1798 5315 noa

138 5333 221 5376 carne
236 5321 335 5378 Christi
358 5339 474 5398 virgine.
515 5335 611 5397 ppomt
632 5329 724 5382 autem
759 5328 846 5381 irrisu
867 5324 937 5383 lacta
991 5322 1086 5381 semel.
1104 5326 1173 5386 Pau.
1186 5355 1222 5369 -
1243 5324 1295 5385 Per
1315 5333 1436 5398 picturas
1461 5325 1590 5410 menagii
1609 5298 1715 5402 iguino

139 5390 217 5447 iactis
233 5393 307 5450 Evae.
323 5395 395 5450 Pau.
417 5465 447 5476 ..
625 5464 631 5476 .
864 5465 871 5478 .
991 5393 1166 5478 inscriptura
1179 5397 1293 5455 calicum
1308 5413 1389 5455 usum
1403 5406 1431 5455 et
1445 5397 1526 5454 ritum
1541 5415 1565 5455 st
1586 5397 1711 5476 uilium.

175 5463 232 5535 (35)
244 5464 477 5548 Quoemundttacs
487 5480 580 5547 sacae
599 5465 937 5549 uaetruderetllocrdem
991 5465 1157 5548 cntmailert
1179 5467 1313 5527 &melius
1335 5467 1370 5524 de
1394 5467 1523 5551 calicibus
1545 5416 1652 5546 astreis,
1666 5480 1693 5529 st
1764 5470 1796 5538 ',

138 5534 280 5617 estquod
307 5535 483 5617 duratsnpra
510 5536 560 5592 aluo
600 5554 607 5592 r
636 5535 685 5592 llb.
706 5537 748 5619 ,de
775 5539 933 5623 baptismo,
991 5554 1081 5597 auron
1107 5539 1244 5623 argenteis
1269 5538 1442 5625 exclametis
1466 5534 1635 5614 pontificum,
1663 5542 1700 5602 ad
1727 5545 1798 5603 luna

141 5622 153 5655 ι
170 5603 304 5665 clusium
318 5607 453 5680 bapusmo
467 5622 517 5667 suo
532 5623 616 5684 aquas
628 5607 829 5684 sanculicasse3
851 5629 865 5667 a
885 5611 933 5670 ubi
990 5609 1082 5670 locum
1091 5625 1204 5672 manime
1216 5614 1352 5687 perimere
1365 5609 1501 5673 exutimo.
1514 5610 1554 5673 lm
1568 5612 1620 5671 33.
