3840 6134
127 300 180 360 aar
605 275 609 281 ’
737 303 798 364 ua.
819 303 842 365 ii
861 305 943 367 ior.
961 306 1166 375 nitrionis.
1726 332 1779 391 εει

124 436 153 484 ει
168 437 301 501 potastis,
315 429 445 485 rictorem
459 429 544 487 elficit
557 430 640 488 bodie
654 432 689 488 de
702 433 799 489 eodem
811 434 930 506 diabolo,
946 449 970 530 p
985 434 1058 491 Deus
1071 435 1106 493 de
1120 438 1216 509 spiritu
1232 456 1292 497 suo.
1308 443 1436 516 Denique,
1453 462 1515 505 cnm
1534 453 1676 513 manifeste
1689 459 1780 532 Scrip-

126 532 190 575 enm
206 519 359 575 secundum
372 518 635 594 obsequiumlegum
649 522 708 591 ejus
717 522 926 581 administratur.
985 532 1045 580 tura
1056 526 1127 581 dicat
1141 529 1223 599 (Geta.
1239 547 1268 597 ii,
1289 535 1318 602 7)
1335 533 1416 591 ilasse
1430 537 1515 593 Deum
1531 542 1558 596 in
1573 542 1669 601 laniem
1688 548 1778 604 bomi-

449 661 560 719 CAPUT
579 662 629 718 lx·
983 615 1035 681 nis,
1056 623 1083 670 ει
1100 615 1199 674 iactum
1220 620 1357 679 hominem
1372 624 1400 679 iii
1414 625 1531 684 animam
1554 631 1651 703 aivam,
1666 651 1721 693 oon
1751 639 1778 693 in

984 703 1108 774 spiritum
1123 705 1329 782 vivificatorem,
1347 716 1481 784 separavit
1504 732 1562 772 eam
1586 735 1603 774 a
1626 723 1779 781 conditione

163 786 281 859 Quoquo
305 793 405 853 tamon,
427 785 532 869 inquis,
556 789 639 845 modo
654 788 802 844 substantia
815 787 929 846 Creato-
982 789 1101 851 lactoris.
1118 793 1195 868 Opus
1213 800 1288 854 enim
1306 800 1379 858 aliud
1387 803 1424 858 sit
1438 819 1550 863 neccsse
1564 818 1605 862 εει
1618 812 1652 864 ab
1667 813 1778 881 artilice,

125 875 372 948 risdeliaticapax
387 875 531 943 invenitur,
554 892 616 933 cum
640 875 752 932 adflatus
774 877 832 949 Dei,
848 877 930 936 idest
982 880 1067 938 idest
1089 882 1201 940 inferius
1220 887 1333 945 artifice.
1363 890 1422 947 Nec
1441 909 1540 950 urceus
1558 897 1632 951 enim
1656 897 1781 956 lactusa

126 965 228 1031 anima,
243 965 273 1020 iu
295 964 407 1022 bomine
429 965 552 1038 deliquit.
572 966 630 1023 Nec
644 973 736 1038 potest
748 980 804 1023 nou
818 966 853 1021 ad
872 967 928 1023 ori·
982 967 1075 1042 ligula,
1091 970 1150 1044 ipse
1166 973 1218 1029 erit
1240 974 1363 1050 figulus;
1389 981 1425 1034 ita
1447 995 1499 1037 nee
1522 982 1637 1040 adflatus
1660 985 1781 1044 lactuca

128 1056 247 1131 ginalem
263 1055 288 1095 ³⁹
311 1070 444 1111 summam
464 1054 558 1112 relorri
572 1048 711 1127 corruptio
726 1055 870 1127 portionis.
886 1055 928 1113 ild
981 1057 1086 1128 spiritu,
1102 1059 1163 1116 ideo
1178 1062 1230 1119 erit
1253 1065 1374 1137 spiritus.
1392 1069 1483 1140 ipsum
1499 1071 1571 1139 quod
1587 1071 1685 1139 anima,
1701 1074 1781 1132 voci-

125 1145 177 1200 boc
207 1142 410 1215 interpretanda
436 1142 487 1199 crit
514 1144 628 1216 qualitas
652 1143 809 1201 enimenin
833 1145 929 1218 primis
982 1148 1209 1206 tatusestllatus.
1223 1153 1292 1209 Vide
1307 1155 1385 1212 etiam
1401 1174 1435 1213 ne
1449 1159 1484 1216 dc
1508 1160 1598 1217 aillata
1624 1163 1781 1221 conditione

125 1231 286 1299 nuendum,
301 1231 374 1305 quod
395 1231 492 1290 Graeua
513 1232 656 1305 Scriptura
670 1231 786 1307 signauit
799 1232 869 1306 (29),
886 1235 927 1290 al·
981 1234 1114 1292 transierit
1155 1238 1184 1295 in
1218 1241 1336 1312 aliquam
1373 1244 1575 1304 diminutiorem
1613 1251 1780 1322 qualitatem.

125 1320 220 1378 tatum
246 1322 400 1389 nominans,
426 1336 482 1379 non
504 1321 641 1394 spiritum.
663 1321 779 1392 Quidam
796 1323 870 1380 enim
893 1325 927 1384 de
980 1325 1064 1396 Ergo,
1079 1326 1179 1400 inquis,
1202 1331 1300 1387 dedisti
1314 1334 1413 1390 animae
1425 1335 1607 1396 infirmitatem
1638 1357 1720 1414 supra
1733 1359 1781 1400 ne·

126 1409 226 1468 Graeoo
255 1410 473 1482 interpretantes,
501 1427 557 1468 non
587 1412 734 1486 recogitata
761 1412 925 1482 dillorantia,
980 1422 1079 1487 gatam.
1095 1416 1184 1489 Plane,
1198 1433 1261 1474 cum
1284 1421 1358 1479 illam
1382 1424 1470 1495 exigis
1490 1426 1548 1483 Deo
1564 1444 1668 1500 parem,
1685 1431 1712 1487 id
1728 1440 1779 1500 est,

127 1515 176 1559 nec
195 1507 294 1558 curata
307 1500 469 1574 proprietate
481 1502 636 1568 uerborum,
652 1518 701 1574 pro
719 1503 824 1575 afflatu
838 1506 926 1577 spiri-
980 1501 1079 1560 dedicti
1091 1504 1252 1577 immunem,
1267 1509 1327 1567 dico
1351 1511 1498 1574 infirmam.
1516 1517 1585 1573 (luni
1599 1535 1663 1576 varo
1683 1521 1717 1576 ad
1731 1537 1779 1577 an·

129 1594 189 1648 ιεεη
202 1597 320 1661 ponunt,
336 1596 363 1645 ei
382 1587 447 1645 dant
461 1590 597 1647 haereticis
616 1590 787 1648 occasionem
802 1592 926 1665 spiritum
981 1593 1072 1663 gelum
1099 1605 1270 1663 provocatur,
1295 1597 1432 1658 fortiorem
1456 1602 1597 1660 delendam
1613 1622 1725 1665 necesse
1738 1617 1781 1666 est

128 1679 174 1737 uei
187 1677 290 1736 delicto
304 1673 390 1735 wo
414 1676 578 1745 infuscandi,
600 1679 682 1736 idest
703 1679 793 1753 ipsum
815 1682 926 1748 Deumt
981 1682 1125 1738 Domitium
1153 1685 1359 1758 universitatis;
1393 1692 1438 1747 cui
1462 1693 1518 1762 jam
1546 1695 1635 1768 angeli
1660 1698 1779 1753 admini-

132 1774 299 1840 etnsurpata
316 1767 374 1836 jam
388 1767 502 1839 quaestio
525 1777 576 1825 est.
601 1768 722 1845 intellige
737 1769 826 1841 itaque
850 1770 927 1827 ailla-
944 1742 968 1821 Β
984 1779 1054 1827 trarit
1069 1772 1160 1843 (Hebr.
1178 1789 1199 1844 i,
1221 1776 1267 1846 ll)
1285 1794 1292 1831 :
1315 1776 1361 1849 qui
1384 1779 1466 1835 etiam
1484 1782 1595 1856 angelos
1607 1785 1777 1855 judicaturus

134 1866 188 1915 tuin
201 1858 330 1913 minorem
347 1857 444 1929 spiritu
464 1872 523 1913 esse
538 1858 573 1925 ⁴⁰,
588 1857 637 1914 etsi
652 1858 687 1914 de
705 1857 802 1931 spiritu
822 1859 928 1930 accidit,
982 1871 1023 1918 εει
1034 1857 1122 1918 996
1135 1861 1162 1934 (l
1172 1864 1233 1920 Cor.
1244 1865 1329 1936 vni).
1339 1867 1361 1921 si
1371 1865 1397 1921 in
1408 1867 1696 1943 Deilegeconstiterit,
1707 1878 1779 1946 quod

137 1954 165 2002 ut
177 1944 293 2002 iamiam
308 1946 382 2017 ejus,
396 1959 452 2002 noti
475 1952 567 2002 tamen
580 1946 713 2018 spiritum.
729 1947 798 2003 Nam
820 1956 847 2005 et
864 1965 930 2005 aura
981 1951 1009 2006 in
1025 1950 1172 2022 primordio
1185 1953 1282 2009 noluit.
1297 1956 1353 2011 lloc
1372 1955 1461 2028 ipsum
1480 1974 1546 2031 ergo
1566 1962 1655 2030 potuit
1667 1961 1781 2020 adflatus

136 2034 321 2102 miserior,
351 2034 401 2091 etsi
416 2034 450 2090 de
472 2043 552 2092 rento
566 2051 643 2108 aura,
660 2051 714 2093 iion
730 2042 820 2093 tamen
834 2044 929 2094 uentus
982 2038 1031 2095 Dei
1045 2038 1196 2097 admittere.
1212 2042 1311 2113 Potuit,
1327 2044 1445 2101 sednon
1463 2045 1565 2103 debuit.
1577 2047 1697 2106 Potuisse
1708 2052 1781 2107 enirn

131 2139 201 2181 iura.
219 2123 298 2196 Capit
311 2123 393 2180 etiam
405 2123 553 2198 imaginem
575 2125 689 2198 spiritus
703 2125 793 2182 dicere
806 2125 863 2199 (30)
876 2126 929 2182 ila·
982 2128 1083 2195 babuit,
1101 2143 1151 2201 par
1165 2128 1320 2188 subtantiae
1335 2132 1495 2206 exilitatem,
1515 2152 1568 2208 qua
1591 2136 1707 2206 albatus,
1727 2155 1782 2197 non

131 2221 193 2270 ιιιιι.
209 2212 282 2269 Nam
295 2220 324 2269 ει
337 2212 401 2271 ideo
419 2214 501 2270 honio
514 2212 607 2288 imago
621 2214 684 2287 Dei,
694 2214 721 2272 id
736 2225 777 2271 ost
792 2215 903 2288 spiritus
919 2234 927 2273 :
982 2216 1113 2289 spiritus:
1138 2232 1193 2273 non
1207 2216 1336 2277 debuisse
1349 2230 1448 2293 autem,
1471 2239 1521 2295 per
1539 2224 1642 2280 arbitrii
1663 2233 1781 2297 potesta·
1871 2252 1874 2259 ·

130 2300 199 2359 betis
211 2302 288 2358 enini
312 2301 434 2374 spiritns.
459 2303 552 2376 Imago
574 2318 641 2377 ergo
662 2303 781 2375 spiritns,
798 2304 878 2362 llatus
891 2305 925 2365 ⁴¹.
983 2312 1045 2369 tem,
1062 2321 1114 2376 qna
1128 2306 1206 2378 liber,
1222 2323 1276 2365 non
1290 2324 1384 2366 serius
1400 2330 1408 2379 ;
1425 2310 1570 2369 adsistente
1595 2313 1708 2383 amplius
1728 2313 1780 2369 de-

130 2391 222 2461 lorro,
236 2392 332 2464 imago
345 2392 452 2448 veritati
464 2408 518 2449 non
529 2407 723 2466 usquequaque
732 2393 927 2466 adaequabitur.
982 2393 1175 2450 monstratione
1202 2412 1257 2453 uon
1288 2397 1461 2471 delinquendi
1488 2401 1540 2456 sub
1573 2401 1782 2461 commiuatione

128 2480 207 2537 llind
222 2489 267 2538 est
289 2481 363 2538 enirn
386 2482 535 2542 secundum
548 2481 687 2539 veritatem
709 2498 778 2552 esse,
794 2483 868 2541 aliud
883 2485 928 2557 ip·
982 2481 1125 2555 moriendi,
1147 2500 1201 2557 qua
1227 2486 1428 2546 substrueretur
1442 2489 1602 2546 substantie
1619 2491 1737 2564 exilitas,
1753 2499 1782 2548 et

128 2586 180 2629 tani
210 2571 356 2629 ueritatem
384 2587 455 2628 esse.
483 2571 528 2627 Sic
551 2580 578 2627 et
600 2571 733 2641 adllatus,
756 2588 818 2629 cum
837 2574 928 2646 imago
982 2580 1124 2643 regeretur
1145 2575 1285 2631 sententie
1307 2575 1427 2633 libertas.
1450 2576 1542 2650 ltaque
1562 2595 1617 2637 non
1645 2595 1693 2651 per
1715 2579 1781 2637 illud

128 2661 298 2734 iitspiritus,
316 2676 372 2718 non
399 2668 484 2734 potest
506 2660 546 2717 ita
568 2660 713 2733 imaginem
737 2662 788 2719 liei
814 2679 927 2736 compa·
979 2660 1037 2730 jain
1059 2661 1144 2720 rideri
1168 2672 1257 2736 potest
1284 2665 1378 2721 anima
1399 2665 1555 2739 deliquisse,
1570 2668 1642 2740 qnod
1662 2668 1701 2724 illi
1719 2685 1780 2725 cum

128 2751 231 2820 rere⁴2,
246 2760 279 2808 ut
294 2749 360 2824 qnia
373 2751 483 2820 raritas,
498 2749 526 2806 id
544 2760 585 2805 est
600 2749 722 2821 spiritns,
734 2751 761 2806 id
787 2759 828 2809 εει
841 2753 926 2824 Deus,
981 2750 1040 2807 Deo
1068 2751 1148 2809 aliine
1171 2760 1222 2823 est,
1248 2768 1299 2825 per
1324 2755 1452 2811 adflatum
1464 2773 1471 2810 :
1483 2756 1532 2812 sad
1559 2772 1609 2829 per
1621 2756 1687 2813 illud
1705 2760 1780 2829 qnod
1803 2786 1810 2797 ·

128 2838 181 2897 sirie
193 2838 298 2897 delicto
310 2845 363 2908 est,
385 2837 447 2894 ideo
471 2846 498 2895 ει
516 2836 634 2907 aillatns,
649 2838 730 2895 idest
751 2837 851 2912 imago,
872 2857 925 2898 uon
980 2840 1137 2897 substantiae
1155 2843 1277 2915 accessit,
1291 2843 1319 2898 id
1340 2852 1382 2901 est
1408 2861 1458 2918 per
1475 2844 1590 2903 liberum
1612 2846 1752 2904 arbitrium
1771 2869 1778 2919 ;

130 2926 253 2984 debuerit
271 2926 414 2984 admisisse
433 2927 569 2984 delictum.
584 2926 614 2982 ln
634 2926 686 2983 boc
705 2926 756 2983 erit
769 2928 859 3001 imago
873 2929 927 2984 ml·
980 2928 1065 2984 alteo
1079 2929 1187 3001 quidem
1210 2931 1378 2989 rationaliter
1399 2934 1583 3005 adtributum3
1606 2938 1640 2993 ab
1667 2936 1781 2994 homine

132 3030 180 3073 nor
200 3016 325 3088 ιειίιειε,
339 3022 367 3071 ει
395 3014 503 3070 alllatus
528 3013 624 3086 spiritu
642 3013 765 3085 inferior,
780 3015 883 3071 babens
897 3016 930 3072 il-
945 3031 967 3111 e
982 3030 1058 3082 uero,
1074 3033 1127 3088 qua
1145 3019 1228 3074 soluit
1242 3020 1381 3093 agitatum.
1397 3021 1478 3093 Quod
1509 3025 1533 3081 si
1556 3026 1592 3080 ita
1612 3042 1642 3081 sc
1669 3028 1780 3094 babent,

136 3102 176 3160 las
189 3103 285 3177 ntique
302 3105 390 3160 lineas
413 3105 473 3174 Dei,
497 3119 553 3176 qua
580 3104 741 3161 immortalis
754 3103 853 3174 anima,
876 3121 929 3179 qua
982 3104 1072 3160 oninis
1084 3104 1140 3174 jam
1155 3106 1204 3162 Dei
1216 3108 1359 3177 dispositio
1369 3112 1404 3167 de
1416 3111 1480 3168 mall
1491 3113 1701 3182 exprobratione
1716 3132 1781 3187 pun

135 3193 219 3251 libera
232 3202 259 3249 et
272 3193 311 3249 sui
334 3193 448 3264 arbitrii,
474 3209 530 3265 qua
554 3192 669 3266 praescia
693 3192 861 3266 plerumque,
876 3211 930 3266 qna
982 3200 1072 3267 gatur.
1097 3194 1218 3252 libertas
1241 3195 1313 3252 enini
1336 3198 1440 3254 arbitrii
1464 3216 1519 3257 non
1541 3201 1565 3256 ci
1579 3202 1684 3271 culpam
1704 3220 1781 3261 suam

134 3283 279 3351 annualis,
289 3298 374 3358 capax
391 3283 542 3340 intellectus
560 3290 586 3340 et
601 3282 721 3340 scientie
736 3299 744 3337 :
761 3291 850 3339 tamen
861 3290 888 3340 et
901 3283 927 3324 ⁴³
983 3289 1102 3353 respuet,
1123 3298 1138 3338 a
1158 3298 1211 3357 quo
1225 3285 1287 3340 data
1309 3293 1359 3353 εει,
1381 3286 1430 3342 sed
1449 3302 1535 3360 aquo
1557 3303 1612 3344 non
1633 3298 1663 3344 ut
1688 3291 1783 3349 debuit

134 3371 215 3428 iubis
227 3370 331 3445 imago,
346 3380 373 3428 et
388 3387 452 3441 non,
468 3387 555 3444 usque
579 3372 614 3428 ad
639 3371 725 3444 ipsam
747 3373 803 3431 uim
831 3371 930 3429 diuini·
983 3371 1168 3429 administrata
1194 3382 1244 3431 εει.
1262 3374 1341 3444 Quod
1368 3377 1499 3451 denique,
1514 3378 1614 3434 malum
1643 3378 1783 3438 adscribes

135 3460 210 3532 ntis3
240 3460 283 3516 sic
309 3476 360 3518 nec
383 3477 470 3534 usque
493 3459 529 3516 ad
553 3459 736 3536 integritatem
765 3461 929 3534 adelicto;
984 3459 1107 3516 Creatori
1134 3461 1159 3501 ⁴⁶
1183 3462 1197 3517 i
1224 3463 1247 3519 si
1273 3464 1400 3521 delictum
1428 3465 1543 3534 homiui,
1572 3482 1627 3523 non
1655 3466 1707 3525 erit
1733 3467 1783 3526 Dei

134 3550 190 3625 quia
212 3550 268 3608 boc
290 3549 341 3607 soli
368 3549 426 3608 Deo
450 3550 530 3619 cedit,
555 3549 584 3606 id
609 3558 655 3606 est
673 3550 804 3618 veritati3
829 3558 856 3607 et
878 3550 931 3609 boc
983 3549 1057 3622 quod
1075 3559 1126 3616 est,
1151 3550 1267 3607 bominis
1281 3569 1288 3612 ;
1304 3567 1355 3610 nec
1381 3553 1454 3609 idem
1477 3554 1616 3612 bibendus
1636 3563 1678 3612 est
1691 3555 1782 3614 delicti

136 3640 216 3696 tolum
242 3640 356 3714 imagini
379 3655 435 3698 non
464 3639 537 3697 licet.
563 3638 722 3698 sicutenim
736 3639 838 3712 imago,
867 3655 931 3700 cuni
984 3645 1077 3695 auctor
1100 3638 1145 3712 qui
1177 3640 1311 3699 inuenitur
1338 3641 1507 3711 interdictor,
1523 3643 1578 3700 imo
1600 3651 1628 3701 et
1650 3647 1781 3702 condem·

138 3742 223 3788 onnes
241 3729 331 3786 lineas
353 3730 486 3801 exprimat
512 3728 645 3799 ueritatis,
666 3728 691 3785 vi
715 3730 739 3767 ⁴⁴
765 3738 856 3785 taineii
873 3729 932 3800 ipss
985 3738 1073 3785 nator.
1092 3727 1120 3784 Si
1145 3743 1217 3785 mors
1231 3729 1343 3798 malum,
1359 3748 1410 3788 nec
1432 3747 1507 3788 mors
1530 3734 1719 3792 comminatori
1732 3750 1782 3792 suo

139 3827 214 3887 ciret,
230 3834 288 3876 non
303 3817 405 3874 babens
421 3826 543 3886 motum;
564 3819 642 3875 itaet
659 3817 749 3874 anima
767 3819 859 3891 imago
872 3819 930 3892 spi·
985 3817 1032 3874 sed
1048 3819 1227 3890 contemptori
1242 3817 1323 3876 iaciat
1335 3820 1474 3890 insidiam,
1488 3823 1641 3880 utauctori.
1653 3824 1784 3880 Contem-

140 3905 207 3973 ritns,
223 3906 315 3963 solain
329 3906 384 3962 rim
405 3908 464 3974 ejus
485 3906 639 3981 exprimere
658 3906 821 3974 nonvaluit,
836 3906 931 3980 idest,
986 3905 1075 3963 nendo
1088 3910 1160 3964 enim
1181 3925 1242 3966 esni
1260 3909 1345 3981 lecit;
1367 3924 1421 3968 non
1440 3910 1532 3984 utique
1547 3911 1674 3980 laturam,
1691 3912 1715 3968 si
1730 3928 1785 3970 iion

141 4008 185 4053 nou
208 3995 387 4070 delinquendi
413 3995 565 4054 felicitatem
580 3996 614 4052 ⁴⁵.
630 3996 764 4053 Ceterum
787 4011 842 4054 non
860 4004 933 4056 esset
985 3997 1201 4069 contempsisset.

142 4085 232 4155 nima,
248 4084 298 4142 sed
313 4083 439 4158 spiritus;
454 4099 506 4143 nec
520 4087 612 4152 bomo,
628 4084 675 4159 qni
689 4084 807 4142 animani
822 4085 933 4142 sortitus

144 4182 182 4241 til,
194 4174 245 4232 sed
259 4175 343 4233 Deus.
367 4176 401 4232 itt
419 4176 487 4232 alias
510 4183 612 4244 autem,
627 4190 682 4233 non
698 4190 778 4234 omno
791 4174 864 4248 qnod
882 4174 933 4231 Dei
1300 4140 1413 4201 CAPUT
1431 4139 1469 4199 Χ·

145 4262 194 4333 erit,
212 4264 281 4320 deris
300 4264 446 4321 habebitur
462 4284 469 4322 ι
484 4273 514 4321 ut
529 4265 686 4338 expostules
700 4267 787 4323 Deum
808 4271 836 4321 et
853 4262 934 4319 ailla·
1024 4263 1088 4331 Sed,
1104 4264 1154 4320 etsi
1167 4264 1191 4303 ⁴⁴
1203 4266 1237 4321 ab
1251 4265 1360 4323 bomine
1381 4267 1409 4322 in
1422 4268 1562 4326 diabolum
1584 4268 1788 4344 transcripseris

146 4354 200 4421 tnui,
216 4349 245 4408 id
264 4359 307 4410 est
328 4368 444 4411 saeuum
462 4354 600 4424 adelicto,
620 4354 683 4429 quia
705 4354 755 4411 liei
768 4352 804 4410 sit
820 4351 933 4410 aillatus.
951 4343 975 4423 ΙΙ
991 4351 1053 4408 mali
1080 4350 1197 4423 elogium
1225 4352 1295 4425 (31),
1319 4361 1348 4407 ιιι
1367 4354 1393 4407 iii
1414 4355 1441 4392 ⁴⁸
1466 4356 1653 4416 instinctorem
1668 4357 1785 4415 delicti:

146 4436 191 4498 llec
203 4450 232 4499 tn
251 4443 325 4499 siiim
344 4444 367 4500 si
386 4443 414 4500 in
438 4444 529 4502 tibiam
543 4444 824 4517 daveda-bominem
839 4442 934 4500 tibiam
988 4441 1028 4498 uti
1043 4441 1083 4496 sic
1098 4455 1205 4512 quoque
1224 4439 1251 4495 iii
1273 4439 1428 4498 Creatorem
1443 4443 1546 4516 dirigas
1560 4446 1676 4518 culpam,
1693 4454 1722 4503 ut
1737 4463 1787 4502 au-

146 4526 241 4601 laroris,
257 4548 421 4607 quamquam
444 4534 479 4593 de
501 4535 591 4593 anima
607 4546 653 4593 tua
677 4533 796 4606 flaveris,
816 4532 884 4591 sicut
907 4538 935 4588 ει
988 4538 1091 4591 ειοιειιι
1105 4530 1215 4601 diaboli,
1231 4529 1278 4602 qui
1291 4529 1353 4586 iacit
1367 4532 1600 4605 angolosspiritus
1616 4553 1623 4593 ε
1638 4550 1704 4604 ergo
1714 4536 1787 4607 quod

814 4678 911 4743 Variae
942 4680 1100 4744 lectiones.

172 4802 255 4863 ³⁸0·
276 4806 349 4863 'nem
367 4805 459 4865 l'ettet.
488 4805 549 4879 ltip.
563 4803 589 4845 ⁴⁰
612 4802 742 4879 Spiritum
759 4804 845 4864 Semi.
875 4802 985 4861 Odertlt.
1001 4800 1025 4840 ⁴¹
1039 4801 1097 4858 bel.
1113 4798 1227 4856 adflatus
1241 4796 1348 4880 ramat.
1368 4796 1454 4881 demi.
1469 4796 1495 4836 ⁴²
1513 4794 1685 4881 Compariare
1707 4793 1789 4879 Cice·

145 4889 198 4934 toit.
216 4877 244 4917 ⁴³
295 4879 391 4935 tlon.
416 4878 442 4916 ⁴⁴
460 4878 521 4934 Vita
540 4878 642 4951 conjic.
672 4880 757 4937 Semi.
773 4874 978 4933 ⁴⁵Facultatem
999 4873 1100 4943 contio.
1116 4871 1225 4928 Pomel.
1245 4870 1270 4910 ⁴⁴
1292 4870 1429 4928 Discribes
1459 4870 1551 4928 l'eatct.
1573 4868 1789 4943 lltq.·descrtbes

143 4947 243 5008 Pcmcl.
259 4952 346 5009 Semi.
362 4951 386 4990 ⁴⁴
400 4949 585 5018 Nomitttert't
600 4951 686 5009 Scml.
700 4963 772 5007 nunc
785 4950 854 5007 luat.
874 4946 899 4984 ⁴⁴
912 4945 943 5002 ln
961 4944 1038 5002 obest
1055 4943 1140 5002 Semi.
1151 4944 1259 4999 Potrici.

841 5073 1091 5139 Commentarius.

171 5201 229 5277 (29)
250 5204 328 5274 Quod
348 5205 446 5263 Groecc
460 5204 610 5278 Scriptura
624 5206 759 5277 siqttcaa't,
775 5210 827 5261 etc.
851 5203 935 5258 Recte
988 5199 1022 5254 lit
1035 5196 1079 5253 bic
1093 5195 1170 5278 rides
1186 5194 1321 5276 quomodo
1339 5193 1424 5276 ¹verbo
1439 5196 1518 5268 capit
1537 5200 1636 5276 utatur.
1658 5190 1717 5275 lloc
1738 5200 1789 5255 εει,

140 5270 232 5331 traca
255 5275 387 5344 toxirtob
401 5279 434 5331 ad
462 5277 612 5348 marginem
627 5286 752 5334 sononia
775 5281 817 5332 est
831 5290 846 5328 a
860 5273 938 5329 Rhe·
991 5265 1312 5351 ilatusflsignificatctiairi
1338 5282 1483 5336 imaginem
1512 5273 1633 5337 spiritus,
1657 5280 1716 5323 sive
1741 5279 1792 5334 po·

141 5360 220 5417 nano,
235 5348 270 5404 ad
289 5362 371 5420 quam
386 5348 431 5405 bic
445 5346 541 5404 alludit
555 5359 666 5416 auctor;
683 5364 743 5403 uam
773 5362 805 5402 ea
825 5345 937 5418 legitur,
992 5349 1044 5398 test
1058 5342 1111 5395 dici
1125 5341 1218 5412 imago
1233 5344 1362 5422 apertius.
1376 5338 1492 5423 linari..
1622 5409 1628 5421 .
1728 5405 1733 5414 Ι

140 5415 239 5475 Genea.
255 5435 286 5486 ιι,
308 5436 362 5476 iioii
385 5435 451 5476 varo
472 5424 590 5492 mrtp23
611 5434 694 5490 qnare
716 5418 830 5489 proinde
856 5418 937 5471 etlam
1027 5411 1085 5484 (31)
1104 5414 1323 5494 transcripserat
1339 5409 1410 5464 ctctt
1420 5408 1552 5481 eloctum.
1567 5408 1629 5488 blali
1644 5410 1793 5488 proprieta-

138 5487 272 5559 intarpres
291 5490 390 5546 latinns
408 5498 480 5548 recte
500 5490 635 5547 transtulit
657 5489 836 5560 spiraculum
860 5489 937 5554 uitta,
992 5491 1032 5540 tes
1046 5497 1141 5540 omnes
1158 5483 1266 5539 diabolo
1281 5484 1386 5537 tribuas
1404 5498 1410 5534 ι
1427 5496 1458 5534 es
1477 5487 1518 5534 est
1531 5495 1604 5561 enim
1623 5480 1703 5557 butus
1717 5491 1793 5534 vocis

138 5562 210 5632 quod
225 5563 368 5631 adflatum
381 5573 483 5629 auctor,
499 5579 563 5630 nori,
576 5576 642 5618 vero
657 5561 803 5644 spirit-attii.
813 5561 883 5618 Piit.
992 5563 1065 5611 nota.
1081 5552 1265 5610 Tertullianus
1278 5552 1337 5610 Lib.
1360 5552 1382 5608 l.
1406 5550 1469 5609 adv.
1486 5549 1654 5609 ldorctortsm
1669 5554 1705 5631 ita
1726 5564 1794 5608 usus

173 5633 233 5707 (30)
251 5634 334 5711 Capit
349 5636 438 5695 ctiam
458 5635 616 5711 irruptae-ta
629 5633 748 5714 spiritua
768 5631 869 5701 dicore,
885 5636 937 5692 otc.
992 5632 1043 5684 est.
1058 5624 1098 5683 bii
1112 5624 1161 5691 Pa.
