3840 6134
87 306 125 364 85
205 354 209 363 ,
659 308 759 371 hlultlt
778 309 822 368 llla'
841 306 1173 370 uhnfflltlrllorlluus.
1715 314 1752 377 86

87 431 173 488 letum
187 438 278 487 autern
289 431 401 485 AEonem
430 430 457 485 in
471 431 648 491 delectionem
676 436 775 494 laetum
801 437 891 492 lleha·
907 450 931 531 Ι
946 443 1009 510 sunt
1035 437 1063 491 in
1081 436 1131 508 eis,
1157 440 1192 494 ob
1216 456 1294 511 quam
1317 454 1425 496 eausam
1440 441 1531 496 emnia
1557 440 1665 497 infirma
1688 456 1750 499 esse

89 520 234 577 motbdicit
248 521 276 573 in
290 519 467 589 passionibus
480 521 607 579 desiderii
622 526 785 596 quibusdam
797 526 890 594 luisse,
946 532 974 577 et
988 523 1105 596 fragilia,
1129 528 1277 595 etcaduca,
1302 538 1330 585 et
1352 528 1475 584 mortalia
1494 546 1661 602 quascunque
1688 532 1751 587 aunt

87 617 115 665 et
138 625 170 665 ea
184 609 358 679 passionibus
382 611 510 666 materias
533 613 662 673 edidisse.
678 615 792 686 Expavit
809 614 891 680 enim,
947 611 982 666 ab
1006 613 1063 682 ipso
1079 613 1146 670 lacta
1162 633 1168 672 :
1185 617 1432 690 quoniamquidem
1447 618 1506 687 ipse
1526 618 1607 674 luerit
1622 620 1657 675 de
1683 633 1749 690 apo·

87 698 186 771 inquit,
199 707 227 753 et
240 697 376 763 extimuit,
392 707 421 754 et
442 701 639 771 contristata,66
655 712 695 761 est
710 704 778 774 (tul,
792 700 853 759 atu
866 711 894 759 et
946 702 1214 775 rationeoouceptus
1229 714 1308 777 atque
1323 707 1443 776 prolatus
1456 706 1511 776 (7³)
1538 724 1545 760 :
1571 707 1640 762 hune
1660 714 1748 763 tamen

85 805 120 843 ex
148 788 191 841 his
213 786 387 858 passionibus
419 790 544 860 concepit
567 801 594 847 et
622 793 716 849 edidit.
734 793 802 848 Hine
830 791 893 849 lecit
946 789 1091 854 instituisse
1114 792 1194 848 istum
1221 794 1355 848 mundum
1384 809 1417 849 ex
1444 792 1486 849 his
1515 793 1644 860 materiis,
1671 793 1749 866 quasi

86 874 186 931 coelum
205 882 234 930 et
263 884 361 929 terram
389 882 417 931 et
444 892 527 944 mare,
558 886 584 934 et
603 881 695 936 omnia
722 895 892 952 quaeeunque
945 880 1103 946 Achamoth,
1124 880 1166 936 rol
1191 882 1379 952 pavendo,trel
1413 883 1545 946 timendo,
1574 881 1617 937 vel
1645 883 1748 939 contri·

784 995 1085 1058 mmmmm·

120 1068 147 1106 ⁶⁶
162 1065 343 1125 Contristatos
359 1071 444 1127 Senti.
460 1072 583 1128 subaud.
599 1091 671 1130 reon.

86 1222 149 1278 mile
159 1221 462 1305 videturludaeorume
480 1231 558 1294 gente
570 1225 770 1306 lleeraeleonem
794 1146 1184 1305 ἓξιξέῃθῃιῑιῗιῖἓῗιοηιιιιίιι
1200 1245 1212 1273 ι
1226 1223 1307 1280 lnlra.
1323 1224 1456 1307 lliqaltius
1469 1233 1559 1281 autem
1578 1225 1615 1281 ait
1632 1240 1639 1307 ξ
1662 1225 1746 1282 Vide·

85 1310 146 1421 {u
165 1294 891 1439 ilshllhhitltllttt:lltllh’ill:
942 1296 1666 1441 llil:tllltsttaltlhllllhsltlt.hl?
1677 1313 1747 1425 lli

122 1435 170 1489 llis
199 1433 282 1507 igitur
313 1435 409 1506 positis
439 1437 650 1508 exceptionibus,
679 1438 801 1511 equidem
829 1455 890 1496 eum
943 1438 1517 1511 importunefitireacaurrisset,utetiam
1534 1440 1747 1497 inclamaritin
1838 1461 1842 1468 ¹

88 1505 228 1563 Harduino
243 1520 342 1562 censeo
356 1521 451 1562 rocem
473 1508 511 1573 lo,
536 1509 650 1578 perinde
669 1520 749 1581 atque
770 1511 809 1579 lt,
837 1525 890 1566 uo·
943 1511 1083 1575 camdus,
1093 1510 1181 1582 quasi.
1191 1510 1276 1564 Porro
1286 1509 1494 1576 Quiriteslaut,
1503 1510 1598 1566 Fidem
1611 1511 1746 1567 Caesaris!

88 1593 148 1632 men
163 1578 214 1632 Dei
234 1578 355 1633 Hebraeis
369 1577 463 1646 luisse,
479 1579 587 1636 diverso
607 1589 695 1636 tamen
714 1583 794 1637 modo
824 1597 890 1652 pro·
945 1580 1011 1636 luda
1026 1578 1439 1652 inuenitartaoinScripturis
1454 1581 1595 1651 (capti).
1611 1583 1675 1637 llaec
1691 1580 1745 1636 ille.

89 1647 254 1704 nunuatum.
283 1650 389 1704 Nomen
415 1650 485 1703 enim
509 1651 558 1705 Dei
587 1667 638 1706 nen
658 1661 758 1709 tantum
781 1653 833 1707 sub
860 1668 891 1708 ea
946 1653 1032 1706 Antea
1047 1649 1377 1720 ibid.cap.9,seripserat
1390 1651 1569 1706 Tertullianus
1586 1669 1592 1704 :
1609 1651 1746 1721 Quadam

89 1719 176 1775 torma
200 1721 239 1783 ia,
256 1728 284 1773 ut
312 1721 339 1774 in
368 1719 497 1785 alleluia,
522 1723 570 1775 sed
594 1721 675 1777 etiam
704 1724 803 1793 peria,
820 1721 889 1777 utin
946 1730 973 1778 et
987 1721 1067 1791 huic(
1083 1720 1167 1790 llere)
1178 1721 1217 1777 uis
1232 1725 1283 1784 est,
1295 1722 1530 1792 fundamentum,
1546 1723 1746 1780 universitates

89 1792 221 1855 suamc,
232 1789 350 1854 tosedec,
374 1790 493 1847 invocari
502 1796 573 1863 apud
583 1791 658 1864 ipses
676 1809 783 1864 semper
791 1793 892 1849 licitum
908 1772 930 1849 Β
945 1795 1025 1850 illias
1040 1795 1327 1855 extrinsecuseastas,
1338 1797 1458 1871 quernei
1468 1795 1743 1874 erucernappellant,

91 1862 152 1916 luit.
176 1862 263 1916 Nemo
277 1870 366 1916 autem
394 1862 512 1935 ignorat,
532 1864 653 1934 quamvis
679 1864 706 1918 id
733 1879 843 1935 queque
860 1866 889 1919 Ρ.
946 1870 973 1922 et
985 1865 1127 1936 Lytroten,
1149 1868 1177 1919 et
1193 1863 1247 1918 Car
1267 1864 1350 1918 istem
1367 1862 1491 1932 Demque
1510 1877 1605 1918 vocum
1624 1862 1744 1928 illarum,

92 1933 262 1986 llarduinum
295 1930 427 2001 fefellerit,
463 1935 575 1990 vetitum
608 1934 691 1990 luisse
716 1935 815 1990 ludaeis
840 1935 891 1990 Dei
944 1936 1146 1992 Pronuntiatio
1161 1934 1244 2006 appel
1276 1938 1297 1998 t,
1319 1933 1340 1986 si
1363 1931 1481 1989 nificatio
1497 1933 1556 1991 haec
1578 1933 1745 1989 videtures·
1820 1968 1829 1983 ,

93 2019 194 2057 nornen
217 2004 244 2057 in
271 2003 381 2074 propria
397 2009 483 2060 l'orma
505 2021 648 2076 usurpare,
672 2005 752 2078 idque
775 2005 892 2062 nominis
944 2022 973 2060 se
989 2024 996 2061 ι
1014 2005 1234 2060 pronuntiatione
1248 2003 1322 2060 vocis
1335 1949 1395 2068 fae,
1407 2006 1436 2059 h.
1453 2020 1467 2059 e
1483 2008 1533 2076 qui
1547 2005 1662 2062 reseris
1691 2005 1745 2062 Da·

92 2089 145 2129 non
166 2073 251 2128 fuisse
265 2073 423 2144 simpliciter
436 2085 474 2146 th,
491 2084 519 2132 ut
537 2077 643 2134 volebat
655 2077 891 2149 Harduinusluam
944 2078 1076 2148 miurgus,
1091 2075 1147 2131 sive
1161 2076 1284 2142 Creator,
1300 2089 1354 2129 non
1371 2075 1473 2145 Bythos
1494 2091 1549 2146 rpse
1563 2075 1746 2146 appellatione

90 2149 109 2200 sl
134 2160 182 2200 res
197 2145 233 2198 ita
258 2160 287 2200 se
314 2146 460 2212 habuisset,
490 2149 718 2217 pronuntiandum
745 2147 838 2203 luisset
865 2151 891 2207 ie
943 2147 1069 2204 donatur.
1094 2147 1257 2202 lntereavix
1283 2145 1415 2217 dubitem,
1439 2145 1503 2217 quin
1521 2161 1572 2202 vox
1587 2147 1648 2212 tea,
1663 2161 1745 2218 quam

92 2217 289 2287 potiusquam
305 2219 392 2272 ioaut
419 2219 464 2273 iae
491 2218 534 2273 rel
548 2219 600 2288 ia),
624 2219 673 2274 sed
698 2219 779 2274 totius
793 2219 891 2275 litteris
945 2229 974 2275 ut
988 2219 1054 2285 dixi,
1071 2217 1241 2274 nesciverunt
1264 2216 1397 2272 editiones
1413 2215 1614 2284 vetustissima,
1633 2215 1661 2270 in
1676 2231 1743 2287 pro·

92 2297 161 2344 nint
178 2288 204 2341 id
219 2294 269 2348 est,
286 2288 416 2343 tnuovnn
433 2307 439 2344 z
462 2297 626 2361 quapropter
643 2305 694 2345 usu
727 2289 810 2346 tuisse
822 2291 892 2345 inter
943 2305 1042 2346 nomen
1057 2289 1106 2345 hoe
1120 2290 1190 2344 male
1211 2303 1338 2343 conversa
1361 2296 1442 2352 esset,
1466 2298 1547 2358 atque
1561 2287 1661 2343 idcirco
1683 2287 1741 2343 dis·

92 2359 199 2438 illos'ad
209 2357 390 2415 abbreviatam
406 2359 518 2414 termam
535 2363 564 2416 ia
578 2362 620 2418 vel
636 2364 661 2418 io
676 2377 826 2426 recurrere,
837 2377 891 2435 quo
980 2377 1037 2416 rere
1071 2361 1120 2416 boe
1147 2368 1228 2431 atque
1255 2357 1353 2427 expelli
1386 2375 1402 2415 e
1429 2367 1557 2416 contextu
1592 2358 1741 2416 debuisset.

91 2446 178 2501 magrs
208 2429 306 2493 religio
334 2430 451 2484 nominis
466 2443 618 2486 servaretur
640 2432 697 2504 (Cf.
713 2435 846 2505 Buetars,
860 2450 888 2490 v.
969 2448 1058 2488 eura.

90 2502 169 2566 nrnfl.
187 2498 240 2555 Sed
257 2499 419 2555 Valentinus
432 2501 541 2572 quidem
550 2503 599 2558 luo
607 2500 696 2560 dicere
710 2502 814 2574 maluit,
832 2504 890 2557 lor·
977 2503 1034 2574 (72)
1052 2498 1368 2559 contristarentur
1390 2499 1453 2556 cdd.
1466 2500 1587 2555 lthenani
1605 2507 1632 2556 et
1657 2499 1741 2560 Paris.

89 2572 216 2640 sanquis
228 2586 260 2624 ea
280 2571 366 2626 torma
388 2572 544 2644 AEgyptiaca
563 2581 634 2628 esset
653 2573 785 2644 :Apelles
799 2582 889 2629 autem
943 2583 1067 2646 utraque,
1092 2573 1140 2627 sed
1165 2583 1265 2640 postea,
1295 2570 1411 2628 Pamelio
1439 2571 1527 2643 prime
1557 2581 1692 2637 mutante,
1713 2580 1743 2626 ut

90 2643 126 2710 lo,
161 2658 197 2696 ea
216 2642 349 2698 Hebraico
379 2643 505 2698 nimirum
529 2660 627 2701 more:
654 2647 800 2701 lleracleen
828 2662 890 2702 tero
944 2654 1016 2715 patet
1040 2661 1073 2699 ex
1096 2642 1166 2698 notis
1193 2643 1262 2711 ejus,
1286 2642 1467 2712 praestiterunt
1484 2642 1547 2696 edd.
1572 2642 1687 2699 Fraoek.
1715 2654 1743 2697 et

90 2714 210 2777 demum,
235 2713 289 2768 alio
312 2713 379 2768 lorte
395 2715 473 2769 ctiam
497 2714 590 2788 ignoto
616 2717 689 2772 noeis
707 2731 783 2781 sono,
813 2717 888 2774 seili-
943 2716 1092 2789 Rigaltinna
1107 2716 1279 2771 contestata
1293 2718 1344 2771 cst.
1362 2715 1394 2770 Ut
1409 2729 1472 2769 rere
1492 2721 1582 2769 monet
1603 2714 1741 2770 semlerus

89 2794 138 2848 eet,
169 2793 200 2838 ut
235 2784 461 2842 ridereturalia
484 2787 654 2842 irretirent
675 2790 703 2841 Ρ.
735 2786 889 2843 Harduinus
943 2784 1308 2842 inmaseulinosubauditur
1328 2800 1393 2840 non.
1417 2785 1511 2856 ltaque
1536 2783 1740 2840 iuhacllnlen·

89 2854 630 2924 teateconfinxitpcrrnemrnomen
660 2865 729 2916 nint
747 2858 890 2928 (tebovah)
943 2857 991 2912 tini
1027 2857 1094 2929 ῥήσει
1122 2857 1310 2913 contristatus
1338 2854 1530 2911 restituendum
1553 2854 1652 2910 curari.
1687 2852 1741 2910 Sed

92 2927 296 3004 pronuntiatum
318 2942 392 2995 esse3
422 2929 468 2982 aed
497 2944 551 3000 quo
579 2928 754 2985 fundamento
782 2929 890 2984 innixus
943 2930 1123 2984 Tertullianus
1138 2928 1203 2982 Ado.
1226 2928 1443 2994 Valentinianos,
1455 2942 1516 2996 cap.
1537 2928 1563 2993 9,
1579 2928 1682 2980 mutato
1697 2924 1740 2981 ri·

96 2998 158 3052 nee
166 2999 325 3065 asseruerit,
336 2998 436 3067 ipsum,
449 3007 524 3069 puto,
535 3016 641 3072 quoquc
652 2999 726 3066 latet,
737 3016 889 3071 quanquam
944 2999 1033 3055 cissim
1048 3014 1147 3068 genere
1160 2998 1254 3053 scribit
1271 3015 1277 3053 :
1296 2999 1449 3069 «Namque
1468 3015 1501 3053 ex
1524 2995 1578 3052 illis
1597 2994 1739 3053 duodecim

98 3069 235 3121 neminem
244 3083 277 3120 ex
285 3069 392 3124 eruditis
403 3078 544 3139 praetereot
553 3072 641 3126 Deum
651 3072 769 3135 Adonai,
782 3072 890 3128 locote-
945 3070 1075 3130 aeonibus,
1097 3083 1165 3137 quos
1178 3069 1260 3121 horno
1274 3078 1301 3123 ct
1324 3067 1440 3124 Ecclesia
1454 3068 1589 3123 ediderant
1616 3068 1737 3132 aaran·

98 3137 200 3216 bault,
214 3136 346 3213 religionis
370 3140 454 3211 gratia
472 3156 544 3221 saepe
564 3143 663 3210 saepius
682 3139 764 3195 luisse
777 3141 890 3195 dictum.
908 3156 990 3234 cana
1005 3148 1065 3192 nata
1084 3152 1153 3199 aeon,
1167 3138 1270 3214 siletur
1285 3137 1465 3215 solaecismus
1484 3137 1585 3216 Sophia
1603 3138 1676 3192 enim
1691 3150 1739 3217 no·

122 3207 289 3286 Deindeff.
310 3211 369 3279 illl
384 3211 527 3266 allirmartt
542 3211 581 3266 vir
597 3212 721 3277 quamvis
738 3211 889 3266 eruditissi-
945 3225 1005 3264 men
1015 3222 1056 3265 est
1071 3239 1105 3248 -
1120 3217 1269 3285 prorumpit
1284 3223 1310 3261 m
1325 3214 1429 3274 patrem
1452 3211 1622 3277 inquireret
1653 3209 1738 3262 l‘erh·

91 3293 148 3332 mus
164 3278 293 3358 'nominis'
317 3296 363 3335 rto
384 3284 646 3353 (teneramunda,
677 3281 761 3336 voluit
788 3282 889 3352 dicere)

91 3364 238 3474 quemnam
254 3352 460 3423 omginemesse,
477 3363 598 3421 ttllt·.·tt,
613 3355 664 3409 hoc
681 3360 722 3408 est
736 3368 805 3408 onus
816 3367 889 3408 tuen.

103 3434 225 3501 mourero
239 3420 302 3492 quis
326 3426 423 3489 nescit,
440 3425 519 3479 modo
533 3425 567 3480 sit
592 3425 618 3478 in
641 3424 781 3480 llebraieis
796 3423 890 3480 litteris

93 3500 223 3561 tantisper
256 3502 387 3564 versatus,
424 3511 515 3552 vocem
556 3503 624 3554 nint
650 3497 763 3551 t'ornram
788 3498 888 3550 esset

93 3577 215 3630 personae
246 3563 389 3634 singularis
412 3564 514 3621 numeri
541 3566 624 3623 futuri
658 3567 786 3635 temporis
815 3565 889 3622 verbi

93 3642 146 3690 nlrt
161 3632 315 3702 (bauainai
326 3636 578 3707 cercopithecus,
595 3653 683 3709 neque
705 3652 817 3707 usquam
834 3637 889 3692 lite·

93 3720 147 3758 ram
163 3717 185 3760 tt
203 3704 268 3759 huic
289 3707 390 3762 nomini
410 3707 565 3777 adiunctam
579 3724 638 3764 esse
651 3709 665 3762 l
679 3707 793 3778 Reliqua
820 3707 889 3762 seri-

95 3775 176 3845 pturis
186 3776 312 3856 ejusdem
326 3777 353 3830 in
369 3779 441 3833 hunc
455 3779 554 3843 lacurn,
566 3788 593 3834 et
606 3779 678 3835 eirca
693 3793 786 3836 rocem
801 3778 888 3834 lucau

95 3853 242 3913 praesertrm
279 3847 455 3904 deliramenta
475 3848 514 3922 (p.
531 3852 582 3905 tlt
605 3853 633 3908 et
661 3851 724 3920 aba)
760 3849 887 3914 refutare,

94 3917 133 3972 rel
147 3920 383 3988 praetermittimus
412 3923 532 3989 omnine,
554 3920 596 3976 vel
620 3920 653 3975 ad
677 3936 809 3989 eousque,
824 3921 889 3974 dum

94 3987 120 4043 S.
136 3988 233 4042 lreoaei
246 3989 334 4056 (Deus
348 3991 387 4045 uti
403 4007 464 4047 nam
477 3992 552 4062 velit)
568 3993 678 4049 edamus
695 4006 787 4060 opera,
803 3992 888 4047 leoto-

95 4076 147 4114 renr
173 4059 342 4115 remittimus.
357 4062 409 4132 (cl.
423 4063 534 4121 Tertull.
551 4064 572 4127 l,
586 4063 648 4120 adu.
668 4063 775 4120 l'atent.
791 4079 816 4118 c.
834 4064 888 4128 rt;

94 4127 206 4199 Orlgrn,
217 4128 274 4184 lix
288 4136 389 4190 eontra
406 4134 530 4202 Celsum;
545 4133 655 4190 Diodor.
668 4133 752 4191 Sicul.
769 4133 787 4191 l.
812 4149 832 4201 1,
857 4149 886 4219 p.

93 4201 145 4264 tt;
163 4200 278 4264 Euseb,
295 4203 312 4255 l.
329 4219 348 4270 r,
367 4206 493 4277 Proepar.
512 4208 615 4278 Euanp.
631 4220 725 4260 versus
740 4203 837 4269 linem;
856 4209 885 4259 S.

94 4271 177 4338 lren,
193 4270 213 4324 l.
229 4287 250 4336 r,
266 4274 323 4328 ct
345 4285 372 4330 et
397 4280 450 4343 183
474 4276 558 4331 Clean.
573 4277 663 4340 Alex..
679 4275 753 4346 ete).
770 4277 837 4330 Eoo.
854 4303 888 4316 -

93 4340 171 4422 oute
193 4343 266 4410 tao,·
287 4344 336 4402 ltoe
352 4347 541 4418 pronuntiato
560 4348 697 4429 appellat.
727 4346 826 4401 Vocem
839 4347 888 4402 tao

93 4424 249 4468 nescrerunt
274 4414 404 4472 editiones
419 4428 480 4473 ante
503 4419 657 4479 Pamelrum,
672 4416 718 4486 qui
736 4418 923 4511 lllacereumn

945 3297 1009 3336 nere
1036 3295 1101 3336 nero
1121 3294 1211 3333 omma
1237 3293 1296 3333 mox
1320 3276 1390 3332 dieta
1409 3277 1443 3330 ad
1467 3276 1548 3331 istum
1574 3275 1738 3332 tricesimum

944 3351 1108 3407 aeonemlao
1128 3349 1293 3403 nominatum
1322 3357 1348 3403 et
1361 3348 1508 3403 betsameth
1537 3348 1564 3400 in
1588 3346 1738 3403 delectione

944 3423 1052 3491 laetum,
1077 3436 1135 3475 mea
1149 3418 1203 3476 tert
1226 3418 1376 3486 sentcntia3
1392 3419 1440 3474 sed
1455 3416 1564 3488 conjicit
1592 3416 1736 3488 Pamelius,

944 3493 1166 3558 interserendam,
1191 3489 1230 3545 rel
1253 3490 1476 3555 subaudiendam,
1499 3498 1560 3559 post
1581 3488 1625 3545 illa
1643 3489 1735 3554 verba,

944 3567 1099 3636 llinasceit,
1118 3577 1209 3617 rocem
1230 3563 1402 3632 Darniurpas,
1417 3563 1588 3630 eujusmater
1598 3568 1638 3614 est
1648 3558 1737 3614 dcha-

944 3636 1026 3700 moth,
1053 3646 1081 3690 ut
1095 3632 1238 3689 conveniat
1254 3649 1316 3687 eum
1335 3632 1436 3687 lrenaee
1457 3641 1483 3687 et
1501 3630 1663 3702 Epiphanio,
1680 3631 1736 3686 imo

943 3723 1003 3762 cum
1031 3705 1204 3767 Tertulliano,
1229 3714 1332 3759 auctor.
1357 3704 1392 3758 Et
1415 3703 1476 3757 huic
1495 3702 1602 3773 quidem
1629 3701 1737 3757 Pamelii

943 3777 1062 3848 opinioni
1075 3778 1166 3832 latere
1180 3775 1307 3830 ridentur
1317 3774 1400 3830 aerbo
1409 3772 1490 3845 paulo
1503 3782 1564 3838 post
1574 3773 1734 3843 sequeutia:

945 3870 956 3898 a
978 3848 1111 3917 Quoniam
1126 3845 1235 3918 quidem
1256 3845 1313 3917 ipse
1336 3843 1415 3900 luerit
1429 3845 1464 3899 de
1478 3843 1646 3913 aporiatione
1660 3841 1736 3912 (dns-

943 3920 992 3992 ρίᾳ)
1016 3925 1161 3987 conceptus
1183 3926 1263 3988 atque
1290 3915 1419 3984 prolatus.
1445 3915 1522 3970 Hunc
1546 3923 1633 3970 tamen
1664 3912 1737 3969 insti·

944 3993 1026 4046 tuisse
1048 3990 1128 4045 istum
1143 3992 1274 4042 mundum
1296 4003 1327 4042 cx
1351 3986 1392 4040 his
1406 3985 1533 4050 materiis,
1557 4001 1628 4054 quae
1651 3986 1737 4042 doha-

943 4064 1016 4116 moth
1039 4061 1081 4116 rel
1103 4059 1234 4130 pavendo,
1262 4057 1302 4112 tel
1331 4056 1459 4124 timendo,
1483 4055 1525 4111 vel
1543 4056 1736 4127 contristando,

942 4133 985 4189 vel
1000 4130 1121 4187 sudando
1142 4129 1308 4196 praestiterat.
1328 4149 1340 4180 r
1357 4128 1429 4183 lnest
1452 4126 1560 4201 quidern
1584 4127 1626 4180 his
1644 4129 1737 4183 verbis

943 4201 1104 4273 ambiguitas
1136 4200 1270 4285 quaedem,
1293 4198 1400 4268 perinde
1421 4214 1453 4253 ac
1480 4196 1549 4252 titin
1575 4196 1666 4253 tabula
1688 4196 1736 4253 illa

942 4274 1089 4329 Achamoth
1104 4279 1130 4327 et
1144 4270 1191 4326 lrlii
1206 4269 1356 4341 llerniurgi.
1377 4270 1441 4325 llaec
1464 4267 1534 4323 enim
1558 4267 1652 4325 scribit
1669 4269 1736 4325 Ter·

944 4345 1077 4410 tullianus,
1094 4358 1152 4411 cap.
1178 4345 1222 4405 l8,
1248 4341 1366 4409 ejusdem
1383 4339 1445 4396 libri
1461 4339 1531 4396 Ado.
1559 4339 1735 4396 Vakntinia·

938 4433 987 4474 nos
1021 4415 1067 4470 ubi
1089 4411 1284 4474 Ptolemaide
1306 4426 1359 4481 quo
1383 4411 1461 4482 paulo
1482 4410 1563 4471 iutra,
1592 4411 1737 4467 sentcntiae
1818 4456 1821 4461 ,

93 4496 203 4540 secutus
217 4493 268 4548 est,
288 4485 422 4543 Gallicum
444 4491 522 4556 hujus
541 4489 625 4545 libelli
648 4489 829 4556 interpretem,
853 4504 886 4544 ex
943 4496 1086 4542 recenset:
1104 4506 1116 4535 r
1138 4483 1181 4538 Ab
1200 4481 1246 4536 illo
1260 4481 1333 4535 enim
1349 4481 1530 4552 (Demiurgo),
1546 4480 1569 4535 si
1596 4489 1683 4537 tamen
1702 4480 1735 4535 ab

93 4556 197 4611 lreuaeo
211 4563 239 4609 et
251 4556 403 4629 Epiphanio
417 4559 507 4615 locum
521 4560 712 4633 corrigentem.
731 4558 887 4632 legendum

94 4642 160 4682 rere
183 4627 290 4684 musas
311 4644 359 4698 pro
372 4631 505 4696 misisset,
518 4631 591 4702 qnod
611 4633 708 4686 habent
721 4631 797 4686 editt.
815 4630 887 4684 lllre·

93 4698 219 4752 nanianae
242 4706 270 4752 et
284 4699 367 4756 Paris.
383 4702 501 4773 Utraque
515 4702 618 4771 primus
637 4707 812 4772 proposuerat
835 4699 889 4754 La·

93 4768 185 4824 tinius.
200 4767 243 4822 nd
257 4770 340 4825 rerba
357 4773 410 4829 lloc
421 4775 620 4843 pronuntiatio
642 4773 776 4847 appellat,
802 4771 888 4826 ailno-

93 4838 305 4897 tatl’arnelius:
334 4841 445 4897 Addeus
474 4844 624 4911 (blaeereus
650 4843 676 4897 in
705 4842 889 4899 denotationi-

92 4911 168 4978 bus).
184 4913 239 4966 lloe
253 4914 451 4984 pronuntiatio
467 4915 603 4988 appellat,
623 4928 654 4970 ac
679 4914 702 4969 si
730 4914 810 4979 dicat,
840 4911 891 4967 tale

93 4981 207 5038 sortitur
235 4998 331 5037 nomeu
354 4982 399 5037 ille
414 4983 569 5055 pleromatis
600 4993 703 5049 custos,
732 4983 826 5039 alludit
854 4983 890 5040 ol

93 5053 346 5109 lleraeleoaiaram
379 5058 407 5110 et
436 5055 632 5114 Mercuriorum
659 5056 795 5120 haeresin,
830 5069 889 5126 quae

93 5124 210 5185 ilrenaee
228 5124 274 5178 lib.
291 5140 310 5192 t,
322 5141 347 5180 c.
364 5127 390 5189 9,
407 5133 434 5180 et
449 5127 600 5198 Epiphanio
623 5128 689 5182 baar.
706 5128 750 5181 dl.
766 5125 890 5196 testibus)

94 5198 145 5250 lroc
159 5195 309 5261 astruebat,
338 5198 410 5269 qued
438 5201 540 5268 primus
565 5198 715 5270 illepater,
745 5197 790 5267 qui
821 5196 891 5252 iulra

93 5274 207 5322 recator
231 5268 285 5322 Pro
306 5270 370 5324 ator
399 5269 512 5341 Bythos,
548 5268 743 5337 pronuntiando
771 5276 798 5323 et
824 5283 837 5320 a
876 5298 889 5309 -

93 5337 190 5393 riendo
205 5353 239 5394 os
289 5341 387 5395 erbum
400 5340 509 5405 emisit,
532 5340 606 5411 quod
624 5350 715 5396 astans
742 5338 841 5411 quemll
857 5348 892 5394 et

94 5410 213 5467 hum
235 5409 347 5466 nearine
371 5426 422 5466 suo
445 5410 604 5483 appellabat.
623 5410 710 5479 Quare
728 5417 801 5467 recte
816 5411 891 5466 Rhe·

93 5495 182 5535 uanus
196 5481 325 5537 lectorem
341 5481 444 5538 remisit
457 5486 490 5538 ad
501 5482 566 5538 illud
575 5481 644 5536 inira
658 5482 692 5538 de
707 5482 869 5538 Heracleone
883 5497 890 5536 :

95 5571 106 5600 r
127 5551 185 5606 Sed
203 5552 323 5609 novitate
350 5554 466 5626 quodam
486 5551 712 5626 pronuntiationis
736 5552 793 5608 vult
808 5552 891 5607 rideri

91 5620 145 5678 alia
169 5624 281 5682 mure.
310 5624 459 5682 introducit
473 5625 548 5680 enim
566 5621 699 5696 imprimis
719 5623 782 5679 illud
812 5623 893 5678 luisse

944 4560 1000 4625 illo,
1016 4566 1043 4614 et
1058 4573 1111 4613 non
1130 4556 1163 4610 nb
1178 4553 1237 4625 ipsa
1252 4551 1340 4621 potius
1352 4553 1540 4614 uehemens
1566 4565 1621 4620 qua
1639 4549 1735 4606 occul-

944 4638 981 4697 to,
997 4628 1062 4684 nibil
1077 4627 1204 4693 sentiens,
1220 4623 1290 4691 ejus,
1307 4629 1333 4676 rt
1357 4622 1430 4677 velut
1451 4619 1583 4692 sigillario
1603 4622 1735 4674 extense·

942 4716 990 4755 cus
1004 4700 1096 4764 ductu,
1116 4699 1144 4753 in
1172 4709 1280 4750 ornnem
1303 4692 1488 4763 operationem
1502 4689 1737 4745 merebatur.1le·

944 4769 1022 4842 uique
1040 4786 1074 4824 ex
1093 4771 1142 4825 hoc
1161 4780 1336 4836 personarum
1360 4762 1389 4816 in
1409 4761 1537 4826 erroribus
1560 4757 1736 4842 ambiguitate

944 4857 1041 4897 nomen
1071 4839 1110 4895 illi
1134 4834 1323 4906 lletropatoris
1339 4834 1512 4895 miscuerunt,
1531 4830 1666 4888 distinctis
1686 4847 1736 4903 ap·

945 4910 1132 4980 pellationibus
1156 4906 1297 4970 caeteris»
1327 4916 1378 4961 etc.
1394 4903 1441 4959 hit
1467 4902 1568 4959 ibidem
1590 4902 1660 4958 iutra
1674 4918 1735 4975 cap.

944 4986 1002 5038 25:
1029 4983 1116 5036 luerat
1143 4986 1234 5035 autem
1259 4977 1285 5030 in
1324 4975 1485 5041 Achamoth,
1518 4990 1552 5029 cx
1590 4975 1739 5031 substantia

944 5053 1052 5127 Sophiae
1067 5053 1170 5118 matris,
1187 5047 1321 5120 peculium
1343 5046 1479 5118 quoddam
1494 5045 1605 5101 seminis
1628 5046 1739 5116 spiritn-

944 5127 991 5192 lis;
1016 5125 1087 5181 sieut
1109 5133 1135 5179 et
1149 5123 1206 5193 ipsa
1228 5119 1376 5175 Achamoth
1395 5118 1423 5173 in
1438 5117 1493 5173 lilio
1517 5117 1665 5191 Demiurgo
1689 5133 1736 5173 ae·

945 5205 1137 5270 questraverat,
1162 5209 1196 5249 ne
1209 5192 1260 5247 hoc
1277 5191 1387 5263 quidem
1409 5205 1534 5264 gnaro.»
1564 5188 1644 5260 Apud
1668 5188 1740 5245 huno

944 5284 1008 5324 vero
1032 5267 1186 5337 scriptorem
1208 5279 1372 5335 anonymum
1391 5264 1440 5316 tao
1464 5269 1568 5316 tantum
1590 5268 1617 5315 et
1646 5261 1737 5316 deha-

946 5340 1018 5395 moth
1058 5339 1101 5396 vel
1144 5334 1286 5403 nominari,
1331 5335 1372 5389 rel
1412 5331 1558 5404 designari,
1602 5329 1738 5386 ridentur.

945 5413 1081 5552 affine
1091 5478 1268 5552 aporiatione
1277 5471 1740 5598 conceptu'ratquepralatas.lipo-

947 5551 1033 5615 riatio,
1044 5549 1186 5613 haesitatio,
1202 5558 1301 5612 metus,
1312 5546 1446 5603 conlusio.
1477 5557 1592 5604 renatus,
1607 5561 1619 5592 r
1635 5541 1740 5599 Damna

946 5619 1313 5696 inpraesentiarium,
1330 5636 1342 5667 a
1357 5615 1385 5670 id
1403 5613 1621 5682 camentorum.
1638 5612 1677 5668 La
1693 5613 1740 5669 Pa.
