3840 6134
130 254 199 316 1239
665 249 710 310 tu
732 250 880 314 eubulus
898 249 1119 312 attrabatem
1146 249 1254 312 aeaut
1718 242 1789 302 tatu

127 380 242 451 Spiritus
257 381 287 437 S.
312 383 338 437 in
363 379 433 435 lilios
446 380 558 450 Josepb,
584 377 719 450 Ephraim
734 382 761 434 et
786 378 920 446 Mamaeae,
944 370 1011 458 flac
1021 379 1104 434 aiunt.
1116 378 1277 452 Quanquam
1287 374 1478 450 putem,etiam
1488 370 1681 428 iroesustineri
1693 385 1787 444 posse,

128 481 146 523 a
159 469 241 524 Jacob
255 486 304 541 per
317 469 527 542 impositionem
541 483 660 525 mortam
675 465 841 536 benedictos,
861 480 924 522 oer-
982 465 1050 523 siita
1059 466 1183 542 legamus
1195 484 1201 522 :
1214 486 1228 520 r
1240 468 1337 522 Pacem
1346 460 1522 520 ooelestiairae
1535 459 1572 531 (id
1583 466 1640 531 est,
1648 462 1787 542 pacatam

128 568 156 615 ιο
184 560 265 618 modo
293 560 420 631 delapsus
441 566 484 613 est
507 574 514 612 ε
540 556 579 612 sio
607 556 688 613 etiam
711 556 738 612 in
764 555 924 627 baptizatos,
982 558 1053 620 cali,
1077 564 1155 612 antea
1177 555 1304 612 nimirum
1329 551 1400 618 irati,
1422 550 1508 622 iram)
1530 564 1625 622 praeeo
1649 547 1784 618 (ejusdem

127 647 258 720 episcopo
283 649 377 704 iisdem
401 662 498 702 manus
520 645 687 717 imponente,
713 643 926 702 confirmationis
982 642 1030 700 irae
1050 647 1108 716 jam
1127 644 1239 716 pacata)
1262 645 1391 702 columbo
1407 639 1519 712 (seilicet
1531 638 1657 694 eamdem
1672 652 1782 693 annun-

128 737 214 808 gratia
227 737 380 794 descendit.
983 733 1063 804 tians,
1079 742 1160 806 atque
1174 733 1307 805 praeconis
1322 732 1408 788 instar
1419 728 1469 787 toti
1479 727 1582 785 mundo
1597 725 1787 800 promulgans)

164 828 321 885 Descendit.
345 825 501 897 copulativa
515 829 545 883 et
567 823 673 881 ridetur
693 823 835 891 excidisse,
852 823 927 879 ideo·
985 824 1061 880 terris
1071 823 1251 883 adnuntiavit.
1269 844 1281 873 ι

129 929 183 985 que
197 915 241 971 hic
252 914 413 986 supplenda.
1022 914 1225 972 Proetenditar.
1242 912 1285 967 Nil
1299 908 1449 985 vulgatius,
1460 923 1540 979 quam
1557 907 1625 980 ipsis
1639 905 1709 962 olim
1723 920 1787 978 geu·

170 1004 309 1060 Columba.
324 1003 416 1074 ltaque
429 1011 551 1059 veterum
562 1000 669 1072 quidam
682 1002 840 1069 eredidere;
858 1013 929 1059 atet
986 1002 1077 1058 lilibus
1098 1004 1190 1060 oleam
1210 1001 1285 1074 pacis
1299 998 1414 1074 figuram
1436 996 1520 1055 luisse
1537 1015 1544 1053 a
1560 997 1668 1069 hacque
1686 992 1782 1066 impri-

131 1093 199 1164 ipsis
211 1106 318 1167 quoque
332 1091 467 1147 ueteribus
481 1090 650 1162 Aristoteles,
665 1090 684 1146 l.
699 1106 719 1146 ιι
733 1091 766 1147 de
780 1091 856 1148 llisi.
866 1094 931 1148 arti·
985 1091 1037 1147 mis
1050 1092 1166 1165 pertinet
1179 1089 1247 1147 illud
1261 1087 1447 1145 Musonianum
1467 1103 1475 1141 ε

132 1183 199 1238 mal.
215 1189 242 1236 et
254 1181 335 1250 Plia,
359 1181 379 1236 l.
400 1197 442 1247 ιιι,
466 1196 491 1238 o.
512 1183 556 1253 at,
572 1190 599 1238 et
612 1183 774 1238 recentiores
788 1180 930 1239 anatomici

133 1284 238 1336 omnes,
254 1269 416 1327 eontrarium
427 1279 590 1327 asseverant.
606 1268 680 1326 Licet
694 1278 782 1326 autem
798 1269 931 1326 columbis

133 1373 243 1431 quoque
257 1359 370 1416 aliorum
381 1357 465 1415 instar
478 1359 648 1427 animalium,
658 1361 700 1430 sel
714 1359 758 1426 sit,
774 1359 864 1417 omnis
878 1360 931 1414 irae
963 1364 966 1370 '
1025 1359 1068 1415 Sie
1081 1357 1163 1415 etiarn
1178 1358 1206 1413 in
1219 1354 1334 1412 Adriani
1353 1354 1419 1425 imp.
1434 1367 1546 1408 nummo
1560 1352 1681 1424 quodam
1707 1351 1788 1407 simu·

1074 1241 1243 1307 Paaileraeque
1256 1253 1332 1292 meaa
1346 1251 1444 1290 ramam
1459 1236 1599 1300 pretendit
1613 1234 1701 1286 ειιιιε.

134 1445 330 1503 etacerbitatis
348 1446 435 1520 origo,
459 1447 528 1504 istud
542 1455 631 1504 tamen
654 1447 731 1504 valde
755 1455 930 1519 temperatum
988 1447 1089 1504 lacrum
1109 1447 1227 1504 cernitur
1242 1446 1311 1501 flexo
1332 1458 1414 1517 genu,
1431 1440 1567 1498 dextetam
1589 1439 1644 1511 ipsi
1667 1440 1787 1510 impera·

134 1549 208 1603 csse,
232 1544 259 1592 et
272 1535 380 1592 nonnisi
396 1537 568 1594 vehementer
585 1535 717 1593 irritatum
742 1535 930 1605 effervescere,
989 1537 1041 1592 tori
1058 1536 1211 1608 porrigens,
1223 1534 1333 1591 sinistra
1346 1545 1411 1587 vero
1421 1532 1489 1588 oleae
1501 1545 1617 1586 ramam
1629 1527 1787 1600 praelerens.

136 1623 164 1680 in
186 1631 325 1692 comperto
348 1633 399 1681 est.
418 1625 505 1696 Atque
524 1626 576 1681 hoc
600 1639 681 1681 sensu
700 1622 730 1678 S.
746 1624 820 1696 Aug.
835 1624 881 1678 Tr.
901 1622 931 1676 7.
990 1640 1051 1681 cum
1074 1623 1249 1695 inscriptione
1273 1635 1489 1679 :nasrtruroat
1512 1633 1661 1684 ursatum,
1686 1616 1789 1673 scilicet

137 1713 170 1769 ire
185 1715 236 1787 Ep.
256 1713 283 1770 S.
300 1714 380 1772 doen.
401 1712 462 1768 ait:
481 1733 492 1763 ι
509 1711 555 1767 Pel
568 1710 691 1767 columba
705 1725 759 1767 nou
778 1711 870 1782 habet,
895 1718 935 1764 ta·
953 1685 1048 1771 Deam
1071 1718 1206 1787 pacatam
1239 1711 1374 1768 reddenti.
1399 1707 1503 1765 Pariter
1525 1722 1655 1763 nummus
1679 1705 1786 1777 quidam

137 1816 198 1858 men
213 1809 301 1857 rostro
314 1811 341 1856 ει
358 1799 457 1872 pennis
472 1816 521 1871 pro
536 1799 599 1856 nido
618 1807 743 1872 pugnata
757 1798 817 1854 sine
832 1798 934 1855 amari·
991 1804 1085 1862 Severi
1098 1803 1144 1858 Pii
1164 1803 1233 1872 Aap,
1253 1806 1372 1872 togatam
1392 1797 1501 1854 exbibet
1524 1795 1651 1868 liguram,
1667 1795 1789 1852 similiter

136 1889 231 1946 tudine
247 1888 333 1945 saevit.
349 1909 361 1938 ι
990 1906 1052 1948 eum
1066 1889 1133 1945 oleae
1144 1903 1230 1958 ramo,
1242 1888 1333 1943 addita
1347 1887 1494 1959 epigraphe
1506 1902 1513 1941 :
1525 1899 1689 1941 ruuntroru
1704 1899 1788 1941 etms.

174 1981 295 2052 Figurae.
317 1977 394 2035 Illum
409 1976 483 2034 enim
498 1976 660 2033 descensum
677 1975 793 2048 Spiritus
809 1975 837 2032 S.
851 1973 937 2048 praeii·
990 1979 1051 2035 Non
1067 1977 1155 2032 minus
1170 1976 1251 2033 etiam
1274 1977 1301 2031 in
1318 1973 1484 2044 Maximiani,
1498 1980 1526 2030 et
1548 1973 1681 2044 Philippi,
1697 1972 1792 2044 patris,

138 2069 255 2141 gurabat
269 2067 322 2124 alia
343 2067 482 2134 colomba,
500 2066 571 2122 illius
590 2068 648 2123 Noe
672 2067 700 2122 in
726 2066 784 2122 Vet.
805 2065 935 2134 Testem,
990 2069 1131 2137 nominis,
1154 2065 1287 2136 ejusmodi
1311 2063 1487 2121 simulacrum
1511 2063 1641 2132 cernitur,
1666 2069 1696 2117 et
1723 2060 1792 2131 prior

138 2156 275 2228 simulque
290 2159 347 2214 haee
361 2158 445 2216 nostri
459 2155 587 2228 baptismi
601 2155 835 2227 praeviaquaedam
849 2153 939 2227 figura
992 2156 1101 2230 quidem
1120 2171 1172 2211 aaa
1194 2169 1324 2224 ruerem,
1348 2150 1481 2225 posterior
1503 2166 1568 2208 aero
1586 2166 1645 2208 rex
1672 2164 1792 2206 maret

138 2253 207 2308 erat.
283 2309 287 2316 ,
992 2243 1158 2301 inscribitur.
1174 2242 1294 2298 Plurima
1311 2239 1446 2312 eiusmodi
1462 2238 1595 2312 exempla,
1612 2239 1636 2296 si
1655 2239 1736 2297 locus
1749 2238 1790 2296 io·

177 2336 283 2394 blandi.
314 2336 360 2391 Sic
386 2336 523 2406 eleganter
549 2332 680 2388 diluvium
710 2331 775 2387 illud
796 2331 939 2387 Noeticum
993 2342 1043 2400 ret,
1065 2334 1118 2389 huc
1129 2333 1238 2403 congeri
1253 2337 1376 2403 possent.

142 2424 268 2495 appellat,
284 2438 301 2478 a
316 2424 345 2478 S.
365 2422 480 2495 Gregor.
496 2422 563 2476 Naz.
579 2428 646 2477 orat.
662 2422 707 2488 to,
723 2419 756 2476 de
779 2422 860 2491 Bapt.
876 2435 941 2476 vere
1031 2422 1134 2478 Eodem
1148 2420 1338 2494 dispositione,
1353 2432 1402 2488 pro
1422 2417 1517 2476 eodem
1533 2416 1626 2485 modo,
1642 2423 1690 2473 aut
1703 2419 1795 2476 mrtem

142 2513 252 2587 precati
265 2512 407 2567 ditaeiam
418 2510 585 2565 nominatum
596 2523 604 2561 τ
616 2523 648 2564 eo
658 2507 732 2580 quod
743 2513 816 2563 totus
826 2505 942 2561 mundus
995 2502 1188 2568 ρνᾱῐηιιῑοηε.

143 2601 263 2676 peccatis
277 2616 308 2656 ac
323 2598 472 2657 sceleribus
497 2604 559 2653 ante
574 2597 700 2668 repletus,
718 2611 750 2653 ae
762 2593 843 2654 velat
860 2590 941 2649 inun·
1034 2601 1122 2657 carm·
1134 2603 1249 2656 nostra.
1272 2598 1336 2655 llaec
1350 2596 1435 2665 eninr,
1450 2596 1578 2670 quoniam
1593 2597 1627 2657 de
1642 2601 1724 2655 terra
1741 2597 1795 2653 lor·

143 2695 238 2757 datus,
248 2688 457 2762 superveniente
472 2686 573 2743 diluvio
587 2687 637 2742 sub
651 2685 720 2756 Nee,
736 2684 864 2743 universo
879 2699 943 2757 pro·
997 2696 1067 2741 mata
1077 2693 1117 2741 est
1128 2687 1275 2756 (formauit
1288 2689 1363 2743 enim
1373 2689 1590 2744 Domioasllcas
1606 2687 1753 2746 bominem
1767 2689 1797 2746 de

145 2795 178 2853 pe
193 2795 290 2855 genere
304 2780 424 2835 humano
443 2776 471 2831 in
485 2777 562 2848 aquis
576 2777 674 2831 misere
687 2774 833 2843 sulloeato,
850 2790 944 2846 apec-
998 2778 1064 2835 limo
1076 2780 1174 2846 terra)
1192 2777 1257 2833 Gen.
1272 2790 1303 2845 ιι,
1320 2791 1346 2831 ι.
1361 2777 1389 2844 t,
1406 2784 1480 2832 recte
1496 2780 1573 2834 terra
1585 2775 1700 2831 dieitur.

145 2876 267 2926 catorum
293 2867 418 2924 sordibus
438 2873 601 2940 expurgatus
620 2864 712 2925 luerit.
737 2867 775 2921 lta
797 2864 876 2921 etiam
896 2878 945 2937 per
1033 2867 1132 2923 Pacem
1147 2867 1196 2923 Dei
1211 2862 1349 2936 adserens.
1364 2865 1463 2921 Debre
1476 2864 1602 2921 columba
1617 2864 1648 2921 S.
1664 2866 1763 2923 Ambr.
1777 2865 1795 2922 l.

146 2956 311 3028 baptismum
336 2955 433 3012 Christi
457 2956 490 3010 ab
510 2954 636 3028 originali
658 2961 687 3010 et
708 2953 813 3011 caeteris
839 2968 946 3026 quoque
998 2971 1019 3010 ιι
1033 2957 1139 3012 iotae.
1155 2970 1180 3011 a.
1192 2970 1234 3022 111,
1248 2953 1285 3009 ait
1301 2968 1308 3008 ε
1326 2953 1556 3025 «Simplicitatem
1569 2955 1673 3013 lavacri
1687 2956 1799 3029 requirit

148 3046 284 3113 omnibus,
298 3060 360 3118 quae
375 3053 438 3102 aute
451 3044 614 3115 baptismum
629 3046 729 3116 insunt,
744 3043 860 3116 peccatis
873 3042 946 3099 elui·
965 3001 1096 3117 egratia,
1113 3052 1143 3101 ιιι
1156 3044 1241 3100 simas
1254 3046 1398 3117 simplices
1412 3044 1482 3101 sieut
1491 3043 1634 3100 columbas.
1650 3044 1752 3102 Pacem
1766 3045 1798 3102 la·

148 3152 220 3191 mur.
236 3135 307 3190 Sane
330 3141 418 3190 autem
433 3136 504 3189 lianc
527 3133 618 3205 ipsum
637 3134 810 3206 baptismam
824 3141 946 3189 nostrum
999 3136 1071 3195 tacti
1086 3135 1197 3208 requirit
1211 3134 1306 3208 gratia,
1328 3150 1409 3207 quam
1430 3133 1460 3190 ia
1482 3142 1547 3206 typo
1562 3134 1655 3190 veteri
1670 3137 1797 3195 columbo

149 3238 199 3296 per
213 3222 357 3279 diluviem
368 3220 432 3277 illud
448 3220 649 3295 praefiguratum
659 3220 755 3289 luisse,
770 3236 802 3276 ει
812 3221 881 3291 ipsis
896 3219 944 3277 SS.
999 3224 1136 3296 quondam
1149 3223 1183 3279 ad
1204 3223 1276 3279 illam
1291 3224 1400 3296 Arcam,
1419 3239 1472 3295 qua
1486 3223 1544 3278 sola
1565 3222 1618 3280 tuit
1632 3223 1731 3279 diluvii
1745 3225 1797 3280 im·

148 3309 257 3368 Litteris
273 3310 284 3364 Ι
299 3310 369 3368 Ρειι.
394 3325 435 3380 ιιι,
452 3325 478 3364 t.
503 3312 537 3365 20
561 3320 588 3365 ει
602 3326 662 3382 seq.
681 3309 786 3380 liquet:
806 3309 836 3366 la
850 3309 947 3366 dicbus
1000 3313 1100 3384 munis,
1115 3312 1231 3371 advexit.
1246 3312 1344 3368 Docuit
1360 3327 1410 3381 mc,
1424 3314 1502 3383 quus
1512 3322 1593 3384 typus
1609 3314 1742 3370 columba
1755 3313 1798 3370 illa

148 3401 204 3458 Nor
222 3416 287 3458 cvm
308 3401 500 3471 fabricaretur
514 3400 596 3464 Arra,
617 3400 649 3456 io
667 3414 723 3472 qua
736 3399 834 3472 prurit
850 3398 879 3454 id
894 3401 946 3466 ιιι,
1002 3402 1090 3473 luerit,
1106 3401 1154 3474 qui
1169 3416 1240 3458 nunc
1263 3401 1425 3458 descendere
1443 3401 1570 3474 dignatus
1588 3408 1631 3456 est
1655 3417 1686 3458 ru
1701 3416 1796 3459 sancta

149 3492 209 3549 octo
219 3491 324 3546 anime
341 3490 529 3560 soloasoctoe
543 3494 674 3561 semiper
688 3501 802 3562 equam.
822 3486 897 3556 and
919 3489 948 3543 et
1000 3507 1148 3549 cotanen.
1164 3489 1270 3557 Docuit,
1288 3491 1314 3545 in
1334 3490 1379 3546 illo
1394 3507 1484 3557 ramo,
1499 3489 1527 3545 in
1543 3489 1589 3545 illa
1604 3491 1690 3556 Arca,
1706 3498 1797 3564 typam

149 3595 195 3635 eos
210 3576 310 3652 (pergit
322 3578 481 3649 Apostolus)
495 3578 685 3635 cumsimilis
694 3579 789 3648 torma
803 3578 893 3634 salvos
902 3577 949 3646 sa·
1002 3581 1086 3637 luisse
1101 3579 1180 3635 Pacis
1191 3577 1339 3645 Ecclesiae3
1354 3579 1426 3649 quod
1440 3579 1510 3634 iuter
1533 3577 1592 3649 ipsa
1616 3579 1715 3634 mundi
1730 3579 1796 3634 dilu-

148 3667 188 3722 cit
209 3679 373 3732 stertentes,
393 3682 450 3721 aaa
474 3666 571 3722 corais
592 3664 727 3738 depositio
740 3665 875 3733 sordium,
900 3666 947 3723 aad
1001 3668 1043 3727 via
1059 3670 1187 3725 Srrmrus
1206 3667 1235 3723 S.
1255 3666 1289 3722 ad
1313 3666 1458 3725 Ecclesiam
1482 3681 1557 3722 suam
1580 3681 1678 3724 ιιιιιι
1704 3666 1796 3725 alferat

150 3755 331 3810 conscientia
344 3752 422 3808 boam
439 3755 622 3823 interrogatio
634 3754 666 3808 in
684 3756 771 3811 Deam
785 3771 837 3826 per
855 3769 949 3812 resur·
1001 3756 1175 3813 fructuosam.
1207 3776 1218 3806 a
1244 3757 1308 3812 llaec
1324 3756 1353 3811 S.
1374 3756 1467 3811 Ambr.
1495 3755 1628 3812 Columba
1648 3757 1711 3812 haec
1734 3769 1795 3830 ergo

152 3841 304 3898 rectionem
315 3841 339 3896 i.
353 3840 382 3896 C.
397 3840 480 3910 quue
494 3839 609 3908 amplius
623 3841 742 3896 declarat
755 3840 784 3896 S.
797 3843 867 3912 Aug.
878 3844 895 3899 l.
908 3858 949 3898 ιιιι
1002 3852 1074 3912 tunc,
1090 3859 1152 3900 cum
1167 3853 1237 3900 terra
1250 3844 1306 3915 jam
1324 3860 1339 3900 a
1353 3843 1480 3901 sordibus
1493 3843 1550 3899 suis
1563 3851 1720 3918 expurgata
1739 3844 1795 3915 fuit,

150 3932 249 3988 contro
263 3930 359 3985 Feest.
376 3943 400 3984 c.
418 3928 461 3994 tt,
478 3926 513 3981 ita
532 3926 660 3998 inquiens
677 3940 683 3980 :
709 3947 721 3982 ι
741 3929 798 3986 Νοε
811 3946 873 3986 eum
891 3931 948 3988 suis
1002 3950 1116 3991 ramam
1131 3934 1211 3993 olive
1225 3933 1332 4001 attulit;
1355 3949 1428 3991 nunc
1442 3932 1558 4006 Spiritus
1578 3933 1608 3989 S.
1633 3949 1681 4005 per
1696 3933 1796 4006 baptis·

151 4030 199 4086 per
214 4030 310 4087 aquam
325 4023 352 4072 et
365 4015 471 4087 lignum
485 4013 598 4087 (aream)
616 4015 746 4074 liberatur
761 4034 768 4072 ε
783 4018 852 4075 sicut
867 4019 947 4076 iami-
1004 4040 1078 4080 mum
1092 4022 1199 4092 ablutis,
1216 4038 1311 4095 pacem
1327 4030 1353 4078 et
1366 4023 1480 4094 gratiam
1494 4021 1591 4079 animae
1602 4023 1632 4078 in
1647 4037 1797 4080 sacramen·

149 4104 186 4161 lia
208 4103 306 4160 Christi
328 4119 378 4176 per
401 4102 566 4174 baptismum
593 4106 681 4163 crucis
703 4106 828 4179 passione
851 4110 947 4186 signa·
1005 4124 1032 4172 to
1056 4112 1268 4169 confirmationis
1290 4109 1378 4177 allert,
1396 4127 1509 4183 eamque
1530 4112 1591 4168 oleo
1616 4112 1754 4187 inungens
1766 4112 1796 4168 ad

152 4202 203 4251 tur.
220 4212 232 4245 ι
249 4192 282 4249 lit
296 4192 363 4250 ibid.
379 4208 404 4250 c.
422 4196 455 4250 tt
469 4192 529 4248 ait:
549 4212 562 4245 ι
577 4194 641 4250 Post
652 4203 754 4268 septem
771 4195 837 4266 dies,
849 4213 882 4254 ex
896 4214 949 4271 quo
1004 4203 1102 4259 luctam
1115 4202 1274 4272 confirmet.

151 4285 210 4341 Noe
226 4283 365 4356 ingressus
386 4290 426 4338 est
452 4282 480 4337 in
506 4298 604 4350 arcam,
620 4282 721 4340 lactum
744 4294 786 4342 est
809 4286 947 4356 diluvium,
967 4313 994 4402 Β
1040 4293 1112 4347 Area
1126 4291 1258 4362 figurata.
1270 4290 1358 4361 Atque
1370 4288 1398 4345 in
1408 4289 1458 4346 bac
1467 4288 1611 4362 allegorica
1621 4291 1705 4348 Area
1715 4288 1797 4364 signi·

156 4371 278 4444 quiaspe
292 4370 383 4427 futura
405 4370 514 4442 quietis,
531 4386 583 4443 qua
597 4371 712 4445 septimo
735 4373 779 4430 die
795 4374 949 4448 significata
1005 4378 1130 4435 ficatione
1153 4378 1255 4451 antiqui
1274 4379 1376 4444 Patres,
1402 4385 1483 4451 atque
1506 4378 1671 4449 interpretes
1698 4376 1796 4450 passim

154 4466 206 4529 est,
223 4459 400 4531 baptizamur.
420 4479 432 4512 ι
450 4460 504 4517 Sed
520 4467 547 4515 et
560 4459 589 4516 S.
606 4461 720 4518 Basilius
734 4463 769 4518 tt.
786 4463 860 4519 horn.
883 4468 907 4531 t,
922 4464 949 4520 in
1004 4468 1189 4524 concordant:
1212 4481 1245 4521 ex
1266 4467 1367 4538 quibus
1386 4467 1428 4525 tel
1442 4466 1511 4523 duos
1534 4464 1683 4537 proteram,
1700 4465 1796 4538 Orige-

151 4548 222 4603 Psal.
237 4554 339 4614 xxvrtt,
366 4549 408 4613 lt),
425 4547 590 4621 baptismum
611 4549 713 4608 dilutio
737 4559 887 4622 comparat,
911 4554 949 4608 in·
1006 4573 1076 4623 rtem,
1094 4562 1121 4612 et
1139 4556 1168 4613 S.
1190 4556 1378 4630 Augustinum.
1400 4554 1478 4612 Prior
1492 4569 1558 4626 ergo
1573 4552 1599 4609 in
1623 4555 1701 4611 bom.
1724 4557 1752 4623 ι,
1767 4555 1795 4611 ia

152 4635 249 4707 quiens
265 4649 271 4690 :
290 4656 302 4687 ι
328 4636 455 4708 baptismi
475 4635 564 4708 itaque
586 4637 698 4708 gratiam
712 4636 842 4696 diluvium
862 4640 950 4697 nomi·
1008 4648 1074 4705 Gen.
1090 4646 1192 4718 prolixe
1207 4645 1234 4700 id
1250 4645 1406 4712 confirmat,
1423 4660 1455 4701 ει
1480 4660 1533 4716 qua
1551 4642 1661 4700 nonnisi
1685 4643 1795 4715 paucula

151 4732 196 4780 nat
209 4724 375 4798 (propheta),
392 4740 447 4796 quo
461 4723 501 4792 m,
524 4731 553 4781 ut
567 4724 658 4783 anima
679 4727 796 4797 peccatis
815 4728 907 4784 abluta
923 4738 950 4788 et
1005 4735 1141 4805 decerpo:
1159 4732 1262 4789 «Sicut
1276 4743 1340 4790 tuno
1361 4733 1460 4789 dietum
1482 4742 1523 4790 est
1536 4731 1569 4787 ad
1593 4730 1671 4787 illum
1691 4733 1753 4790 Noe
1766 4741 1792 4787 nt

151 4823 275 4887 purgata,
308 4829 422 4871 excusso
442 4830 457 4869 a
476 4829 506 4870 se
534 4812 619 4869 veteri
637 4815 757 4885 homine,
783 4817 950 4875 domicilium
1004 4823 1106 4880 iaceret
1128 4823 1241 4888 Arcam,
1266 4828 1292 4877 ει
1320 4822 1500 4879 introduceret
1520 4820 1547 4877 in
1564 4837 1622 4878 enm
1637 4836 1692 4879 non
1707 4821 1792 4878 solum

152 4904 281 4974 deinceps
302 4902 348 4959 liat
368 4902 572 4960 accommodum
587 4904 645 4959 Deo
668 4905 696 4961 in
716 4907 825 4977 spiritu.
852 4928 865 4960 ι
897 4909 951 4966 Sed
1006 4912 1076 4968 filios
1095 4919 1122 4968 et
1143 4912 1283 4984 proximos
1303 4927 1377 4978 snos,
1394 4911 1443 4967 sed
1463 4911 1545 4968 etiam
1563 4910 1664 4969 diversi
1691 4910 1792 4985 generis

152 4999 178 5046 et
189 4992 285 5048 similia
300 4992 327 5046 in
342 4993 416 5047 born.
433 4994 459 5061 2,
475 4993 507 5047 ia
520 4992 613 5051 eamd.
629 4993 706 5050 Psel.
724 4995 816 5051 habet.
1006 4998 1134 5055 animalia
1151 4998 1211 5057 :ita
1231 4997 1312 5053 etiam
1331 4997 1365 5053 atl
1385 5006 1505 5055 nostrum
1528 4999 1593 5065 Noe,
1621 4998 1656 5053 D.
1671 4997 1705 5052 N.
1724 4999 1747 5053 J.
1762 4995 1790 5051 C.

188 5080 312 5139 delestis
326 5083 378 5137 ira
392 5097 494 5154 praeco.
510 5083 597 5140 Locus
611 5082 658 5140 bio
672 5083 817 5143 admodum
831 5086 951 5159 impedi·
1006 5090 1034 5144 in
1058 5086 1283 5145 consummatione
1304 5087 1468 5143 saeculorum
1481 5084 1582 5142 dietum
1597 5094 1667 5141 esta
1693 5100 1788 5148 ειιιιιι,

153 5178 195 5226 tus
224 5169 336 5227 nas
365 5181 421 5242 εει,
451 5171 579 5243 numquid
605 5174 678 5230 enim
702 5176 839 5247 columba,
867 5181 948 5251 pacis
1006 5179 1148 5235 utlaceret
1170 5176 1332 5233 albianellu
1355 5174 1485 5249 exlignis
1507 5174 1655 5248 quadratis,
1676 5182 1790 5231 etmen-

152 5262 242 5319 oteem
257 5257 386 5325 allerens,
397 5276 491 5333 proeoo
506 5263 626 5321 celestis
641 5265 694 5321 iroe
708 5262 778 5321 tutta
790 5265 881 5338 Aliqui
895 5267 948 5338 igi·
1006 5285 1085 5325 suras
1098 5267 1123 5322 ei
1136 5265 1212 5322 daret
1226 5265 1382 5322 caelestibus
1396 5262 1569 5320 sacramentis
1579 5264 1705 5336 repletas,
1719 5284 1729 5313 ι
1742 5271 1789 5318 ειε.

152 5359 198 5408 ιιι
216 5357 310 5421 putant
327 5366 376 5422 pro
396 5352 449 5408 irae
461 5353 659 5410 restituendum
678 5369 738 5410 esse
756 5357 867 5426 proiice.
885 5355 952 5411 Cum
1006 5358 1035 5414 S.
1056 5356 1130 5430 Aug.
1151 5364 1238 5412 autem
1262 5353 1289 5411 in
1312 5355 1359 5412 lib.
1384 5369 1423 5410 xv
1447 5354 1480 5411 de
1508 5354 1590 5411 dieii.
1622 5355 1680 5423 Dei,
1704 5368 1728 5409 e.
1747 5354 1789 5418 26,

152 5439 258 5496 enimin
269 5440 430 5512 quibusdam
442 5442 653 5515 mss.{reperitur
664 5442 829 5499 abbreritate
838 5460 907 5514 prae,
918 5446 953 5501 ab
1005 5447 1043 5503 ita
1056 5445 1167 5518 pulchre
1181 5443 1290 5501 disserit
1304 5461 1311 5498 :
1329 5466 1342 5493 ι
1359 5442 1437 5513 Quod
1451 5440 1520 5510 Noe,
1544 5441 1646 5498 bomini
1657 5442 1669 5511 j
1674 5450 1743 5512 usto,
1759 5469 1791 5482 -

151 5527 274 5599 imperito
293 5529 405 5588 librario
420 5531 545 5590 voculam
569 5532 597 5589 in
619 5533 671 5588 ire
695 5531 872 5590 deformatam
888 5533 953 5593 luis·
1006 5535 1118 5606 imperat
1131 5536 1213 5602 Deus,
1229 5542 1259 5592 ut
1273 5549 1363 5592 arcam
1377 5532 1466 5602 iaciat,
1482 5562 1516 5575 -
1530 5529 1559 5588 in
1576 5547 1630 5603 qua
1652 5547 1715 5590 cum
1733 5530 1785 5588 suis
