3840 6134
69 305 121 366 169
650 300 728 362 tot.
747 301 922 404 ctesilaus
933 303 1127 367 *sonbernon
1661 317 1712 379 tto

65 436 126 500 boa,
147 448 212 504 qam
225 431 239 471 ⁵
250 431 278 488 in
294 429 415 497 vocibuu,
430 428 508 486 aliter
521 429 592 487 dieta
611 431 758 488 creduntur
773 451 780 500 3
796 432 861 503 quiri
877 445 901 523 g
918 433 998 489 lectio
1012 435 1091 504 toras
1109 433 1207 508 abjicit
1225 435 1357 494 timorem
1373 453 1382 491 :
1398 441 1535 509 anonim
1554 442 1639 502 timor
1653 461 1713 519 pre-
1818 477 1822 488 =

66 520 179 578 timisi
198 519 276 577 aliter
299 518 369 576 iacta
392 519 405 558 ⁶
429 517 636 576 invenirentur?
654 518 708 575 Sed
723 521 781 575 liaeo
794 522 860 578 est¹
916 538 986 578 orant
1003 520 1133 591 habetet
1146 524 1417 599 patriniacense
1430 532 1616 601 persectasin
1629 534 1712 593 dilee-

65 609 230 685 perrersitns
255 607 328 678 iidei,
347 607 463 681 probata
476 622 531 665 non
545 606 667 677 credere,
682 623 737 666 non
752 610 864 682 probata
919 614 1004 670 tione.
1020 612 1108 684 Quem
1122 614 1247 673 timorem
1260 614 1375 690 intelligi
1389 626 1506 688 prestat,
1522 621 1574 678 nisi
1588 625 1711 696 negatio-

64 715 243 772 prresamerc.
258 698 307 757 Cui
321 697 491 771 perversitati
506 697 573 755 illud
589 712 698 772 quoqne
715 714 861 773 opponam,
918 701 960 757 nis
979 705 1140 760 auctorem?
1152 703 1239 774 Quam
1250 703 1422 761 dilectionem
1432 705 1710 778 periectamrllirmat,

66 788 206 846 atnhoeo
220 803 285 860 qnae
307 787 346 844 sic
369 795 487 862 aguntur
509 786 741 858 quemadmodum
763 791 864 863 scripta
917 790 969 847 nisi
983 791 1143 867 fugatricem
1157 793 1272 867 tbnoris,
1280 799 1308 851 et
1321 793 1502 853 animatricem
1513 798 1712 858 consessionis?

64 887 134 945 snut,
150 892 209 934 non
220 884 302 933 erunt
316 876 375 948 ipsa
388 893 449 949 qnae
463 876 655 949 predicantur,
671 877 719 934 illa
732 894 793 953 quae
808 894 862 937 non
916 877 1004 949 Quam
1029 897 1136 954 paenam
1161 883 1257 941 timore
1286 882 1390 954 puniat,
1411 884 1466 940 nisi
1491 901 1575 958 quam
1598 896 1712 962 negator

63 968 179 1025 debeant
193 967 235 1025 sio
249 967 293 1041 agi
307 967 536 1040 quamadmodum
559 967 658 1038 scripta
681 977 753 1036 sunt,
778 985 812 1025 na
836 979 864 1027 et
916 971 1051 1027 relaturus
1068 984 1117 1040 est,
1143 989 1202 1030 aum
1227 987 1342 1047 corpore
1368 986 1397 1031 et
1434 974 1525 1032 anima
1550 977 1713 1036 occidendus

64 1059 118 1131 ipsa
132 1059 235 1117 borum
249 1058 374 1129 exemplo
392 1057 587 1130 periclitentur,
603 1055 712 1115 excludi
726 1057 862 1132 siquidem
916 1058 943 1114 in
962 1061 1086 1134 gebenna
1101 1062 1146 1119 ¹¹?
1161 1061 1275 1132 Quodsi
1289 1078 1339 1134 pro
1354 1062 1493 1136 iratribus,
1512 1075 1614 1137 quanto
1625 1069 1713 1143 magia

63 1147 130 1204 aliud
148 1147 181 1204 in
197 1146 320 1215 vocibus,
335 1146 409 1203 alind
432 1147 459 1204 in
482 1146 564 1203 rebus
583 1153 641 1220 est3
662 1155 689 1204 et
702 1148 862 1221 relinquitur
917 1164 965 1221 pro
980 1150 1096 1210 Domino
1111 1153 1283 1209 moriendum
1296 1154 1386 1222 docet,
1406 1154 1473 1212 satis
1489 1156 1524 1213 dc
1546 1157 1713 1232 Apocalypsi

62 1254 110 1295 nee
123 1236 276 1310 praedicata
288 1236 375 1293 rideri
399 1252 459 1294 curn
482 1237 630 1304 evenerint,
653 1237 677 1294 si
699 1237 779 1296 aliter
793 1255 862 1311 prae·
915 1254 1023 1314 quoqne
1044 1257 1094 1297 sua
1121 1243 1269 1300 instructus
1292 1244 1351 1300 ben
1379 1245 1512 1302 suaderet
1537 1247 1713 1308 Mandaverat

63 1327 187 1383 dieantur
213 1342 297 1399 qnam
321 1325 433 1392 evenne
456 1326 564 1383 babent.
589 1327 624 1383 Ει
645 1327 782 1399 quomodo
796 1343 861 1386 cre·
915 1327 1024 1396 etenim,
1040 1329 1155 1401 Spiritus
1169 1331 1203 1386 ad
1217 1330 1344 1405 angelum
1362 1332 1491 1391 Eumene
1507 1334 1712 1409 Smyrnaeorum

64 1414 160 1472 tentam
188 1430 252 1488 qnae
279 1421 442 1484 nonerunt
468 1413 622 1484 praedicatu,
650 1414 713 1487 qnia
740 1431 795 1472 non
824 1415 861 1472 ita
915 1415 1203 1490 (Apuantolzncee
1212 1419 1384 1478 diabolosee
1393 1437 1513 1480 nonme
1524 1428 1572 1480 tao
1581 1427 1713 1499 conjiciet

65 1513 142 1560 erant
160 1502 311 1575 praedicata
332 1502 472 1574 quomodo
496 1500 651 1559 eveniunt?
678 1503 719 1559 ita
741 1503 860 1563 herenei
915 1507 939 1544 ¹¹
952 1509 1713 1585 incarcerem,rtttenteminidieoosdecemdistottde·

66 1607 122 1666 gne
146 1591 333 1664 praedicantur
355 1606 410 1648 non
437 1597 467 1648 ut
484 1592 600 1664 probata
617 1600 680 1650 sunt
711 1593 859 1668 credendo,
916 1597 996 1653 lisad
1010 1597 1712 1669 mortenusqneettaoorttivitecurmamltem

68 1696 97 1737 ea
108 1697 169 1754 quae
184 1696 238 1739 nea
252 1679 396 1755 predicata
408 1689 481 1752 suat,
497 1680 619 1740 credunt.
878 1679 949 1759 Bad
964 1686 1192 1758 Pergamenorum
1205 1684 1240 1742 de
1254 1684 1354 1757 daupu
1368 1684 1524 1744 fidelissimo
1534 1699 1650 1762 martyre
1670 1693 1712 1749 in·

372 1824 486 1884 ⁰¹¹⁰?
503 1825 565 1883 ΧΠ·
917 1773 1715 1941 3133?gommuffiugzaiffihffimflegma&

99 1949 166 2022 Quis
179 1965 259 2009 nnnc
278 1949 408 2007 medalius
430 1950 630 2022 Scripturarum
651 1951 739 2025 magis
761 1961 862 2020 nosset,
918 1951 1027 2009 Domini
1049 1966 1148 2009 nomen
1175 1966 1232 2010 non
1260 1961 1373 2028 negarat
1395 1951 1463 2025 (st).
1482 1953 1588 2013 Exinde
1616 1957 1715 2017 victori

70 2057 145 2113 quam
158 2041 222 2112 ipsa
244 2038 345 2096 Christi
372 2039 488 2097 schola?
507 2056 576 2115 quos
594 2049 620 2098 et
642 2042 695 2099 sibi
718 2040 865 2113 discipulos
917 2042 1016 2114 cuique
1028 2041 1160 2113 promittit
1172 2056 1246 2098 nnnc
1260 2042 1386 2098 arborem
1406 2042 1479 2112 vitm,
1503 2055 1530 2101 et
1548 2046 1644 2103 mortis
1662 2064 1715 2106 se-

70 2129 196 2188 Donrinns
212 2128 362 2202 adoptarit,
378 2128 468 2186 omnia
482 2125 575 2204 utique
587 2130 762 2200 wocandos3
777 2141 806 2189 et
819 2145 866 2188 no·
918 2131 1125 2188 niumsecundae
1137 2148 1144 2186 ι
1156 2147 1227 2189 nuno
1240 2129 1328 2188 latens
1341 2147 1440 2188 manna
1454 2148 1515 2189 cum
1529 2134 1636 2194 calculo
1646 2152 1714 2194 can·

68 2218 108 2276 bis
117 2219 269 2291 magistros
288 2219 440 2291 adornavit,
457 2219 547 2277 omnia
561 2220 655 2294 utique
669 2222 805 2280 domums.
817 2220 866 2277 Cui
918 2222 1022 2290 dido,et
1032 2220 1141 2279 nomine
1151 2220 1244 2294 ignoto
1254 2239 1261 2278 :
1273 2221 1449 2280 unnaierreae
1459 2222 1543 2297 virgae
1553 2232 1727 2296 potestatem.

68 2309 153 2381 potina
167 2308 289 2383 liguram
303 2308 381 2365 vocis
394 2324 451 2366 suae
463 2309 627 2368 declarasset
648 2311 706 2383 (titt
722 2326 802 2385 quam
822 2309 866 2381 cni
919 2317 946 2366 et
961 2311 1047 2368 stellae
1065 2310 1203 2368 matutina
1220 2308 1391 2367 claritatem:
1410 2326 1483 2368 nunc
1503 2313 1592 2369 albam
1609 2315 1715 2386 vestiri,
1817 2371 1818 2374 ,

68 2398 180 2473 eligium
194 2396 297 2473 gioria
311 2413 369 2455 suoe
385 2400 624 2469 revelavitl‘etro,
640 2401 864 2472 lacobo,loanni,
919 2399 1066 2456 necdeleri
1083 2399 1117 2456 de
1141 2397 1211 2456 libro
1225 2398 1295 2464 vitae,
1321 2407 1347 2457 ut
1370 2399 1522 2457 columnam
1538 2400 1595 2458 fieri
1615 2403 1643 2459 in
1657 2405 1717 2464 Dei
1796 2432 1801 2442 κ’

67 2495 90 2544 ιι
103 2496 202 2560 postea
226 2486 323 2557 Paulo,
339 2504 419 2560 quern
440 2491 557 2559 paradisi
580 2506 689 2563 quoque
711 2499 865 2565 compotem
920 2489 1030 2561 templo.
1055 2488 1083 2544 in
1111 2489 1219 2546 nomiae
1246 2488 1295 2544 Dei
1323 2497 1351 2544 et
1374 2489 1494 2558 Domini,
1513 2499 1540 2547 et
1562 2491 1716 2550 Jerusalem

66 2576 121 2635 teuit
135 2585 205 2636 ante
228 2578 390 2650 martyrium
413 2578 492 2651 (tili
520 2582 560 2635 Aa
582 2590 610 2637 et
629 2580 670 2636 illi
696 2581 772 2640 aliter
785 2597 866 2654 quam
920 2579 1036 2636 caelestis
1060 2578 1197 2650 inscripta,
1226 2593 1299 2635 nunc
1318 2577 1437 2636 residere
1464 2594 1526 2635 cnm
1549 2580 1664 2638 Domino
1688 2584 1716 2639 in

65 2669 181 2725 amount
195 2667 334 2733 scribunt,
350 2666 462 2724 tatlaciae
482 2669 617 2743 magistri,
642 2685 697 2728 non
720 2669 867 2729 ueritatis?
921 2669 1016 2726 throno
1029 2669 1098 2739 ejus,
1114 2667 1188 2740 quod
1201 2667 1346 2740 aliquando
1365 2668 1490 2726 Zebedaei
1511 2669 1574 2726 liliis
1592 2673 1716 2744 negaba·
1816 2701 1819 2711 ·

66 2756 159 2816 Parus
172 2754 289 2831 quidem
303 2756 337 2812 ad
356 2757 509 2818 Ponticos:
532 2759 645 2830 Quanto
663 2761 752 2830 enirn,
768 2759 866 2832 inquit,
921 2765 974 2816 tur.
995 2757 1109 2828 Quinam
1133 2757 1178 2813 isti
1200 2764 1256 2814 tam
1278 2755 1349 2812 beati
1375 2757 1501 2825 victores,
1531 2759 1583 2814 nisi
1607 2762 1719 2833 propria

65 2847 89 2915 (ι
100 2848 177 2905 Petr.
193 2848 240 2918 ul,
251 2846 354 2920 gloria,
373 2847 465 2903 sinon
476 2847 713 2921 indelinquentes
721 2851 869 2922 pantani·
923 2847 1075 2920 martyres?
1089 2846 1198 2904 illorum
1221 2844 1321 2903 etenim
1342 2845 1471 2913 rictoriae,
1492 2863 1608 2921 quornm
1622 2859 1649 2907 ot
1663 2868 1718 2923 pu·

68 2935 365 3004 ei,snstinetistlioec
373 2937 450 2991 enim
464 2937 558 3008 pratia
568 2941 619 3006 est,
631 2939 663 2992 in
673 2938 722 2996 boe
735 2943 764 2996 et
775 2940 869 2995 uocati
887 2952 983 3049 cgnae
998 2956 1006 3006 ;
1027 2951 1122 2993 eornm
1140 2948 1207 2992 tero
1226 2950 1335 3008 pugnae,
1349 2950 1464 3006 qnorum
1478 2943 1505 2992 et
1525 2938 1649 3011 sangnis.
1664 2937 1720 2996 Sed

77 3025 295 3096 eenamcenam
304 3027 332 3079 et
343 3023 474 3081 Cbristas
485 3040 585 3096 passas
599 3031 642 3082 est
653 3042 705 3098 pro
728 3028 816 3097 noim,
827 3041 871 3084 re·
923 3032 950 3082 et
972 3024 1080 3080 interim
1107 3024 1158 3080 snb
1187 3023 1264 3079 altari
1292 3033 1440 3092 martyrum
1468 3025 1565 3082 anbnae
1583 3027 1718 3098 placidum

78 3111 209 3184 linquens
217 3110 872 3190 nobiaeeemplnmsemetipsammtassegaami-
923 3114 1065 3187 quiescunt
1087 3113 1157 3182 (85),
1181 3117 1207 3166 et
1228 3109 1327 3168 fidncia
1350 3110 1462 3167 ultionis
1476 3113 1633 3182 patientiam
1654 3132 1718 3187 pas·

76 3203 111 3255 ni
119 3200 239 3272 aestiua
248 3201 379 3272 spatenis
389 3205 592 3272 rursus(lPetr.
600 3204 871 3273 insultatione
923 3207 997 3270 cunt,
1021 3212 1048 3257 et
1070 3199 1170 3256 induta
1193 3197 1270 3255 stolis
1289 3196 1358 3270 (86),
1375 3197 1516 3254 candidam
1545 3200 1569 3240 ¹³
1591 3200 1720 3260 claritatis

68 3294 232 3362 pertenentis
240 3292 462 3367 alienamque
470 3296 872 3366 agitorinoobisintentatio·
924 3296 1064 3361 usurpant,
1080 3290 1166 3345 donec
1189 3296 1217 3345 et
1242 3285 1289 3343 alii
1313 3285 1479 3343 consortium
1503 3285 1610 3344 illarum
1625 3290 1720 3362 gloriae

68 3395 140 3448 sem,
150 3382 239 3453 qnasi
251 3396 357 3439 nonam
370 3382 483 3440 scunt
495 3383 570 3441 vobis
580 3403 590 3440 .·
601 3386 706 3442 etenim
716 3385 870 3440 secandam
924 3381 1063 3452 impleant.
1083 3379 1151 3435 Nam
1166 3384 1193 3434 et
1206 3391 1303 3433 rursus
1324 3375 1465 3431 innumera
1480 3377 1624 3434 multitudo
1638 3377 1721 3438 albati

70 3469 369 3541 ysodoommans‘eatis
380 3472 557 3547 passionibus
569 3473 684 3541 Christi,
695 3473 823 3547 gaudete,
836 3477 870 3531 nt
924 3477 950 3526 et
959 3466 1057 3541 palmis
1066 3467 1183 3525 rictoriae
1193 3465 1316 3539 insignes
1327 3464 1482 3522 revelantur
1490 3467 1609 3533 ;soilioet
1619 3468 1653 3522 da
1663 3469 1721 3523 An·

71 3560 140 3616 etin
152 3559 333 3618 revelatione
342 3561 440 3633 glorie
450 3562 513 3633 ejas
522 3561 669 3634 pendeatis
679 3563 868 3620 exsultantes.
924 3556 1046 3614 ticbrista
1061 3555 1256 3628 triumphantes
1272 3553 1305 3621 ¹¹,
1317 3551 1386 3607 sicut
1399 3568 1469 3608 unus
1485 3568 1518 3610 ex
1533 3555 1719 3627 presbyteris:

75 3647 871 3726 Sidedewraminiin⁹nomsneObnititbeatiestieqno·
925 3645 1240 3718 tlisuntaittrlpocmrr,
1253 3642 1721 3717 lb),qaioenianteeillapressn·

74 3738 870 3813 niamgtoriaetDeiSpiritasrepaieseit¹⁰ineamdam
925 3732 1722 3809 romagno,etlaoeruntvestinaentarnaaam,eteonsli·

77 3829 318 3900 emesenam
326 3827 870 3904 potiatumattiomtcidamuttarm,
925 3827 1062 3885 taverunt
1071 3827 1168 3896 ipsam
1176 3823 1208 3878 in
1216 3821 1445 3892 sangoinertpnr.
1453 3820 1575 3878 Vestitus
1583 3822 1655 3879 enim
1664 3824 1721 3880 ani·

76 3919 121 3971 ant
136 3918 447 3988 nanicusaatatnns'
456 3919 869 3993 speculatorttildioctemot
925 3929 987 3986 mae,
997 3929 1070 3972 earo.
1085 3912 1186 3970 Sordes
1199 3909 1308 3982 quidem
1323 3908 1483 3983 baptismate
1493 3911 1651 3980 ablnuntur.
1662 3929 1721 3971 mu·

80 4002 264 4072 Christianus,
273 4022 313 4065 ne
322 4009 485 4076 mercat·
502 4009 641 4082 abnficet
659 4014 757 4068 auten
771 4011 870 4067 Domi-
925 4005 993 4062 ertias
1006 4018 1069 4061 vero
1080 4002 1211 4074 martyrio
1222 4001 1242 4058 Ι
1252 3996 1304 4057 48
1317 4000 1505 4058 candidantur.
1518 3999 1588 4070 Quia
1597 4009 1625 4059 et
1637 4003 1723 4061 laaias

78 4095 182 4150 min
191 4095 509 4155 nomineisto.loannes
518 4105 628 4166 vero,ut
637 4096 715 4154 etiam
726 4111 776 4169 pro
786 4095 872 4153 iratri-
924 4096 988 4165 (isa.
1005 4108 1024 4159 r,
1037 4093 1082 4163 ta)
1097 4108 1130 4148 en
1146 4106 1240 4148 russeo
1255 4091 1315 4145 15ιιι
1330 4089 1439 4146 oooaino
1449 4090 1559 4150 niveum
1571 4098 1601 4148 et
1614 4091 1722 4151 laneum

79 4178 872 4260 minuatneanimmpommus,nanatur,neganstimaram
925 4179 1095 4255 repromittit.
1119 4181 1216 4252 lingna
1238 4179 1321 4236 etiam
1346 4177 1465 4249 Babylon
1485 4194 1546 4235 eum
1560 4179 1723 4237 describitur

80 4271 359 4347 eamindilectionetl
370 4275 448 4336 toan.
461 4289 498 4343 ιι,
515 4276 579 4345 itt):
595 4277 726 4345 Perfecta
739 4277 817 4333 enim
830 4276 872 4332 di·
925 4274 1000 4333 ebria
1027 4278 1181 4328 sanctorum
1199 4282 1303 4336 cruore,
1332 4267 1391 4326 sine
1406 4267 1488 4324 dublo
1517 4268 1636 4328 ebrietas
1663 4270 1723 4341 ejus

759 4399 856 4466 Varie
877 4403 1032 4467 lectiones.

110 4505 168 4562 3Ιζι
193 4506 262 4563 add.
286 4507 372 4565 Sernl.
396 4508 409 4547 ⁶
430 4511 495 4568 acta
517 4510 593 4567 Serra
612 4507 624 4546 ¹
647 4508 706 4564 Erit
729 4509 813 4566 Semi.
833 4508 846 4545 Β
869 4506 909 4564 lta
931 4507 998 4562 ton.
1018 4502 1031 4541 ⁹
1052 4500 1197 4560 {ademit
1220 4500 1306 4557 Semt.
1324 4499 1348 4537 ¹⁰
1362 4496 1620 4569 Requiescetllien.
1636 4502 1721 4559 Semi.

81 4578 184 4636 obertu
215 4579 239 4617 ¹¹
269 4577 428 4638 Gehnnem
451 4581 535 4638 Semi.
555 4580 579 4618 ¹²
602 4578 716 4651 conjicit
738 4578 827 4636 llben.
844 4577 929 4636 Semi.
956 4576 1064 4635 Obertlr.
1091 4572 1116 4612 ¹³
1140 4570 1246 4627 Animae
1269 4569 1422 4644 patientiam
1461 4580 1566 4639 asennt,
1581 4576 1609 4626 et
1622 4570 1723 4626 induta·

77 4650 148 4781 allis
176 4649 301 4708 candide
329 4652 392 4723 aiii,
411 4651 510 4710 fidncia
533 4651 640 4710 ultionis
658 4650 800 4708 candidam
823 4651 908 4710 Semi.
928 4647 1061 4721 pluribus
1084 4643 1217 4717 demptis.
1248 4643 1271 4684 ¹¹
1294 4642 1405 4712 Trinmp
1451 4652 1481 4696 ss
1504 4640 1590 4744 &snb
1615 4639 1724 4697 ¹⁵ilnio

775 4793 1023 4859 Commentarius.

109 4901 168 4973 (81)
186 4901 240 4959 Coi
262 4901 358 4974 potiar
379 4901 504 4974 Murum
524 4903 597 4959 vocis
611 4918 671 4959 sace
689 4900 869 4959 declarasset.
886 4915 910 4994 g
928 4902 971 4970 to)
986 4898 1037 4955 etl
1054 4899 1114 4956 dor.
1131 4898 1173 4970 (x,
1190 4895 1235 4965 ta)
1250 4889 1464 4961 conterendum
1481 4898 1508 4947 et
1519 4890 1594 4960 alibi,
1612 4896 1724 4967 tempus
1797 4903 1804 4913 ·

76 4972 217 5029 Sermonis
244 4973 288 5029 sni
311 4974 450 5046 mysteria,
478 4981 653 5040 sacramenta,
682 4988 745 5029 cum
771 4973 872 5029 seilicet
927 4971 1031 5029 dioboli
1047 4970 1136 5026 breue.
1152 4968 1240 5024 Sarra.
1408 5036 1413 5048 ι
1546 5037 1551 5048 ⁸
1674 5040 1680 5051 .

74 5044 208 5101 recedam
221 5060 238 5100 a
253 5043 348 5102 litteris
361 5043 429 5101 suia'
441 5060 545 5113 maus,
556 5054 586 5103 nt
609 5047 668 5118 ipse
680 5042 799 5117 loquitur
821 5044 874 5101 boa
962 5043 1020 5114 (ab)
1031 5041 1084 5099 Sub
1094 5040 1184 5097 attari
1193 5042 1354 5119 martyram
1363 5034 1619 5118 ontnsmptactdans
1629 5054 1724 5110 gates-

75 5115 134 5187 ipso
146 5130 242 5188 opere,
258 5129 319 5188 cap.
339 5119 383 5173 itt.
400 5117 463 5174 Rra.
929 5118 1010 5171 eunt.
1027 5111 1127 5169 nitaris
1139 5109 1269 5166 vocabulo
1284 5108 1429 5188 significari
1442 5109 1549 5189 videtur
1568 5115 1650 5179 terra,
1663 5126 1725 5182 quie

106 5189 166 5258 (⁸2)
175 5187 310 5245 Pur-aditi
324 5204 432 5262 qaoque
445 5193 600 5262 compotem
611 5189 683 5260 [acii
692 5192 761 5246 onte
770 5182 877 5259 raiarty·
930 5186 982 5244 fuit
994 5185 1079 5240 instar
1093 5181 1184 5238 altaris
1198 5188 1344 5261 martyrum
1354 5177 1544 5261 immolationi.
1559 5179 1620 5237 Rue.

78 5263 163 5317 marn.
180 5259 255 5316 Dum
270 5260 370 5316 scilicet
384 5267 477 5333 raptus
496 5263 529 5318 ad
539 5276 627 5334 usqam
642 5258 751 5317 tertium
762 5257 875 5325 coelnm,
965 5256 1023 5329 (86)
1034 5258 1066 5312 Et
1080 5254 1185 5324 ,inacta
1198 5253 1318 5311 ultionis
1326 5253 1499 5332 patientiam
1508 5257 1632 5334 pascunt
1641 5256 1669 5311 et
1682 5254 1727 5309 in-

78 5344 109 5385 ea
124 5330 195 5389 vidit
217 5344 279 5401 quae
296 5331 385 5387 nultus
401 5348 509 5390 narrare
533 5339 621 5403 potest
643 5339 689 5388 ant
714 5332 877 5402 exprimere,
931 5329 1008 5392 dota
1029 5327 1120 5384 stolis.
1139 5325 1203 5382 llaea
1217 5323 1401 5406 supplevimus
1418 5337 1451 5379 er
1470 5323 1634 5404 membranis
1647 5326 1725 5404 Age·

10 5428 12 5435 =
80 5410 127 5457 ant
141 5402 225 5458 etiam
239 5401 405 5486 cogitatione
417 5403 658 5476 comprehendere.
675 5403 712 5459 La
724 5403 774 5460 nn.
931 5399 1017 5457 bardi.
1038 5399 1182 5471 Eleganter
1202 5404 1249 5463 att,
1275 5400 1546 5476 martyrumammaa
1570 5395 1622 5449 snb
1648 5392 1726 5473 altari

113 5474 282 5546 (mittent
294 5476 468 5550 speculator.
482 5475 594 5533 alienas
612 5475 714 5533 seilicet
728 5490 812 5551 agens
825 5488 877 5530 au·
931 5470 1070 5545 depositas
1101 5470 1127 5524 in
1155 5483 1232 5549 spem
1255 5472 1459 5548 resurrectionis
1478 5461 1611 5544 placidum
1630 5477 1726 5587 (Γιιοι-

81 5560 135 5601 ras.
151 5545 190 5602 ln
206 5546 255 5603 Pa.
933 5539 1153 5611 ceremoniae
1179 5554 1207 5593 1n
1234 5537 1368 5608 refrigera
1386 5541 1462 5604 prato
1494 5532 1591 5593 iduma
1616 5539 1729 5595 uuonan

113 5618 174 5689 (84)
196 5619 311 5679 Donum
322 5637 428 5680 nornen
441 5637 499 5680 non
515 5624 644 5696 negarat.
660 5618 700 5678 ita
721 5624 809 5694 Apoc.
825 5619 878 5689 (nr,
934 5613 1093 5688 patientiam
1107 5623 1229 5684 pascere.
1248 5605 1312 5664 Dra.

170 5729 297 5788 Parnon.
318 5730 353 5787 11.
1634 5716 1652 5771 5
