3840 6134
134 256 189 332 509

130 382 206 454 turis,
231 383 360 443 auterens
378 404 439 462 quae
458 392 485 449 et
508 389 556 449 ille
584 390 767 449 damnaverat.
797 391 850 450 Sed
878 409 932 450 non

132 471 213 543 buius
228 474 282 530 loci
301 475 427 548 questio,
458 496 507 536 cnr
529 480 607 554 leges
626 497 692 538 snas
707 482 820 539 Creator
845 481 931 539 intre·

132 561 212 637 gerit.
243 563 348 622 thicit
377 568 451 639 quod
479 568 659 628 infracturum
690 571 874 645 probavimus,
905 579 933 628 ut

132 650 310 709 confirmatur
332 655 399 711 nibil
427 655 592 729 Apostolum
616 659 747 718 adversus
777 661 932 718 Creatorem

133 739 340 808 determinasse,
356 761 417 801 cum
432 740 532 816 etipsa
551 749 671 807 amolitio
686 750 709 790 ³¹
726 751 808 824 Legis
821 767 837 807 a
850 751 933 806 Crea-

133 835 193 885 tnrc
208 829 255 886 sit.
271 831 324 886 Sed
343 840 372 887 ut
386 833 411 871 ³²
430 834 535 891 iuribus
554 838 622 894 solet
641 838 743 911 aliquid
758 838 880 895 excidere
899 838 932 894 de

133 919 226 992 praeda
245 919 272 974 iu
287 920 427 993 iudicium,
448 923 484 979 ita
498 925 580 982 credo
599 935 626 983 et
649 927 813 984 Marcionem
837 929 932 984 novis·

132 1006 227 1061 simam
243 1008 362 1064 Abrahae
375 1012 542 1070 mentionem
557 1014 746 1088 dereliquisse,
764 1016 863 1072 niallam
879 1034 932 1072 ma-

131 1093 172 1164 gis
190 1092 380 1165 auferendam,
401 1101 455 1155 etsi
476 1108 598 1171 exparte
613 1101 795 1159 convertit³³.
813 1103 842 1159 Si
858 1103 932 1160 enim

131 1181 272 1239 toralium
282 1185 350 1243 duos
365 1187 465 1248 liberos
486 1188 596 1258 hebuit,
609 1208 699 1249 auum
723 1207 760 1247 ea
775 1194 891 1261 cucilla,
904 1198 935 1250 ei

131 1269 220 1327 ulium
231 1288 268 1329 ce
278 1272 437 1333 liberarant
447 1278 496 1349 qui
506 1280 669 1346 cramaille,
679 1281 836 1338 carnaliter
846 1285 932 1339 notus

130 1364 190 1425 ectr
201 1363 254 1432 qui
267 1377 331 1419 vero
342 1378 379 1419 ee
396 1365 495 1434 tibere,
513 1383 563 1439 per
578 1366 658 1425 478
675 1371 930 1441 repromissionem,

130 1464 190 1521 quae
199 1454 271 1506 suaet
285 1451 449 1523 alimonica,
461 1453 489 1511 id
501 1462 552 1522 est,
563 1456 637 1514 aliud
647 1459 834 1529 portendentia
851 1475 858 1512 :
874 1459 932 1516 bec

129 1543 196 1594 suat
221 1541 299 1596 enim
318 1540 373 1599 duo
395 1546 578 1610 testnrrreutu,
595 1545 652 1604 sive
675 1547 738 1603 dnae
751 1546 930 1614 ostensiones,

132 1627 202 1681 sieut
232 1627 390 1684 invenimus
422 1631 626 1704 interpretatum
652 1651 659 1689 :
681 1652 774 1693 naum
794 1653 812 1693 u
835 1638 932 1695 monte

748 267 809 330 tltt.
833 266 852 326 t
872 267 950 329 tbll.
969 267 1177 334 MARCIONEM.

1733 279 1787 344 sto

988 411 1051 452 enm
1074 397 1210 455 constimit
1232 400 1470 471 manumissorem,
1486 403 1532 478 qui
1557 404 1610 463 init
1627 405 1786 463 Dominus?

986 482 1098 543 Alienos
1112 487 1185 544 enim
1204 504 1298 547 servos
1324 506 1357 547 ne
1376 490 1461 549 Galba
1476 493 1583 565 quidem
1602 495 1627 535 ³⁶
1647 494 1785 552 manumi-

986 573 1021 630 sit
1042 576 1111 646 (tn),
1132 576 1237 634 lucilius
1264 578 1366 637 liberos
1393 580 1541 637 soluturus.
1570 584 1611 640 Ab
1641 599 1674 642 eo
1701 583 1784 657 igitur

986 667 1156 734 praelabitur
1178 666 1300 738 libertas,
1324 669 1397 740 apud
1411 685 1494 742 quem
1510 668 1561 727 tuit
1575 671 1689 731 servitus
1702 673 1782 749 legis.

985 754 1018 809 Et
1033 757 1140 812 merito.
1164 757 1226 812 Nun
1253 746 1365 816 decebat
1392 757 1575 815 manumissos
1603 776 1695 817 rursus
1715 762 1783 837 jugo

985 844 1122 901 servitutis
1146 845 1215 917 (td),
1236 844 1263 902 id
1283 855 1325 903 est
1338 846 1419 919 legis,
1444 846 1585 920 adstringi,
1598 849 1653 919 jana
1677 849 1784 908 Psalmo

985 931 1026 1002 (ul
1035 932 1180 1003 adimpleto
1194 936 1416 1008 :btrurnpumm
1425 938 1543 994 uincula
1553 955 1661 1006 eorum,
1673 944 1702 997 et
1716 939 1784 1011 abji-

985 1022 1209 1082 eiemmuaobis
1219 1025 1324 1096 jupam
1334 1028 1620 1100 ipsorumposrquam
1635 1029 1783 1088 prebentes

984 1112 1145 1184 couprepuii
1167 1117 1236 1178 ruat
1257 1115 1289 1169 ire
1312 1130 1406 1171 uuum
1421 1117 1552 1175 adversus
1565 1119 1737 1187 bornicum·
1757 1123 1784 1176 ei

985 1200 1116 1259 aduersus
1128 1200 1275 1259 Christum
1289 1205 1390 1277 ipsius.
1407 1205 1447 1261 De
1461 1205 1591 1262 servitute
1601 1206 1685 1279 igitur
1696 1222 1785 1264 exem-

986 1299 1055 1361 ptos,
1064 1291 1294 1359 ipsamservitutis
1305 1300 1396 1349 notam
1405 1293 1516 1351 eradere
1526 1297 1724 1366 perseverabat,
1733 1296 1785 1352 cir-

985 1378 1195 1446 cumcisionem;
1221 1395 1254 1435 ex
1277 1381 1478 1452 predicationis
1494 1380 1580 1439 419
1600 1382 1703 1441 scilicet
1716 1400 1784 1455 pro·

985 1468 1098 1540 pheticae
1119 1467 1294 1536 auctoritate;
1326 1485 1429 1526 ruamur
1446 1470 1547 1527 dictum
1567 1487 1616 1542 per
1637 1472 1781 1529 leremiam

985 1556 1066 1629 (1le
1077 1575 1084 1613 ε
1097 1559 1133 1613 Et
1142 1559 1382 1616 circumcidimini
1389 1561 1535 1633 praeputio
1545 1560 1568 1599 ³³
1579 1561 1781 1633 cordisvestri,

985 1643 1056 1715 Quia
1069 1654 1096 1701 et
1109 1647 1215 1719 Moyses
1229 1649 1321 1717 (Dent.
1338 1663 1367 1715 x,
1384 1651 1428 1717 ta)
1443 1667 1452 1705 .·
1470 1649 1683 1707 circumcidetis
1695 1651 1779 1708 duri-

131 1716 207 1781 stim,
222 1718 256 1774 in
273 1735 443 1792 spropopem
458 1722 631 1792 iudeorum,
652 1727 808 1784 secundum
834 1730 930 1800 repen,
948 1728 970 1807 Β
985 1735 1110 1793 cordiam
1124 1739 1257 1802 vestram,
1282 1736 1309 1791 id
1328 1746 1380 1808 osv,
1400 1753 1454 1793 non
1469 1752 1586 1794 carnem.
1610 1740 1743 1811 benique,
1757 1739 1781 1795 si

130 1820 270 1876 perversus
297 1808 329 1862 in
362 1811 550 1879 seruitutem
577 1814 694 1870 ellade
710 1831 793 1887 super
819 1831 928 1872 omnem

132 1885 317 1965 principatum,
329 1911 469 1968 perieram
484 1901 550 1969 viru,
566 1901 790 1972 dominationem,
806 1912 833 1960 et
847 1919 928 1961 omne

135 1995 235 2037 nomen
261 1983 330 2054 quod
344 1986 511 2059 nominatur,
538 2005 592 2044 rron
613 1997 717 2046 tantum
738 1992 765 2047 iu
785 1994 838 2051 hoc
856 2009 925 2061 aevu,

129 2070 175 2124 sed
189 2071 217 2124 ιἰι
232 2071 322 2129 tuturo
338 2092 345 2128 :
361 2092 423 2148 quae
438 2082 479 2134 est
498 2082 593 2136 muter·
613 2086 725 2146 uestro,
742 2080 770 2136 in
785 2098 865 2155 quam
881 2097 927 2138 re-

128 2159 304 2230 promisimus
326 2174 445 2220 sanctam
464 2167 608 2223 Ecclesiam
636 2187 641 2226 :
663 2170 780 2243 ideoque
802 2171 895 2241 adjicit
919 2186 925 2224 ε

127 2247 245 2321 Propter
255 2251 338 2323 quod,
346 2255 462 2323 fratrea,
475 2273 532 2313 nou
546 2275 644 2316 sumas
667 2262 784 2318 cucillae
796 2261 865 2331 filli,
881 2260 929 2318 sed

129 2338 230 2397 liberte.
250 2341 351 2416 Utique
375 2346 557 2403 manifestavit
581 2358 608 2405 et
631 2350 822 2407 christianismi
841 2367 928 2424 geue-

128 2429 266 2486 rositatem
289 2432 318 2487 in
341 2432 397 2490 lilio
420 2435 539 2492 Abrahae
558 2454 591 2494 ex
615 2438 700 2497 libera
715 2449 777 2497 natu
792 2441 946 2512 allegoriae'

129 2518 224 2575 habere
249 2532 461 2597 sacramentum,
475 2527 545 2583 sicut
569 2536 597 2584 et
618 2531 746 2586 ludaismi
769 2533 928 2588 servitutem

132 2606 241 2680 legalem
266 2612 294 2665 in
316 2611 372 2669 filio
393 2614 517 2683 ancillae3
538 2626 618 2690 atque
644 2619 680 2676 ita
704 2622 763 2690 ejus
791 2621 842 2676 Dei
869 2637 928 2676 esse

134 2706 271 2770 utramque
299 2701 513 2774 dispositionem,
551 2709 624 2777 apud
661 2726 742 2781 quern
775 2711 928 2768 invenimus

137 2785 273 2856 utriusque
289 2788 474 2861 dispositionis
498 2795 716 2853 delineationem.
742 2799 834 2870 Ipsum
856 2801 927 2872 quod

137 2873 174 2929 ait.
192 2877 254 2944 Qum
264 2879 395 2936 libertate
410 2882 536 2939 Christus
548 2901 597 2942 reos
606 2891 777 2946 runnuruisit
790 2890 824 2960 ³³,
838 2906 928 2947 noane

981 1823 1186 1882 circumcisione
1200 1825 1234 1880 ab
1253 1823 1305 1880 alio
1325 1826 1384 1882 Deo
1409 1823 1521 1881 veniens
1545 1824 1712 1893 excludebat,
1729 1841 1780 1882 cnr

981 1914 1063 1968 ctiam
1088 1913 1320 1984 praeputiationem
1350 1921 1430 1987 negat
1455 1913 1600 1986 quidquam
1629 1913 1722 1970 valere
1750 1917 1777 1970 iu

981 2000 1098 2067 Christo,
1123 2002 1193 2057 sicut
1220 2009 1247 2057 et
1271 2000 1526 2058 circumcisionem?
1558 1999 1683 2072 praeierre
1705 2002 1775 2057 euim

981 2090 1097 2146 debebat
1124 2090 1247 2146 aemulam
1275 2091 1345 2161 ejus,
1375 2106 1454 2164 quam
1479 2090 1663 2162 expugnabat,
1691 2090 1714 2145 si
1742 2089 1776 2146 ab

982 2179 1079 2235 amulo
1108 2178 1320 2236 circumcisionis
1342 2180 1401 2236 Deo
1425 2188 1507 2236 essct.
1537 2180 1631 2246 Porro,
1660 2181 1724 2250 qnia
1752 2187 1779 2236 et

982 2268 1150 2326 circumcisio
1173 2278 1200 2324 et
1229 2268 1398 2340 praeputiatio
1420 2269 1467 2325 uni
1486 2270 1544 2327 Deo
1570 2269 1779 2340 deputabantur,

981 2356 1042 2412 ideo
1057 2366 1169 2429 utraque
1189 2357 1217 2412 in
1232 2358 1340 2414 Christo
1356 2358 1477 2427 vacabat,
1499 2365 1610 2429 propter
1628 2357 1693 2413 fidei
1707 2373 1780 2429 prae-

982 2447 1128 2513 lationem;
1159 2447 1229 2503 iltius
1245 2447 1319 2520 tidci,
1350 2447 1382 2502 dc
1405 2463 1459 2520 qua
1481 2461 1538 2502 erat
1562 2447 1694 2518 scriptum
1714 2446 1781 2519 (Iso.

980 2551 1050 2601 xuu,
1062 2537 1089 2605 i)
1107 2551 1114 2588 ε
1127 2537 1162 2591 Et
1173 2538 1204 2592 ire
1216 2536 1331 2593 corveiae
1345 2537 1409 2607 ejus
1419 2537 1552 2592 motiones
1562 2536 1696 2603 crederet‚·
1709 2535 1783 2592 illins
1813 2545 1814 2548 ’

982 2622 1144 2694 coetuum
1159 2622 1275 2679 diceudo
1289 2622 1526 2694 perdilectionem
1538 2623 1648 2695 perfici,
1660 2621 1698 2677 sic
1711 2639 1783 2694 quo-

980 2728 1034 2787 que
1052 2712 1188 2768 Creatoris
1208 2713 1338 2770 ostendit.
1362 2711 1425 2768 Sive
1440 2713 1511 2766 enim
1526 2712 1697 2768 dilectionem
1717 2710 1783 2767 dicit

981 2817 1041 2873 quau
1058 2802 1083 2855 iu
1104 2802 1202 2868 Deum,
1218 2810 1245 2857 et
1259 2801 1310 2857 hoc
1329 2799 1464 2856 Creatoris
1477 2808 1518 2855 ast
1537 2800 1627 2871 (Dent.
1644 2801 1685 2869 vr)
1708 2801 1780 2856 :bt-

983 2891 1048 2962 lipes
1059 2892 1149 2946 Deum
1163 2905 1199 2945 ee
1214 2893 1271 2948 toto
1285 2889 1365 2947 corde
1381 2893 1440 2962 tuo,
1452 2893 1480 2947 et
1490 2907 1526 2949 err
1536 2893 1595 2947 tote
1606 2891 1705 2946 naimo
1716 2894 1777 2957 tua,

810 3007 904 3070 Variae
940 3012 1099 3071 lectiones.

163 3096 185 3135 ³¹
200 3096 321 3155 Abolitio
334 3104 371 3158 al.
389 3103 413 3141 ³²
427 3103 461 3157 Mt
475 3107 540 3159 Par.
555 3112 581 3144 ³⁵
597 3106 740 3163 Convenit
754 3113 815 3167 bui.
831 3112 954 3167 3ἰιιιῑιιιιι
977 3113 1065 3169 lllreu.
1083 3112 1167 3168 Senti.
1187 3109 1296 3167 Obertb.
1309 3109 1422 3165 alterum
1442 3113 1505 3167 Lat.
1522 3111 1546 3150 ³³
1565 3111 1778 3167 Deliueationem

136 3168 206 3226 Pom.
222 3171 431 3229 declinationem
446 3177 512 3232 lun.
533 3177 557 3215 ³³
572 3180 627 3234 Nec
642 3178 727 3236 Galba
744 3183 811 3238 lun.
823 3186 884 3240 sine
895 3184 1008 3255 quidem
1022 3183 1046 3223 ³7
1059 3182 1195 3254 Prarputio
1209 3181 1248 3238 ut.

833 3274 1080 3338 Commentarius.

163 3371 219 3440 (li)
235 3371 349 3428 Alica-os
361 3374 437 3428 errim
452 3387 543 3430 servos
554 3377 682 3433 aruritae
693 3378 806 3451 quedem
821 3397 923 3436 manre·
980 3394 1031 3433 nus
1050 3377 1123 3433 enim
1150 3390 1244 3431 servos
1268 3375 1313 3446 qui
1337 3374 1513 3455 manumittit,
1527 3373 1619 3456 ‘nihil'
1637 3373 1702 3449 agit.
1730 3374 1779 3431 Hic

135 3442 218 3498 misit.
242 3441 289 3498 Sic
303 3444 414 3499 omniuo
437 3446 529 3516 legunt
553 3449 725 3519 exerrvplarla,
749 3467 836 3522 neque
859 3469 922 3505 mu·
980 3466 1043 3504 vero
1066 3465 1141 3503 ruore
1174 3462 1223 3503 suu
1246 3447 1430 3502 Tartrrltianus
1453 3447 1553 3518 ahquid
1572 3446 1636 3501 salvs
1662 3446 1778 3529 adsper-

136 3515 240 3568 tandunr
261 3517 416 3586 quicquam.
446 3516 476 3570 ln
503 3534 534 3572 ea
556 3518 605 3573 init
625 3522 720 3574 haeresi
745 3523 874 3587 Marcion,
895 3532 924 3578 ut
978 3523 1041 3594 git:
1062 3541 1073 3570 ι
1094 3518 1206 3574 Alienos
1220 3518 1292 3574 euim
1316 3533 1421 3586 servos,
1437 3518 1534 3590 iuquit,
1559 3533 1593 3572 ne
1615 3516 1704 3574 Galba
1716 3535 1778 3590 qur·

135 3584 231 3640 diceret
258 3586 396 3641 Christum
422 3602 550 3643 uoncssc
579 3590 673 3645 Filium
696 3592 746 3647 Dei
769 3592 922 3658 Creatoris;
978 3597 1038 3648 dem
1063 3589 1228 3654 manumisit,
1244 3588 1628 3645 faciliusliberossulutnros.
1651 3608 1664 3640 a
1688 3591 1778 3670 ἱερεῖ

135 3655 267 3727 aliumque
283 3671 344 3711 csse
357 3658 445 3713 Deum
463 3661 560 3715 veteris
573 3663 746 3734 Testamenti,
761 3664 819 3721 sive
833 3663 923 3737 Legis,
978 3671 1018 3718 rat
1041 3661 1113 3733 apud
1142 3660 1298 3718 Suetonium
1327 3661 1520 3732 Tranquillum,
1556 3670 1694 3716 arrctorem
1727 3660 1778 3714 srbr

135 3725 210 3782 aliurn
231 3728 294 3781 novi
319 3729 377 3784 sive
401 3730 548 3802 Evangelii.
565 3733 653 3787 Deum
676 3735 754 3809 Legis
769 3752 828 3791 csse
843 3735 924 3790 Crca-
978 3732 1150 3800 familiarem,
1175 3747 1224 3787 uec
1238 3732 1320 3787 semel
1344 3733 1392 3787 abs
1409 3747 1437 3786 se
1461 3732 1581 3795 citatum,
1603 3732 1707 3787 caedem
1720 3731 1776 3786 Ne·

135 3807 224 3869 brem,
248 3807 353 3855 trucem
377 3807 404 3854 ct
432 3805 709 3878 saevum;Evangelii
733 3824 796 3864 vero
824 3807 923 3873 Deum,
978 3806 1053 3861 runis
1076 3807 1180 3861 mutum
1201 3804 1328 3876 gaudium
1352 3802 1461 3871 publice
1476 3803 1637 3884 praebuisse,
1654 3808 1683 3856 nt
1698 3801 1776 3884 plebs

136 3869 200 3923 nibil
219 3885 346 3941 creasse;
373 3875 557 3929 tantummodo
579 3879 760 3932 essebonum
782 3887 809 3932 ct
830 3878 922 3932 indul·
978 3877 1076 3946 pileata
1098 3885 1151 3932 tota
1171 3880 1237 3932 urbe
1259 3875 1432 3940 discurreret,
1462 3890 1545 3955 quast·
1567 3873 1680 3929 liberata
1706 3881 1775 3930 tristi

136 3939 393 4062 gratissimumqui
422 3960 473 3998 uos
498 3961 544 4015 per
576 3947 712 4002 Christum
735 3958 923 4005 sirumtrucu-
978 3946 1424 4019 servitutisjugo:Galbamvero
1444 3945 1561 4001 Neronis
1588 3960 1776 4002 successorem

145 4011 197 4066 enti
211 4011 286 4068 illius
299 4030 330 4069 ac
345 4014 474 4085 tyrannici
488 4016 539 4071 Dei
553 4016 620 4089 jugo
636 4017 762 4075 liberarit.
781 4022 852 4075 Mauo
864 4036 924 4076 seu·
977 4018 1037 4073 haec
1064 4020 1107 4074 sui
1146 4016 1314 4089 principatus
1351 4015 1492 4096 auspicia·
1513 4016 1671 4087 sumpsisse,
1714 4032 1776 4097 oum

136 4082 241 4139 tentiam
277 4084 457 4141 Tertullianus
489 4087 580 4143 uiuitis
614 4091 777 4164 argumentis
815 4091 921 4161 refellit,
978 4089 1057 4161 quasi
1072 4087 1274 4144 manumissioni
1297 4096 1440 4143 vacaturus
1460 4088 1577 4142 tribuual
1602 4087 1776 4168 conscendas·

135 4161 209 4225 atqrm
239 4155 291 4211 huc
317 4157 385 4211 inter
411 4165 520 4226 caetera,
553 4161 625 4229 quod
658 4162 792 4218 Christum
815 4164 921 4232 Paulus,
978 4170 1028 4225 set,
1053 4174 1084 4214 ac
1104 4158 1249 4230 propositis
1272 4163 1335 4216 aute
1358 4159 1592 4239 εειιειιιιιριριμιιι
1616 4172 1779 4212 occisorum·

135 4223 251 4295 Epistola
270 4227 304 4281 ad
324 4229 440 4293 Galatas,
466 4232 690 4288 manumissorem
716 4243 840 4288 nostrum
863 4249 924 4289 esse
977 4245 1031 4301 qne
1049 4230 1187 4284 aNerone
1201 4245 1281 4299 qnam
1296 4230 1421 4299 plurimrs
1440 4232 1603 4299 imaginibus
1623 4235 1777 4296 temporum

136 4294 209 4352 dicat.
226 4298 312 4365 Quam
327 4301 477 4371 Epistulam
493 4317 544 4357 uec
557 4302 677 4358 Marcion
697 4303 807 4374 quidem
820 4305 923 4373 rejecit.

135 4365 193 4442 lude
218 4378 308 4424 autem
324 4374 477 4427 necessario
491 4373 579 4445 sequi,
603 4388 654 4429 uos
675 4375 820 4444 aliqnando
841 4375 924 4431 inisse

136 4451 157 4490 ru
169 4439 306 4495 servitute
320 4442 391 4511 apud
401 4440 476 4496 illum
493 4444 579 4498 Deum
596 4445 761 4514 Creatorem,
776 4444 923 4502 Christum·

135 4522 182 4578 qne
202 4526 266 4565 esse
287 4511 338 4567 Dei
364 4512 438 4567 illius
466 4513 599 4571 Creatoris
626 4516 722 4572 Filium
747 4538 756 4573 .·
784 4533 845 4574 cum
872 4533 923 4574 nec

135 4579 179 4636 dici
194 4597 245 4637 nec
259 4598 319 4638 esse
342 4585 430 4652 possit
449 4590 639 4654 manumissor,
666 4589 716 4643 nisi
739 4587 785 4662 qni
808 4587 857 4643 tuit
872 4589 926 4644 Do-

135 4653 240 4718 minus3
267 4669 318 4708 nee
344 4654 465 4725 libertus,
493 4657 546 4711 nisi
572 4657 618 4728 qui
640 4659 740 4727 iustam
767 4659 925 4716 servitutem

135 4724 241 4778 servivit
261 4725 332 4793 apud
355 4727 587 4783 manumissorem.
603 4730 658 4784 Nos
677 4731 771 4803 igitur,
785 4732 857 4803 quud
874 4747 923 4786 ea-

135 4792 190 4847 dem
217 4795 341 4867 Epistola
369 4799 456 4865 docet,
482 4814 574 4855 servos
597 4799 755 4872 aliquandiu
778 4803 859 4858 luisse
875 4802 925 4856 sub

133 4860 199 4936 Lege
213 4866 312 4922 veteris
333 4867 497 4923 Testamenti
509 4887 516 4940 3
534 4880 626 4941 postea
640 4889 703 4929 vero
726 4874 824 4930 Christi
838 4875 923 4929 bene·

133 4932 190 4991 ficio
205 4938 333 4993 liberatos
346 4954 378 4993 ea
397 4941 524 4996 servitute
540 4941 629 5012 Legis,
657 4959 706 5000 nec
717 4945 772 5014 jam
789 4948 840 5001 snb
855 4947 926 5020 Lege

132 5020 200 5072 esse,
217 5024 313 5063 verum
325 5011 376 5064 snb
399 5012 555 5084 Evangelio.
576 5014 679 5086 ltaque,
694 5019 735 5072 sic
747 5017 850 5090 colligit
862 5019 928 5072 Ter·

133 5079 259 5136 tullianus
299 5101 305 5136 z
337 5081 365 5135 Si
389 5084 614 5141 manumissorem
645 5088 818 5159 agnoscimus
845 5088 927 5144 Chri-

131 5156 210 5216 stum,
231 5153 384 5208 uecessario
408 5170 556 5225 agnoscere
575 5158 708 5213 debemus
727 5161 851 5216 eumdem
865 5176 927 5216 esse

131 5220 268 5279 Christum
290 5223 428 5280 Creatoris
450 5226 533 5292 illias,
563 5230 641 5298 cujus
666 5229 717 5285 tuit
739 5246 772 5285 ea
795 5232 849 5286 Lex
874 5246 928 5303 qua

130 5293 212 5349 soluti
228 5311 335 5362 sumus,
351 5296 448 5366 adepta
468 5298 599 5353 libertate.
616 5301 717 5355 Etenim
737 5301 788 5356 nisi
803 5301 927 5358 Christus

129 5372 211 5435 esset,
228 5366 375 5434 Creatoris,
392 5383 447 5422 uon
465 5370 528 5439 jure
542 5385 592 5425 uos
616 5386 647 5426 ea
670 5374 799 5429 servitute
813 5374 927 5429 liberas·

71 5442 73 5449 '
128 5445 176 5502 set,
191 5453 277 5509 quam
306 5439 491 5496 serviebamus
509 5442 583 5512 apud
607 5441 771 5510 Creatorem,
786 5446 836 5501 sub
856 5445 928 5501 illins

126 5504 196 5587 legis
211 5508 322 5565 duritia.
352 5510 542 5568 Serviebamus
565 5514 638 5583 apud
657 5513 821 5585 Creatorem,
844 5531 926 5585 opor·

126 5583 177 5634 tnrt
195 5594 262 5651 ergo
284 5581 509 5640 manumissorem
528 5586 684 5644 aCreatore
712 5586 829 5646 venisse.
855 5587 929 5643 Alie·

977 4311 1075 4357 statum
1095 4301 1236 4371 deplorare
1263 4300 1405 4380 coepisset;
1430 4297 1459 4353 in
1485 4315 1573 4369 eoquo
1602 4297 1696 4378 habitu
1720 4298 1779 4379 sive

977 4381 1047 4440 actu,
1072 4371 1105 4427 ab
1130 4371 1365 4426 circumstantibus
1389 4367 1591 4424 consalutatum
1615 4368 1700 4425 inisse
1721 4384 1776 4424 um-

979 4450 1140 4516 peraturem.
1156 4440 1202 4496 hit
1216 4441 1298 4512 igitur
1312 4437 1504 4504 Tertullianus,
1523 4454 1556 4492 nc
1582 4437 1696 4493 Galbam
1710 4443 1774 4511 qui·

979 4518 1051 4584 dem,
1077 4530 1110 4569 ea
1137 4528 1226 4569 rerum
1247 4510 1326 4576 t'acie,
1346 4523 1440 4564 servos
1454 4509 1559 4564 ahenos
1573 4511 1776 4566 manumisisse.

980 4586 1063 4642 hddit
1078 4603 1116 4640 :a
1142 4582 1255 4640 Facilius
1277 4580 1379 4636 liberos
1392 4579 1555 4644 soluturum,
1579 4580 1714 4637 »reddita
1736 4580 1778 4636 vi·

980 4658 1075 4714 delicet
1095 4656 1218 4712 libertate
1240 4651 1343 4710 civibus
1367 4651 1504 4717 Romanis,
1524 4650 1572 4722 qul
1596 4649 1697 4706 ioedam
1725 4653 1777 4707 sub

978 4729 1085 4785 Nerone
1100 4729 1255 4784 servitutem
1271 4723 1433 4788 serviebant,
1445 4722 1509 4778 Rue.

1014 4801 1069 4869 (ld)
1085 4801 1145 4856 Non
1165 4797 1276 4853 decebat
1291 4795 1482 4851 manumissos
1497 4811 1598 4852 rursus
1608 4795 1677 4866 juqo
1692 4794 1776 4849 servi-

981 4874 1062 4928 tutis.
1080 4869 1167 4925 Verba
1190 4869 1248 4924 haec
1265 4882 1298 4922 ex
1313 4883 1339 4923 c.
1354 4881 1383 4921 vr
1397 4865 1430 4919 ad
1445 4864 1562 4932 Galatas,
1584 4865 1662 4935 juxta
1677 4863 1777 4919 editio·

980 4958 1147 4998 aesomnes
1174 4940 1316 5011 desumpta
1342 4946 1414 5002 snut,
1443 4936 1527 5008 htqoi
1556 4943 1629 4993 recta
1654 4936 1778 5007 ustriupi

981 5015 1060 5072 vertit
1077 5013 1151 5084 qnod
1169 5012 1264 5067 Graece
1293 5017 1334 5064 cst
1357 5007 1489 5075 ἐνέχεσθαι,
1512 5009 1552 5063 lbi
1579 5018 1667 5065 autem
1690 5028 1704 5061 a
1735 5008 1779 5078 ip-

980 5102 1038 5142 sam
1053 5082 1186 5142 servitutis
1208 5090 1298 5137 notam
1318 5083 1433 5136 eradere
1455 5081 1642 5149 perseverabat
1660 5080 1777 5136 circnm-

983 5157 1154 5224 ebionem»
1180 5152 1275 5209 alludit
1294 5151 1329 5206 ad
1355 5152 1383 5206 id
1402 5152 1474 5223 quod
1502 5151 1625 5223 sequitur
1648 5153 1745 5208 ibidem
1769 5168 1776 5204 ι

982 5231 1049 5285 b'cee
1068 5243 1114 5300 epo
1130 5225 1236 5282 Paulus
1250 5224 1311 5282 dieo
1326 5225 1408 5286 robis,
1425 5225 1561 5294 quonium
1576 5225 1603 5279 si
1625 5224 1778 5279 eircumci-

981 5300 1101 5365 domiui‚
1117 5298 1244 5355 Christus
1254 5297 1327 5353 uobis
1339 5295 1413 5350 inibit
1420 5296 1558 5365 proderit,
1572 5303 1636 5359 etc,
1647 5309 1731 5365 usqne
1742 5293 1777 5346 ad

981 5387 1051 5426 vers.
1067 5374 1094 5428 6.
1111 5368 1293 5440 Epiphanius,
1312 5367 1385 5438 quod
1400 5372 1441 5420 est
1463 5365 1652 5422 intermedium
1670 5379 1676 5418 :
1694 5383 1706 5417 ι
1725 5363 1779 5442 Te·

981 5452 1038 5499 stor
1051 5450 1141 5498 autem
1156 5455 1260 5506 rursus,
1284 5439 1358 5521 qnod
1379 5439 1460 5493 homo
1476 5437 1651 5493 circumcisus
1672 5435 1778 5516 debitur

981 5522 1023 5570 est
1036 5523 1065 5569 ut
1085 5521 1167 5569 totam
1187 5513 1276 5585 legem
1294 5509 1412 5581 impleat,
1428 5507 1538 5565 adducit
1562 5507 1588 5562 in
1611 5507 1776 5562 Marcionem

982 5584 1088 5642 contat.
1103 5588 1130 5654 3,
1146 5599 1179 5641 ex
1188 5583 1240 5655 Ep.
1259 5582 1294 5637 arl
1312 5580 1373 5639 Gal.
1389 5579 1462 5635 Pau.
