3840 6134
141 307 190 367 sn
215 375 218 380 ,
467 280 475 299 ’
748 314 845 380 trena
864 318 941 379 lav.
962 312 1189 379 naauosautn
1739 320 1795 383 eae

140 432 277 517 nontin,
288 439 317 494 ot
329 436 424 495 necas
438 436 537 496 idoneo
548 440 582 496 dc
596 440 687 500 nihilo
700 442 797 513 tacere
821 459 894 516 quoe,
907 444 985 504 velit.
997 444 1127 501 Praeterea
1142 441 1165 499 si
1178 439 1289 497 materia
1298 439 1378 506 mala,
1388 449 1417 498 et
1431 450 1541 511 eterna,
1553 443 1674 514 proiecto
1687 445 1788 504 malum

140 504 303 587 rneyrtabrle,
317 510 344 562 el
358 508 556 578 necessarium
571 511 595 568 si
610 512 748 570 mutabilis
762 514 789 570 in
803 514 917 584 bonnm,
928 531 995 587 ergo
1008 531 1063 573 nou
1074 522 1184 580 aeterna,
1201 518 1230 571 ot
1246 512 1291 569 bic
1305 516 1405 571 auctor
1415 514 1486 571 moti
1500 517 1581 584 Deus,
1593 517 1640 590 qni
1655 532 1722 574 com
1736 519 1787 578 de·

139 575 245 634 boaret
264 581 412 636 amnicos
425 581 550 639 motoria
576 583 737 655 protulisse,
752 590 806 643 ool
820 591 935 645 tontum
954 588 1034 655 boon,
1047 586 1214 660 protulisset
1228 586 1316 642 etiam
1330 584 1418 646 molo,
1433 585 1531 658 utiqoc
1545 590 1599 642 out
1611 589 1706 645 votem
1730 605 1788 649 esse

138 648 229 716 molo,
244 651 271 706 si
282 653 396 722 poterat
414 653 526 724 efficere
535 668 571 710 oe
585 658 685 726 essent,
700 659 821 717 nataae
835 659 929 718 coleos
943 661 1053 732 officere
1067 658 1164 717 omnio
1181 659 1262 721 bono,
1278 657 1303 713 si
1317 656 1418 723 voloit,
1434 660 1461 713 et
1480 672 1539 716 ooo
1553 657 1631 728 tecit.
1648 659 1734 719 Lucre.

403 845 518 904 CAPUT
532 847 677 908 Plllllllll.
954 870 978 950 g
994 870 1083 928 neque
1097 861 1170 922 nate,
1189 867 1286 925 nequae
1300 851 1381 920 laem,
1401 866 1452 910 nce
1466 850 1573 909 initium
1596 852 1702 911 habene
1724 870 1786 913 om-

172 931 301 990 Solemus
313 933 449 994 baselicis
463 937 617 1010 compendii
631 938 720 1014 gratia
734 942 768 999 de
778 943 938 1014 posteritate
993 946 1056 1004 nino
1070 960 1121 1004 nec
1135 943 1226 1014 linem,
1241 957 1274 1000 ex
1293 957 1348 1015 qua
1368 941 1501 999 Dominus
1519 941 1611 999 omnia
1635 951 1730 1016 postea
1744 944 1787 1003 le·

138 1021 328 1091 praecanere.
343 1023 374 1080 ln
383 1037 513 1098 mantum
522 1027 594 1085 enim
606 1029 727 1087 veritatis
742 1031 840 1105 regula
853 1033 938 1104 prior,
992 1035 1067 1093 cerit.

136 1127 197 1183 quae
216 1113 300 1170 etiam
317 1111 424 1172 laturas
447 1115 566 1175 haereses
579 1120 772 1190 praenuntiavit
792 1121 813 1193 ¹,
827 1122 856 1178 in
874 1130 938 1181 tan-
1302 1171 1416 1230 CAPUT
1441 1171 1465 1227 ss

137 1209 192 1257 tum
221 1201 388 1274 posteriores
405 1220 519 1279 quaeque
545 1207 676 1265 doctrinae
694 1210 812 1267 haeresas
834 1211 939 1283 prmiu-
1468 1209 1476 1227 ’

136 1287 313 1356 dicabantur,
334 1290 398 1362 quia
422 1301 487 1349 sunt
516 1311 577 1364 qua
598 1295 695 1354 iuturae
720 1298 842 1355 veritatis
865 1299 938 1358 anti·
1028 1301 1103 1358 Hane
1117 1300 1233 1372 pmmam
1252 1297 1465 1370 umbramplana
1488 1296 1549 1355 sina
1570 1297 1671 1358 lumine
1696 1302 1787 1373 pessi-

136 1377 234 1448 quiore
253 1378 350 1452 regula
369 1380 631 1454 praenuntiabantur.
648 1386 826 1464 Hermogenis
849 1397 938 1446 autern
992 1406 1054 1446 mus
1067 1390 1152 1462 pictor
1173 1388 1226 1446 illis
1249 1387 1529 1460 argumentationibus
1551 1388 1691 1457 wlortvib
1717 1407 1788 1464 ΡΜ·

137 1464 261 1522 doctrina
284 1474 339 1523 tam
363 1468 471 1527 novella
497 1481 552 1541 est;
580 1474 698 1546 denique
719 1475 753 1530 ad
780 1475 937 1534 hodiernum
992 1486 1099 1536 struens
1112 1486 1159 1536 aut
1180 1479 1191 1517 ⁴
1214 1475 1358 1533 Dominum
1377 1474 1412 1533 de
1433 1476 1579 1545 semetipso
1601 1476 1699 1535 iecisse
1715 1495 1785 1536 eun·

137 1554 219 1612 bomo
242 1555 271 1611 in
285 1555 397 1624 monle,
413 1566 441 1615 et
454 1568 549 1617 natura
563 1577 673 1637 qnoque
698 1563 841 1622 haereticus
855 1566 937 1622 etiam
992 1575 1045 1636 ote,
1065 1579 1110 1624 aut
1125 1567 1159 1624 de
1175 1565 1262 1622 nihilo
1286 1573 1333 1621 aut
1346 1563 1382 1621 de
1397 1563 1490 1636 aliquo
1515 1573 1566 1621 :ut
1577 1580 1638 1622 cnm
1658 1569 1786 1625 ostende-

137 1643 319 1716 temulentus,
354 1646 402 1720 qui
436 1647 629 1721 loquacitatem
657 1651 812 1711 facundiam
840 1654 936 1712 eristi·
992 1658 1027 1713 rit
1040 1672 1128 1729 neque
1146 1671 1179 1711 ex
1204 1652 1347 1725 semetipso
1371 1651 1465 1708 iecisse
1488 1654 1621 1725 potuisse,
1641 1670 1729 1727 neque
1752 1673 1786 1714 ex

139 1738 188 1788 mel
209 1733 265 1803 (l),
289 1743 317 1790 et
341 1733 536 1807 impudentiam
561 1740 743 1797 constantiam
767 1740 889 1814 deputet,
911 1750 939 1798 et
992 1744 1076 1804 nihilo
1095 1745 1163 1817 (10),
1178 1742 1252 1816 quod
1269 1748 1393 1812 superest
1407 1739 1504 1797 exinde
1518 1741 1669 1813 confirmet,
1685 1760 1717 1801 ex
1732 1745 1784 1802 ali·

138 1821 299 1879 maledicere
314 1823 441 1898 singulis,
460 1824 542 1885 198
558 1827 678 1885 officium
693 1830 773 1890 bonae
789 1831 936 1890 eonscien·
991 1849 1045 1909 quo
1058 1849 1119 1890 eum
1144 1833 1252 1902 iecisse,
1269 1839 1350 1904 atque
1373 1830 1413 1887 ita
1435 1830 1538 1902 aliquid
1561 1830 1628 1887 illud
1647 1835 1786 1892 materiam

137 1911 177 1968 tie
188 1910 304 1983 judicet.
326 1914 462 1972 Praeterea
475 1916 562 1990 pingit
580 1917 673 1976 illicita
696 1919 708 1958 ²
729 1920 779 1993 (i),
795 1922 872 1978 nubit
885 1937 935 1980 as·
989 1923 1082 1981 tuisse.
1102 1924 1191 1997 Negat
1210 1921 1286 1978 illum
1307 1937 1340 1978 ax
1360 1919 1507 1991 semetipso
1531 1919 1622 1979 lacera
1639 1923 1784 1993 potuisse:

137 2000 211 2058 adue
232 2002 292 2075 (³);
309 2001 396 2077 legem
411 2002 460 2061 Dei
484 2004 512 2062 in
535 2006 677 2065 libidinem
696 2007 817 2067 defendit
841 2010 888 2084 (t),
904 2011 934 2068 in
988 2011 1054 2086 quia
1068 2021 1156 2083 partes
1179 2009 1264 2081 ipsius
1287 2006 1411 2080 luissent¹
1427 2022 1597 2079 quecunque
1618 2024 1652 2066 ex
1672 2012 1784 2069 semeti-

136 2100 219 2148 ertem
232 2094 385 2151 contemnit
400 2094 451 2165 (5),
471 2094 514 2151 bis
529 2095 667 2163 falsarius,
683 2099 840 2157 eteauterio
855 2101 893 2172 (6)
908 2108 935 2158 et
988 2115 1037 2172 pso
1052 2097 1161 2156 iecisset
1172 2097 1309 2154 Dominus.
1327 2096 1408 2153 Porro
1423 2095 1450 2153 in
1471 2105 1560 2167 partes
1574 2111 1629 2153 non
1647 2096 1784 2166 devenire,
1862 2123 1864 2127 ·

136 2179 216 2252 style;
232 2188 310 2237 tatus
328 2179 446 2252 adulter,
465 2192 493 2240 ot
511 2184 713 2255 praedicationis
735 2196 761 2243 et
784 2189 873 2244 carnis
891 2187 932 2261 (7)
987 2196 1016 2245 ut
1031 2186 1223 2247 indivisibilem
1238 2192 1266 2242 et
1279 2183 1511 2253 indemutabilem,
1526 2191 1555 2241 et
1567 2183 1693 2241 eumdem
1707 2202 1785 2244 senr-

134 2268 266 2342 siqnidenr
288 2280 316 2327 et
337 2270 492 2329 nubentium
508 2274 636 2348 eonmgio
652 2273 727 2332 toetet
746 2275 797 2349 (8),
811 2293 862 2334 nee
875 2277 934 2349 ipsc
950 2259 972 2338 Β
988 2293 1035 2350 per
1048 2291 1103 2349 qua
1116 2275 1259 2332 Dominus.
1274 2273 1417 2342 Ceterum,
1427 2272 1450 2328 si
1461 2272 1495 2329 de
1510 2274 1656 2344 semetipso
1669 2273 1782 2332 lecisset

134 2358 304 2431 apostolicus
317 2358 502 2434 Hermogenes
516 2362 556 2434 (9)
576 2363 603 2419 in
623 2364 717 2438 regula
736 2380 934 2437 perseverave-
988 2364 1101 2439 aliquid,
1117 2363 1205 2438 ipsius
1218 2360 1312 2418 luisset
1325 2360 1436 2434 aliquid.
1452 2359 1540 2417 Omne
1559 2370 1648 2419 auem
1664 2370 1692 2419 et
1709 2364 1783 2435 quod

134 2446 172 2504 rit.
197 2447 255 2503 Sed
278 2447 377 2504 viderit
399 2464 609 2521 pesenacum
633 2453 758 2511 doctrina
777 2454 843 2511 mibi
862 2471 934 2527 quae·
987 2449 1072 2521 fieret,
1087 2460 1116 2510 et
1143 2451 1216 2526 quod
1244 2449 1364 2520 laceret,
1390 2448 1577 2522 imperfectum
1607 2450 1786 2518 habendum

133 2536 180 2594 stin
208 2543 263 2593 est.
288 2534 425 2594 cbristnm
445 2539 592 2596 Dominum
612 2557 667 2597 non
690 2541 774 2600 alium
798 2545 810 2583 ³
827 2543 933 2601 videtur
986 2542 1051 2613 quia
1068 2559 1101 2600 ex
1117 2551 1193 2614 parte
1207 2540 1292 2610 lieret,
1306 2548 1333 2596 et
1351 2555 1383 2597 aa
1401 2547 1477 2610 parte
1497 2538 1601 2597 laceret
1617 2556 1624 2597 :
1641 2549 1690 2597 aut
1703 2540 1727 2596 si
1743 2548 1784 2597 to·

131 2624 207 2682 aliter
220 2639 404 2698 cognoscere,
419 2624 502 2682 aliurn
521 2634 612 2686 tamon
627 2628 692 2686 iacit
706 2646 785 2703 quem
800 2631 879 2688 aliter
889 2647 934 2690 co·
987 2640 1030 2688 tus
1043 2640 1127 2689 totum
1141 2629 1261 2699 iecisset,
1277 2627 1441 2703 oportuisset
1464 2623 1547 2684 wi)
1569 2627 1645 2684 illum
1659 2628 1739 2685 simul
1755 2637 1783 2685 et
1895 2696 1897 2701 ,

131 2713 261 2787 gnoseit:
286 2712 343 2771 imo
362 2721 446 2772 totum
462 2717 535 2789 quod
559 2727 601 2774 est
624 2718 699 2775 Deus
723 2719 821 2786 aufert,
837 2722 932 2779 nolens
986 2727 1151 2788 totumasse,
1171 2725 1197 2776 at
1221 2733 1275 2774 non
1299 2725 1398 2785 totum;
1415 2715 1479 2787 quia
1502 2724 1640 2788 oporteret
1655 2726 1682 2775 et
1698 2725 1782 2775 totum

131 2800 203 2857 illam
218 2817 254 2859 ar
276 2801 362 2857 nihilo
375 2803 504 2860 universa
518 2804 625 2863 iecisse.
645 2807 846 2864 ACbristianis
859 2809 930 2864 enim
985 2824 1056 2879 esse,
1079 2817 1109 2865 nt
1135 2810 1237 2864 laceret
1255 2806 1445 2877 semetipsum
1469 2816 1495 2862 et
1518 2812 1602 2862 totum
1631 2819 1685 2863 non
1710 2821 1781 2874 esse,

132 2905 281 2947 conserens
308 2890 344 2947 ad
373 2891 562 2965 philosophas,
588 2894 621 2952 de
639 2893 762 2954 Ecclesia
781 2896 808 2952 in
823 2896 931 2954 deade-
986 2904 1015 2953 ut
1029 2897 1148 2953 lieretda
1162 2896 1320 2967 semetipso.
1336 2896 1419 2952 Porro
1434 2894 1446 2932 ⁵
1460 2893 1659 2953 difficillimum.
1670 2894 1781 2953 Sienim

135 2977 215 3033 rniam
233 2987 263 3037 et
289 2979 439 3046 Particum,
457 2980 521 3038 inde
541 2983 657 3056 sumpsit
682 3000 699 3039 a
721 2984 818 3042 Stoicis
845 2993 931 3042 mate·
985 2993 1066 3055 esset,
1092 2999 1146 3042 non
1169 2983 1258 3051 fieret,
1279 2991 1350 3040 esset
1367 2983 1470 3041 enim:
1494 2984 1517 3039 si
1541 3000 1605 3042 uero
1626 2999 1679 3041 non
1698 2993 1781 3053 esset,

137 3062 204 3121 mam
218 3081 282 3123 cnm
295 3067 411 3125 Domino
432 3083 542 3140 ponere,
566 3087 627 3145 quae
644 3073 705 3145 ipsa
727 3088 836 3146 semper
850 3073 931 3131 luerit
986 3087 1041 3128 nnn
1056 3072 1164 3143 iaceret,
1179 3072 1242 3147 quia
1256 3071 1323 3128 nibil
1342 3080 1424 3128 esset.
1445 3071 1513 3129 llum
1527 3081 1616 3129 autem
1636 3073 1683 3144 qui
1706 3089 1779 3130 sem-

821 3201 915 3264 Variae
937 3202 1091 3264 lectiones.

156 3324 176 3404 ¹¹
189 3323 364 3408 Renuntiavit
378 3329 463 3409 Semi.
480 3326 590 3386 ²licite
604 3330 692 3388 libert.
707 3332 773 3388 lan.
791 3332 878 3389 Seml.
889 3331 958 3391 luo.
975 3332 1187 3414 interpretatur
1201 3327 1313 3412 licenter
1326 3342 1351 3383 s.
1369 3324 1524 3409 licentiose.
1543 3328 1555 3368 ³
1569 3326 1706 3411 Hbristum
1721 3330 1779 3385 Do·

133 3410 230 3451 ninum
247 3411 304 3453 non
318 3398 400 3453 alnum
414 3398 528 3469 vrdetnr,
543 3400 591 3455 aed
620 3400 696 3457 aliter
719 3417 885 3477 cognoscere
907 3402 966 3460 cort.
993 3403 1120 3459 Votieno.
1149 3401 1285 3457 clrrrsturn
1301 3399 1459 3469 Dominum,
1484 3414 1538 3455 non
1556 3399 1649 3468 alnum,
1673 3399 1780 3458 rrdetnr

132 3465 394 3542 elitercagnoscere,
405 3469 486 3527 alium
502 3477 591 3528 tamen
603 3475 691 3530 From.
705 3473 771 3530 lun.
787 3474 798 3512 ⁴
813 3473 858 3528 Ait
872 3475 939 3531 tare.
955 3473 1042 3529 mole.
1057 3472 1111 3527 ⁵ld
1125 3486 1208 3543 porro
1221 3473 1289 3530 lure.

854 3573 1105 3638 Commentarius.

161 3672 425 3748 (titoqaocitotem
434 3677 930 3749 tocoodiorneeistimet.Errantium
944 3693 966 3774 c
981 3679 1025 3735 bat
1039 3677 1170 3736 cauterio.
1186 3674 1264 3759 Quod
1284 3691 1377 3757 genus·
1394 3676 1514 3757 picture,
1536 3674 1702 3758 encaustica,
1720 3677 1779 3760 sive

136 3743 241 3872 lois?
256 3746 928 3880 illaetabilebililtbllllttei
982 3748 1322 3878 irratiobiliter
1340 3748 1561 3877 Ρὲζῖῗῗῑίᾆέἴ,
1576 3748 1778 3879 {coltile

138 3896 184 3967 a,
195 3859 285 3960 indua
304 3888 493 3962 Symmachus,
508 3889 556 3946 ne.
578 3907 599 3958 1,
613 3864 693 3963 eprs'r.
708 3895 755 3964 ro,
769 3901 798 3950 u
811 3893 858 3966 qur
869 3894 928 3950 aar·
983 3864 1110 3966 rotela.
1261 3863 1269 3887 ’
1325 3863 1332 3878 '
1417 3962 1422 3973 ‚
1478 3963 1483 3974 ,
1527 3962 1531 3972 ,
1664 3962 1669 3975 ,
1771 3865 1777 3878 ’

139 3955 235 4016 butant
276 3959 319 4015 lus
336 3960 493 4032 loquantur,
510 3961 643 4020 allaetant
664 3964 736 4020 enim
754 3964 859 4037 copiam
874 3981 928 4037 pu·
1018 3967 1057 4036 (7)
1073 3959 1780 4035 lotosadulter,etpradicoeoooercaroaedul-

140 4028 198 4108 dore·
212 3978 349 4087 dessctus.
373 4051 384 4081 a
407 4032 448 4088 Le
462 4031 512 4089 Pa.
983 4044 1039 4090 tera
1052 4032 1230 4105 Hermogenis
1239 4047 1384 4115 caraque
1395 4032 1503 4089 assidue
1519 4033 1660 4090 nubebat:
1680 4055 1691 4084 a
1712 4033 1780 4105 Quae

166 4100 204 4170 (Ξ)
224 4103 323 4173 lippit
335 4102 448 4161 illicito.
463 4104 649 4178 Hermogenes
670 4113 731 4163 erat
743 4105 841 4176 pictor.
861 4106 927 4163 Pin·
981 4104 1063 4160 toties
1077 4104 1163 4173 nubit,
1183 4117 1239 4162 non
1262 4106 1348 4172 nubit,
1366 4103 1489 4160 adultera
1504 4102 1564 4186 lege
1583 4113 1640 4186 est.¹
1659 4124 1671 4156 o
1690 4105 1780 4162 Adul-

142 4172 212 4240 gebat
225 4182 317 4229 antem
331 4173 436 4240 illicite,
452 4176 515 4248 qnia
529 4184 592 4249 post
607 4186 765 4249 susceptum
780 4176 927 4234 Cirristiani
982 4183 1041 4232 tera
1063 4190 1171 4249 quoque
1195 4175 1376 4248 Hermogenis
1400 4175 1571 4244 praedicatio,
1595 4191 1660 4246 qura
1685 4175 1781 4234 haeresi

143 4255 241 4320 nomen,
270 4243 447 4301 nibilominus
470 4249 601 4320 pingebat
628 4249 771 4306 simulacra
803 4251 926 4318 deorum,
982 4263 1032 4304 sua
1051 4245 1131 4303 fidem
1148 4261 1294 4317 pacemque
1315 4246 1444 4303 Ecclesiae
1458 4254 1627 4326 corruperat.
1644 4249 1706 4302 llra.

143 4320 170 4365 utr
190 4330 222 4369 ne
241 4314 381 4371 falsorum.
397 4316 457 4373 Rra.
1016 4318 1056 4389 (8)
1073 4316 1257 4390 Siqoldomet
1275 4317 1445 4373 nubentium
1459 4321 1586 4388 coretopto
1605 4319 1700 4390 tentet.
1720 4318 1778 4373 lix-

158 4331 204 4464 ⁸(3)
216 4386 304 4444 liubit
318 4387 440 4469 assidue.
456 4388 566 4445 Hutatis
580 4390 696 4447 subinde
709 4389 927 4464 oonJugiis,ete-
982 4388 1065 4460 plicat
1082 4387 1155 4462 quod
1175 4401 1263 4468 supra
1284 4387 1362 4469 dixit,
1382 4388 1581 4469 Hermogenem
1604 4404 1665 4472 esse
1687 4390 1778 4446 carnis

143 4467 186 4508 nrm
201 4457 367 4532 polygamrae
386 4457 504 4515 larebat.
521 4461 583 4519 Rre.
981 4461 1142 4525 adulterum,
1159 4456 1291 4540 siquidem
1310 4465 1337 4513 et
1355 4470 1413 4528 rpse
1427 4466 1498 4514 rnter
1512 4459 1695 4528 frequentium
1710 4477 1779 4532 nup

170 4527 313 4610 (sinopen
322 4531 414 4588 liclia
429 4531 576 4589 libidinem
586 4532 723 4604 blandit.
736 4531 851 4589 Libidine
873 4549 930 4589 suae
981 4534 1081 4591 tiorum
1094 4537 1222 4602 contagia
1235 4527 1359 4610 subando
1372 4529 1485 4584 loemret.
1500 4529 1565 4583 Hra.
1662 4599 1667 4609 Ι

142 4599 850 4676 patendrtlegembei,Cresaleetoeeltiptionmirei.
863 4604 926 4660 nra.
1016 4606 1055 4675 (9)
1073 4606 1128 4664 Nec
1150 4603 1210 4675 ipse
1223 4601 1394 4673 apostolicas
1408 4601 1601 4678 Hermogenes.
1618 4598 1682 4654 Fuit
1700 4614 1719 4679 a·
1730 4614 1779 4678 ce-

168 4672 264 4741 tepens
278 4673 328 4727 liei
346 4673 378 4729 io
398 4672 544 4730 libidinem
557 4673 695 4747 defendit,
710 4681 761 4732 etc.
778 4676 803 4732 ls
818 4674 928 4747 polyga-
980 4674 1091 4731 mitibus
1113 4672 1189 4731 Pauli
1207 4672 1394 4755 Hermogenes
1407 4670 1574 4753 septimiano
1591 4682 1778 4751 eognomrnrs,

140 4739 223 4807 niam,
245 4758 326 4814 quam
346 4757 457 4799 exosam
479 4744 596 4801 habebat
619 4745 776 4817 Septimius,
791 4746 926 4814 tuebatur,
981 4753 1076 4814 postea
1093 4744 1220 4801 desertor
1242 4742 1328 4811 Pauli,
1343 4751 1423 4824 atque
1448 4739 1513 4796 rnde
1536 4737 1646 4821 Christi.
1662 4740 1779 4810 ldeoqua

140 4817 162 4864 ut
191 4811 254 4867 inde
273 4813 432 4870 criminibus
454 4816 512 4872 sois
536 4817 769 4889 patrocinaretur3
790 4825 871 4892 atque
898 4817 926 4873 in
980 4815 1128 4888 Septimius
1142 4816 1307 4890 Hermogeni
1326 4816 1453 4871 baretano
1471 4810 1616 4884 apostalice
1631 4811 1780 4886 Hermoge-

137 4879 200 4939 banc
212 4899 271 4966 rens
287 4884 339 4941 Dei
351 4886 437 4959 legem
452 4886 609 4958 adnibebat,
619 4904 701 4961 qnam
709 4891 925 4962 turpissimarum
941 4872 965 4951 ὓ
980 4887 1023 4943 nis
1037 4902 1136 4969 nemen
1148 4886 1245 4969 incutit
1265 4895 1294 4942 ut
1309 4893 1457 4969 apostatam
1481 4880 1627 4968 signilieet,
1647 4883 1711 5012 quia
1732 4898 1782 4941 nee

135 4968 218 5009 rerum
232 4965 341 5025 pictura
363 4958 571 5024 contaminabat,
587 4976 616 5015 se
637 4976 670 5017 ue
695 4961 928 5031 praevaricationis
981 4958 1040 5028 ipse
1054 4975 1081 5015 rn
1093 4959 1155 5014 fider
1174 4975 1187 5016 r
1244 4959 1269 5013 la
1284 4965 1474 5029 perseveravit,
1490 4963 1570 5015 sicuti
1585 4956 1693 5014 necrle
1707 4956 1780 5014 Pau-

135 5022 182 5080 boc
200 5035 281 5096 paeto
295 5035 326 5083 nt
339 5025 478 5086 falsarium
496 5030 628 5088 convince
648 5040 685 5087 at.
702 5034 742 5090 Ln
758 5034 804 5089 Pa.
981 5028 1053 5087 linus
1072 5030 1099 5087 in
1114 5028 1177 5086 fide.
1229 5044 1257 5085 a.

164 5097 201 5169 (5)
216 5098 358 5155 lrrnrtom
380 5103 548 5160 contemnit.
569 5102 699 5159 Eamdem
721 5104 823 5160 scilicet
836 5103 927 5175 legem
1017 5101 1073 5173 (lb)
1094 5103 1186 5175 Neque
1205 5117 1243 5158 en
1264 5099 1365 5165 albite,
1389 5106 1442 5156 ete.
1467 5099 1614 5156 Gentilium
1637 5099 1779 5224 sapientia,

131 5176 186 5224 arta
208 5184 261 5226 sua
283 5171 442 5236 contemnit,
463 5172 581 5256 pingens
600 5173 756 5240 simulacra,
786 5175 857 5247 quod
883 5175 926 5232 lex
981 5189 1084 5229 summa
1099 5172 1209 5229 fatuitas
1222 5179 1278 5240 est3
1298 5172 1484 5253 astomorum
1507 5171 1578 5226 enim
1603 5174 1695 5252 achon
1715 5173 1782 5228 bau·

131 5239 246 5305 'mbas
263 5240 329 5298 Nm
346 5244 434 5313 tocies
457 5243 578 5302 idolom.
597 5245 659 5301 Rra.
982 5254 1055 5303 serat
1069 5246 1257 5317 Hermogenes
1268 5250 1413 5300 materiam
1427 5249 1556 5298 eternam
1572 5241 1667 5307 tuisse,
1681 5242 1780 5320 Deum

162 5311 202 5382 (i)
212 5313 260 5370 Bis
271 5312 425 5385 fabarias,
436 5318 564 5372 contorio
574 5320 603 5373 ot
612 5317 695 5390 stylo.
709 5313 854 5384 Falsarius,
865 5332 928 5375 cau·
981 5333 1033 5388 que
1043 5317 1154 5387 proinde
1164 5323 1260 5373 cuneta
1273 5331 1327 5372 non
1337 5312 1564 5373 iecisseanihito.
1574 5310 1653 5394 Quod
1664 5326 1719 5368 non
1731 5327 1781 5366 rnr-

129 5381 194 5438 terio
208 5399 261 5442 auo
283 5383 411 5456 pictoria,
426 5385 578 5444 discolores
602 5402 681 5444 ceras
699 5385 812 5443 inurens
835 5389 928 5459 expri·
983 5388 1087 5444 rebaris
1101 5388 1129 5445 in
1148 5386 1245 5461 gentili
1261 5388 1433 5459 philosopho,
1450 5401 1512 5441 nam
1532 5393 1562 5440 ut
1581 5382 1653 5465 enirn
1668 5381 1781 5462 babetur

129 5454 233 5535 mendis
263 5454 398 5513 ialsornm
420 5456 561 5515 numinum
591 5456 752 5514 dmulaeris.
788 5458 928 5517 Falsarius
983 5458 1184 5520 haeretieorum
1193 5450 1781 5580 patriarcbapbttosopti,ublfflnwrde

126 5530 216 5593 enam,
230 5527 599 5600 Scripturisstylobaeretieo
613 5528 777 5600 depravatis.
793 5530 856 5588 lira.
981 5529 1016 5586 iis
1050 5531 1097 5604 qui
1125 5532 1295 5588 ethnicorum
1324 5531 1431 5600 placius
1460 5526 1597 5584 mordicus
1665 5524 1777 5580 haerent.

164 5597 306 5659 meam.
319 5596 393 5669 Quia
406 5599 478 5656 ceris
487 5601 627 5675 pingebat,
643 5608 672 5657 et
692 5601 927 5674 picturarninura·
983 5602 1023 5660 Lre
1038 5602 1087 5659 nn.
