3840 6134
135 345 189 409 aot
692 351 792 418 unna
812 352 856 416 ott
874 352 1062 420 VIRGINIBUS
1076 353 1248 421 smenon.
1735 360 1788 423 aaa
1814 346 1816 350 Α

107 474 110 479 ’
137 468 248 527 1999Ῑώ
260 470 445 542 ‘mmihi
458 473 812 545 munimime-momento
821 479 947 547 borant
955 494 983 575 fl
995 481 1103 540 eoniuie
1118 479 1239 540 caesinas
1250 478 1516 556 quasiapplcnderet
1532 482 1699 542 verberans:
1718 483 1787 544 lile·

141 552 302 630 quuia
316 559 429 631 rejicere
440 559 512 617 illam
525 578 583 622 non
597 566 721 638 potestis,
736 566 789 624 alio
800 568 881 625 modo
891 569 942 627 de·
994 579 1098 644 pantes,
1127 569 1224 644 inquit,
1247 569 1375 636 mrvices,
1389 578 1416 628 ct
1438 570 1534 626 merito
1559 573 1638 629 nndae
1657 573 1714 646 (8);
1739 575 1788 632 bo-

134 649 447 722 ⁸⁸l⁰lli⁸110qtleltclaei
462 653 644 725 nequeuudae
664 654 832 714 incedentes.
851 657 940 717 liitris
991 677 1057 718 niiin
1085 670 1127 718 εει
1145 676 1232 733 neque
1254 659 1289 715 ad
1313 659 1420 717 lumbos
1439 659 1560 732 acapite
1583 662 1681 719 icteris
1702 663 1739 735 ⁹¹,
1754 679 1788 720 na

134 735 206 794 enini
222 744 249 794 et
260 737 376 814 laniati)
387 738 510 814 quaedam
524 756 582 798 uon
595 743 783 818 tebntcapnt,
793 746 842 803 sed
856 747 940 803 conli-
991 745 1080 809 918
1098 758 1126 806 ει
1139 750 1187 806 tibi
1201 751 1254 807 ista
1274 749 1412 808 ceruleum
1431 748 1543 807 libertas
1566 765 1621 805 non
1645 751 1738 822 prosit.
1754 751 1788 811 nt

134 833 210 899 pant,
225 843 241 882 a
256 826 341 885 fronte
355 829 464 901 quidem
488 839 626 901 protectae,
642 848 698 905 qna
714 834 824 907 proprie
847 842 938 892 autem
990 840 1084 914 utique
1113 841 1186 913 qnod
1209 839 1255 895 nni
1277 837 1386 906 dixeris,
1402 838 1527 897 omnibns
1553 837 1667 895 dixeris.
1696 840 1788 910 Quan-

134 918 421 989 capitationem.
439 920 937 995 Aliaemodicelinteolis,credo,ne
989 936 1042 984 tam
1068 938 1158 986 autem
1185 927 1387 1003 castigationem
1409 928 1588 983 merebuntur
1614 926 1695 983 etiam
1723 927 1787 996 illae,

134 1014 217 1078 caput
230 1018 365 1081 premant,
381 1027 432 1068 acc
444 1013 478 1068 ad
492 1029 572 1070 aures
586 1029 675 1086 iisqne
687 1013 811 1072 demissis
824 1016 937 1075 cerebro
989 1033 1049 1091 quat
1062 1017 1129 1075 inter
1142 1018 1270 1092 psalmos,
1288 1017 1329 1075 vel
1350 1016 1378 1074 in
1399 1031 1559 1091 quacunque
1578 1015 1628 1071 Dei
1651 1016 1788 1074 mentione

134 1100 216 1151 tenus
238 1097 409 1167 operiuntur.
431 1098 570 1169 Misereor,
585 1100 609 1156 si
632 1107 687 1159 tani
710 1100 817 1161 infirmo
844 1103 938 1163 auditu
987 1115 1096 1165 ιειεειιε
1118 1104 1309 1180 perseveranti
1325 1105 1456 1163 Meritone
1475 1104 1502 1144 ⁹²
1525 1103 1607 1162 etiam
1630 1119 1692 1177 quae
1713 1104 1738 1145 ⁹³
1761 1105 1789 1162 in

133 1190 208 1255 sunt,
224 1191 254 1240 ut
267 1201 315 1258 per
326 1192 434 1260 tegmen
452 1188 546 1244 audire
559 1203 614 1245 non
630 1191 741 1261 possint.
758 1190 848 1249 Sciant
871 1193 936 1266 quia
988 1198 1109 1256 oratione
1136 1195 1197 1269 ipsa
1222 1195 1348 1254 facillime
1372 1194 1519 1262 fimbriam,
1544 1203 1592 1251 aut
1619 1193 1714 1253 villum
1736 1195 1785 1267 (9),

136 1279 226 1332 totum
249 1283 329 1347 caput
346 1277 444 1333 mulier
459 1285 500 1335 est
513 1277 548 1336 99.
559 1277 672 1337 Limites
688 1286 716 1336 et
736 1279 802 1337 fines
820 1280 880 1351 eius
902 1296 936 1339 en
986 1293 1033 1342 aut
1046 1275 1184 1360 quodlibet
1205 1284 1281 1341 filum
1302 1284 1414 1342 cerebro
1442 1291 1641 1356 superponunt,
1657 1292 1684 1340 et
1705 1290 1788 1342 tectis

134 1375 222 1433 nsque
247 1364 441 1437 Ρθιιὶιζιιῦῑιιι,
463 1368 536 1425 nude
568 1367 665 1441 incipit
685 1369 787 1440 ιεειίε;
806 1377 935 1442 qnantum
987 1376 1184 1447 inopinantnr,
1204 1375 1271 1433 tenti
1286 1381 1367 1445 caput
1382 1388 1462 1430 suum
1477 1371 1625 1432 metiuntur
1639 1370 1689 1428 ⁹⁴?
1703 1371 1784 1445 atta,

134 1449 247 1509 resoluti
267 1452 359 1511 crines
388 1469 524 1528 occupare
542 1465 749 1530 possunttaiita
766 1465 807 1515 εει
821 1457 934 1518 aelami·
986 1465 1084 1538 quibus
1111 1465 1189 1536 plane
1216 1462 1301 1534 major
1329 1469 1369 1519 est
1394 1461 1485 1535 palma
1512 1459 1586 1517 omni
1623 1459 1731 1517 fimbria
1758 1468 1788 1521 et

134 1537 178 1597 nis
195 1541 284 1615 regio,
298 1550 328 1599 nt
342 1542 583 1619 cervicesqucque
599 1546 762 1606 ambiantur.
778 1547 846 1620 lpse
861 1548 933 1606 enini
986 1551 1033 1609 filo
1046 1552 1115 1624 (ιιι),
1132 1566 1187 1609 nen
1211 1549 1301 1606 minus
1314 1549 1401 1620 capite
1415 1563 1465 1606 suo
1480 1550 1636 1613 abutuntur,
1653 1559 1684 1604 nt
1701 1543 1786 1605 bestia

133 1636 199 1686 sant
216 1646 285 1703 qnae
299 1633 434 1704 subjectas
448 1651 509 1693 cese
533 1643 649 1707 oportet,
664 1646 775 1708 propter
794 1653 862 1710 quas
880 1653 934 1711 po·
984 1642 1108 1714 quadam
1123 1639 1211 1712 magis
1224 1656 1306 1713 quam
1320 1637 1378 1695 aiis
1392 1637 1461 1710 (lt),
1478 1636 1541 1694 licet
1564 1643 1688 1708 pennata,
1707 1635 1785 1694 breti

135 1726 219 1777 testas
231 1735 313 1793 supra
327 1731 409 1796 caput
422 1725 516 1783 baberi
529 1726 608 1782 debet
628 1726 727 1796 (ldcr.
742 1741 773 1795 a,
793 1726 839 1800 to)
855 1745 862 1783 i
878 1743 929 1785 aa·
984 1730 1081 1804 capite,
1106 1735 1241 1801 protracta
1264 1726 1379 1796 cerulea,
1399 1735 1494 1783 caelera
1521 1724 1681 1796 altegradia.
1708 1723 1784 1783 Hanc

131 1805 223 1867 Iamen
237 1809 333 1884 iugum
356 1812 803 1874 illarnmest.1udicabnntios⁸⁹
819 1815 928 1875 Arabiae
983 1820 1065 1891 aiunt,
1081 1835 1142 1876 cum
1157 1815 1245 1877 914
1264 1815 1478 1873 delitescendum
1498 1814 1591 1884 habet,
1602 1820 1685 1885 caput
1698 1813 1785 1871 solnni

135 1892 245 1955 femine
257 1900 380 1974 ctbnicae,
394 1918 456 1975 qun
475 1919 529 1962 aon
547 1913 638 1978 caput,
654 1906 703 1962 sed
718 1903 811 1962 ladem
823 1919 931 1978 qnoque
981 1908 1060 1981 plane
1077 1914 1162 1964 totnni
1177 1906 1205 1962 iii
1219 1904 1385 1962 condensum
1411 1901 1584 1975 abstrudere,
1603 1902 1735 1974 reliquam
1755 1917 1785 1959 se

132 1982 172 2043 999
189 1986 232 2059 (⁶)
251 1994 333 2045 totam
356 1998 461 2065 tegunt,
477 2000 587 2065 nt,nnq
611 1995 690 2053 oculo
712 1993 835 2062 liberato,
860 2009 928 2052 cou-
981 1997 1119 2069 inaperta
1134 1994 1298 2067 relinquere.
1314 1990 1719 2062 ltadumin⁹⁵capitesecnra
1732 1998 1784 2063 εει,

131 2075 432 2139 ιειιιειείιιιιίιιιίἀίιω
447 2083 501 2141 frui
517 2082 617 2156 lucem,
635 2100 717 2157 qnam
730 2093 812 2142 totam
832 2084 929 2142 facicm
981 2087 1119 2158 nudaque
1142 2085 1229 2156 major
1244 2091 1294 2154 est,
1328 2082 1435 2155 capitur
1451 2090 1507 2141 tota
1522 2096 1583 2138 cuin
1597 2080 1687 2152 rapite
1713 2079 1782 2153 (ta).

129 2163 304 2240 prostituere,
320 2185 388 2241 quas
415 2180 559 2244 propterea
586 2170 787 2231 infelicissimis
810 2171 847 2229 ait
868 2172 927 2230 Ile·
981 2174 1151 2232 Taleserunt
1165 2182 1192 2231 ει
1217 2172 1278 2230 istae
1305 2171 1409 2244 minus,
1429 2186 1512 2245 quain
1540 2169 1605 2228 utile
1621 2178 1674 2242 εει,
1694 2173 1783 2227 tecta.

131 2266 213 2310 mana
234 2257 359 2328 quadani
376 2260 483 2335 regina,
500 2260 574 2334 quod
594 2260 719 2319 adamare
738 2263 824 2336 nugis
845 2277 926 2336 quam
980 2260 1094 2334 Oportet
1105 2277 1172 2336 erqo
1193 2261 1268 2319 enini
1289 2270 1411 2334 tempore
1430 2267 1458 2318 ct
1472 2258 1548 2318 omni
1569 2256 1630 2315 loco
1651 2271 1786 2314 memores

131 2339 252 2399 edomari
275 2345 382 2416 possint
404 2346 454 2420 (6),
473 2363 534 2404 cum
559 2348 613 2405 sint
625 2348 669 2407 rel
691 2366 725 2407 ex
752 2351 863 2406 alterins
886 2349 926 2405 iii·
980 2352 1048 2426 tegla
1070 2352 1203 2423 incedere,
1223 2359 1329 2424 paratas
1343 2357 1372 2408 ct
1394 2350 1540 2408 instructas
1561 2347 1596 2405 ed
1611 2362 1719 2405 omnam
1732 2344 1784 2404 Dei

131 2426 268 2489 felicitatis
289 2433 326 2500 99,
350 2435 508 2508 etquidem
537 2436 737 2510 frequentetis,
761 2437 927 2496 immunitate
980 2442 1147 2500 montionem
1178 2458 1186 2501 ε
1216 2440 1263 2514 qni
1282 2439 1306 2497 si
1329 2439 1408 2499 fuerit
1421 2439 1450 2496 in
1465 2445 1588 2512 pectore,
1602 2441 1784 2509 cognoscetur

133 2514 240 2591 felices,
269 2521 333 2595 qnia
359 2523 469 2585 facilins
491 2525 611 2585 adamari
633 2543 713 2600 quain
736 2527 863 2587 adamare
886 2527 927 2585 le·
979 2531 1046 2589 etin
1060 2530 1147 2604 mpite
1160 2530 1331 2590 laminarum.
1355 2530 1419 2587 liaec
1436 2543 1501 2587 enm
1513 2527 1585 2585 bcaa
1609 2525 1781 2599 paccleqen·

132 2607 215 2667 uine
229 2611 344 2682 possint.
358 2613 392 2671 Et
405 2614 520 2674 etlinicae
534 2617 644 2690 quidem
668 2617 817 2690 discipline
835 2634 927 2676 mcta-
980 2620 1070 2689 tibns,
1098 2618 1245 2680 verintem·
1264 2619 1291 2660 99
1315 2616 1507 2681 consuetudini
1541 2613 1780 2690 praeponentibus,

131 2695 200 2766 cior,
215 2705 254 2768 et,
272 2707 303 2757 ut
314 2700 352 2758 ita
365 2703 491 2773 dixerim,
505 2705 649 2764 barbarior
662 2706 794 2764 modestia
807 2708 857 2781 tt).
871 2707 928 2765 No·
980 2722 1034 2779 pax
1045 2715 1073 2764 ει
1093 2707 1181 2780 gretie
1198 2720 1216 2762 a
1233 2706 1353 2764 Domino
1366 2717 1466 2765 nostro.
1480 2706 1546 2762 lesu
1560 2704 1703 2772 redundet,
1718 2718 1779 2760 cum

130 2783 176 2842 bis
196 2787 341 2860 Dominus,
357 2793 436 2850 etiam
451 2794 668 2865 revelationibus,
684 2796 824 2855 velaminis
841 2795 929 2869 spatia
980 2794 1298 2870 SeptimIoTertnlllanc,
1313 2795 1392 2867 enjus
1402 2796 1455 2853 linc
1468 2791 1640 2867 opusculum
1657 2797 1708 2850 ast.

130 2882 248 2936 metatus
261 2888 313 2939 est.
328 2882 397 2941 Nam
415 2883 521 2942 cuidam
539 2884 626 2943 sorori
639 2896 743 2944 nostrae
763 2885 874 2960 angelus
898 2887 926 2944 in

165 3055 191 3095 ⁸7
212 3057 331 3115 lienudae
358 3061 452 3120 tenet.
473 3062 500 3102 ⁸⁸
521 3062 642 3122 Mulieris
665 3067 731 3124 tua.
751 3065 777 3104 ⁰⁹
798 2984 1210 3125 Nysarhtwclffishmh·
1232 3060 1259 3101 ⁹⁰
1279 3058 1425 3118 Felicitatis
1443 3059 1531 3119 alicu
1547 3059 1634 3118 Semi.
1663 3055 1777 3115 Obortis.
1848 3036 1853 3044 ἤ

130 3125 156 3167 ⁸¹
182 3129 327 3216 Reielcris·
343 3133 419 3217 lna..
442 3133 469 3173 ⁹²
502 3136 641 3217 lleriturm
654 3138 787 3218 proponit
811 3137 959 3209 atqctttas.
982 3136 1008 3179 ⁹³
1030 3135 1099 3206 Qnae
1122 3136 1216 3195 omitt.
1237 3135 1318 3193 Pom.
1332 3132 1358 3172 ⁹⁴
1380 3130 1547 3189 ltcnduntur
1570 3130 1657 3191 ntea.
1687 3128 1777 3187 Scmb

125 3197 246 3258 oleat.
266 3201 292 3241 ⁹⁵
319 3220 346 3260 iii
361 3210 455 3264 omitt.
472 3207 538 3267 loti.
557 3205 583 3247 99
598 3207 747 3265 Utilitatem
761 3208 850 3267 liberi.
865 3209 946 3271 Pom.
961 3209 1047 3268 Semi.
1068 3206 1176 3266 Obcrtli.

169 3368 392 3454 (illiilrisenim
405 3380 433 3433 ct
453 3378 536 3436 mne.
550 3375 630 3434 blitra
643 3376 742 3450 capitis
761 3312 1064 3477 ornatusnilasflIegtrriuins
1080 3375 1146 3434 satis
1186 3374 1362 3432 advertimus.
1403 3371 1559 3447 Alloquitur
1589 3369 1779 3427 christianam.

132 3442 285 3524 muliebris,
309 3462 358 3529 seii
371 3462 470 3504 corona
490 3465 552 3520 quae
575 3448 694 3507 fasciolis
718 3455 745 3506 ct
765 3448 927 3506 retinaculis
982 3452 1139 3524 Elegantes,
1159 3446 1255 3519 inquit,
1280 3447 1407 3512 cervices,
1422 3459 1489 3516 quas
1502 3442 1602 3526 'pretio
1629 3447 1704 3498 nato
1721 3456 1781 3523 ‚re-

131 3511 279 3587 bqabatur;
296 3516 385 3576 fasciae
400 3526 488 3576 autem
503 3521 555 3577 illie
574 3519 642 3577 lanta
668 3535 716 3578 aen
731 3519 821 3593 phylla
846 3535 929 3578 voca-
983 3518 1205 3592 demptasaoluit
1233 3517 1365 3574 Christus.
1380 3517 1416 3574 Et
1441 3520 1538 3574 merito
1564 3512 1662 3594 nudaep
1683 3512 1782 3585 quibus

127 3583 238 3643 bamur·
253 3587 291 3643 ¹⁶¹³
306 3590 354 3649 Pl·
982 3590 1088 3655 scilicet
1115 3589 1259 3648 dirissime
1285 3588 1422 3647 servitutis
1447 3587 1547 3662 juguni
1573 3583 1675 3642 ademit
1706 3582 1780 3639 idem

163 3654 211 3739 ,(5)
230 3660 342 3719 Faciem
365 3679 471 3739 quoquc
494 3663 549 3723 ilc.
577 3663 757 3737 Hidronymus
771 3663 806 3731 ad
828 3663 929 3727 ttiutc-
983 3663 1116 3722 Christus.
1136 3661 1191 3718 Sed
1219 3661 1323 3720 bonnm
1336 3668 1378 3718 est
1404 3674 1489 3733 iisque
1503 3657 1537 3714 ad
1563 3655 1704 3714 lumboaa
1730 3667 1779 3709 ca-

126 3725 237 3800 fhlunli
248 3745 293 3801 99·
309 3736 362 3789 22:
383 3736 561 3808 opertafoct'c
570 3737 620 3794 vin
629 3737 845 3795 conmaculata
859 3733 927 3794 lile-
981 3736 1037 3813 pite
1051 3733 1160 3803 veleris,
1175 3748 1210 3789 nc
1225 3733 1296 3789 nuda
1315 3739 1408 3803 pateas
1422 3735 1541 3802 pecmta,
1556 3741 1610 3802 qno
1619 3724 1712 3808 'semel
1730 3739 1783 3806 oc·

130 3800 435 3881 noted-uidendum:
449 3806 535 3864 multo
549 3806 711 3864 austeriores
723 3805 928 3878 chameuniis,
981 3821 1014 3865 cu
1036 3813 1094 3877 ata,
1123 3804 1230 3862 Satine
1256 3803 1418 3876 mancipium
1446 3800 1511 3868 tias;
1540 3799 1713 3880 acdnncepe
1730 3803 1783 3853 itta

130 3866 168 3927 de
184 3871 283 3944 quibus
305 3877 464 3934 Plutarchus
491 3879 519 3934 itt
545 3878 647 3948 θιιιεει.
665 3871 867 3936 Graecatim
894 3871 928 3930 dit
981 3880 1031 3936 tibi
1045 3886 1118 3936 tanto
1134 3875 1330 3933 manumissore
1343 3881 1421 3948 perta
1435 3869 1702 3953 cemicamhbcrtas,
1720 3880 1785 3936 nont

130 3938 212 3996 αὔτῦι
235 3943 355 4018 ἔπραττον
376 3949 432 4004 laon
445 3951 546 4006 ambitis
560 3950 627 4022 παρὰ
641 3945 766 4010 δικασταῖς
778 3949 818 4002 aei
832 3949 934 4020 deque.
980 3950 1079 4023 presit,
1093 3948 1160 4007 sitio
1179 3955 1226 4006 tuo
1241 3947 1269 4003 iii
1284 3953 1418 4003 aeternuin
1440 3945 1491 4002 sub
1513 3955 1662 4015 asperrima
1685 3947 1781 4011 tyran·

130 4030 180 4083 σιν,
190 4012 332 4091 Iomanem
345 4021 441 4093 θάτερον
455 4021 528 4095 μέρος
541 4027 581 4077 τοῦ
591 4022 926 4091 encomiasticum.
981 4022 1045 4078 nide
1059 4019 1200 4079 servilium
1213 4032 1350 4075 neomuto.
1365 4018 1428 4073 th.
1628 4081 1635 4095 ·
1659 4080 1666 4093 ·
1757 4078 1765 4091 ι

127 4083 195 4142 ⁸¹⁵·
1015 4091 1055 4164 (s)
1067 4091 1215 4149 Facillime
1235 4090 1378 4158 fimbriam
1387 4091 1439 4145 auf
1447 4085 1560 4146 cibum.
1574 4081 1726 4164 Facilbmef
1737 4079 1782 4163 Ina

163 4156 205 4228 (⁶)
218 4157 293 4241 099ιί
308 4160 442 4218 adnatare
454 4165 542 4242 tneqis
556 4180 640 4238 quem
653 4165 785 4223 adamari
796 4161 923 4236 possint.
981 4161 1170 4233 accipiendum
1180 4175 1229 4232 pro
1243 4174 1282 4215 sai
1301 4158 1404 4227 asima,
1420 4166 1555 4240 utsupra,
1575 4147 1647 4223 Quia
1659 4152 1783 4233 fucabat.

125 4226 190 4284 Uno
209 4232 312 4290 scilicet
340 4236 419 4292 oculo
448 4232 561 4292 liberato
574 4236 666 4294 ridere
688 4235 755 4309 ipsis
778 4234 842 4290 licet
874 4231 927 4289 nod
982 4233 1113 4290 adnnurt
1140 4247 1226 4305 quam
1309 4242 1388 4286 mere
1412 4228 1672 4299 fenanoepcasuot,
1696 4223 1724 4278 id
1737 4229 1780 4283 eat

126 4301 331 4428 &wissant
348 4313 375 4361 et
402 4305 495 4364 uidere
519 4306 631 4381 quidem
644 4308 757 4375 acubus,
776 4250 928 4363 contrIIuta
982 4304 1090 4376 saepius,
1103 4309 1133 4357 ut
1155 4301 1310 4373 plurimum.
1324 4300 1386 4356 liin.

234 4386 294 4434 ecta
308 4377 336 4434 in
358 4393 441 4434 uuum
456 4379 564 4436 oculum
577 4378 772 4438 omnividendi
790 4375 926 4434 facultate.
1016 4376 1075 4446 (to)
1089 4372 1193 4443 Quibus
1226 4372 1291 4428 lunc
1304 4371 1398 4452 major
1411 4374 1454 4426 est
1467 4367 1564 4443 patae
1573 4363 1653 4449 matti
1665 4363 1780 4445 fimbria

127 4440 259 4525 Ideoque
285 4448 382 4521 puellis
410 4449 587 4509 Tarsensibns
605 4469 640 4509 uc
656 4460 740 4510 totam
754 4449 863 4524 quidem
884 4446 927 4503 ta·
983 4389 1779 4527 affilatongcaIrectarauoncermrcre,quipersuaderi

127 4527 198 4570 ciciii
212 4519 307 4576 scians
330 4518 468 4578 fidendum
486 4538 547 4580 csse
570 4523 698 4580 censebat
716 4524 787 4579 Ilion
805 4520 926 4592 Chryso·
983 4519 1035 4575 sibi
1050 4532 1123 4591 passi
1136 4522 1201 4574 sunt
1213 4513 1328 4588 palmam
1339 4513 1384 4568 bic
1398 4509 1470 4592 aliud
1485 4525 1544 4567 essa
1561 4521 1777 4592 quamnmantum.

134 4595 248 4658 atomus,
263 4606 325 4649 cnm
353 4592 421 4664 Ipsis
438 4592 532 4651 audire
545 4609 578 4651 ea
605 4593 700 4651 liceret
713 4609 775 4668 qum
788 4592 932 4649 libidinem
946 4573 971 4654 II
984 4590 1131 4663 Tripliccin
1163 4592 1239 4645 notat
1270 4584 1446 4669 impudentiae
1472 4579 1597 4662 gradum,
1627 4578 1780 4663 uirginibus

131 4671 342 4734 permoreren23
362 4670 443 4747 atque
457 4666 551 4722 andire
564 4665 674 4740 quidem
687 4666 827 4731 attentius,
841 4672 933 4722 niente
988 4661 1090 4746 absque
1115 4659 1248 4719 velamine
1274 4673 1302 4713 iii
1326 4655 1471 4713 ecclesiam
1484 4653 1713 4710 conremeutibus.
1729 4647 1779 4706 llic

134 4734 190 4787 lota
213 4738 325 4814 'negatis
356 4735 407 4791 sibi
435 4738 521 4793 oculis
546 4753 655 4795 omnem
681 4739 716 4793 ad
730 4752 809 4794 aurea
836 4736 889 4792 ima
918 4763 934 4777 -
988 4740 1085 4791 tertius
1112 4739 1163 4801 εει,
1190 4745 1282 4813 earum
1307 4739 1371 4810 quan
1394 4726 1423 4781 in
1448 4722 1570 4805 credone
1595 4722 1665 4793 ipsa,
1678 4719 1724 4802 vel
1750 4717 1781 4781 iia

137 4803 220 4858 nandi
234 4808 289 4863 vim
312 4807 476 4864 conferente.
489 4810 565 4883 Τειγε
579 4816 618 4863 ειν
636 4808 741 4881 litaeque
764 4808 879 4875 βλέπουσι
890 4751 937 4862 Ie
972 4858 979 4867 ,
1009 4819 1151 4877 uacunque
1172 4804 1222 4858 Dei
1244 4806 1391 4882 mentione,
1405 4811 1461 4852 non
1475 4793 1611 4851 fimbriam
1624 4799 1670 4848 aut
1686 4789 1794 4847 iillum-

129 4879 179 4926 *ὅ*
193 4875 328 4952 lqtaipos,
342 4879 423 4951 beneq
446 4879 468 4932 ⁰¹
488 4900 516 4954 ι·
571 4900 633 4954 spei.
652 4883 751 4941 Notum
770 4887 810 4938 est
828 4878 857 4936 in
875 4894 935 4937 eain
989 4824 1101 4934 Ilnmie
1114 4874 1225 4947 aliquod
1238 4879 1319 4944 capiti
1333 4865 1564 4954 superponebaat3
1585 4864 1640 4944 sed.
1651 4874 1778 4917 manuni:

141 4949 299 5004 “noemilffl
311 4950 376 5005 illud
391 4951 476 5008 Persii
496 4969 503 5006 ²
989 4963 1050 5021 qnae
1073 4948 1125 5005 etsi
1138 4944 1225 5028 major
1243 4949 1299 5001 erat
1320 4955 1394 4999 omni
1417 4940 1531 4995 aliarum
1552 4935 1661 4991 fimbria
1683 4940 1711 4990 ει
1719 4927 1779 4999 ille,

394 5067 399 5079 ·
566 5067 571 5079 ·
664 5065 691 5078 .·
988 5027 1078 5077 nmen
1105 5033 1139 5074 nc
1166 5013 1337 5090 sicquidem
1365 5011 1420 5068 dici
1446 5015 1573 5083 poterant
1599 5014 1690 5074 ιεειιες
1726 5014 1781 5057 nac

174 5062 229 5116 ΝΜ
247 5078 319 5117 ”⁰⁰⁸
335 5080 364 5117 ω
379 5082 401 5118 ⁸²
413 5068 486 5119 ⁰⁰¹¹l⁰
503 5067 630 5121 ”mmm
645 5067 802 5132 mmm·
812 5065 871 5119 ΒΜ·
987 5092 1077 5149 miuus
1091 5089 1152 5146 aliis
1165 5086 1253 5160 capite
1267 5099 1316 5142 suo
1330 5084 1519 5139 abutebantur.
1533 5081 1597 5137 llis.

162 5163 204 5249 (Ἴ)
213 5167 250 5224 nt
259 5166 381 5225 ettauoe
389 5167 503 5242 quidem
514 5168 673 5242 disciplinate
682 5166 821 5227 meracior
829 5169 862 5248 et
868 5164 933 5247 bar·
1023 5161 1083 5292 gt)
1098 5159 1306 5245 bestialissimi,
1320 5171 1406 5230 quam
1430 5155 1503 5238 aab.
1531 5150 1645 5232 Plinius,
1666 5148 1713 5208 lib.
1740 5164 1778 5233 re

135 5234 232 5295 boner
254 5239 402 5299 modestia.
432 5240 533 5297 Sensus
552 5252 616 5297 cst:
642 5238 697 5295 Sed
723 5236 836 5296 ethnicae
854 5243 933 5293 istius
990 5253 1003 5289 ι
1048 5233 1210 5299 randissimi,
1229 5239 1256 5287 ct
1276 5243 1348 5302 pene
1368 5227 1516 5284 besnarum
1539 5237 1649 5297 generis
1664 5222 1780 5279 struthio

138 5308 279 5365 modestia
307 5310 458 5377 discilium
487 5326 599 5381 prorsus
629 5308 753 5383 agrestis,
790 5307 931 5378 inurbane,
984 5305 1089 5366 cameli.
1106 5325 1120 5354 s
1136 5303 1199 5360 llic.
1463 5370 1469 5384 ⁸
1642 5362 1678 5376 ..

128 5376 254 5449 includis,
283 5397 356 5440 mera
375 5328 529 5439 Iamberies.
554 5382 621 5454 Quae
652 5391 716 5439 sunt
739 5395 788 5453 per
811 5378 929 5436 deinum
1025 5374 1083 5450 (ta)
1107 5375 1226 5448 Capitur
1242 5374 1310 5455 tota·
1324 5386 1391 5428 cum
1405 5372 1508 5452 capite.
1522 5362 1722 5446 idem-llinius,
1736 5376 1777 5425 ixa

130 5449 212 5523 dimi
227 5451 291 5509 R11³·
989 5447 1152 5522 «ttaqitiiii
1170 5451 1266 5503 natura
1289 5443 1401 5511 ridetur,
1421 5456 1450 5497 m
1463 5444 1536 5522 matu
1554 5440 1643 5518 capite
1660 5435 1780 5490 ειιεεοιι-

168 5520 207 5595 (ιι
221 5525 381 5597 disparatos,
395 5529 502 5601 inquit,
518 5528 648 5594 ceruices,
663 5526 692 5581 et
714 5522 817 5582 merito
830 5520 927 5578 aude.
985 5520 1042 5578 dito
1068 5527 1137 5577 tutos
1165 5532 1196 5599 se
1226 5514 1354 5573 occultari
1381 5512 1558 5573 credentium,
1592 5503 1688 5560 iisdem
1719 5511 1776 5564 tam

127 5591 220 5652 Grave
242 5597 387 5670 monitum,
403 5613 492 5672 neque
515 5597 654 5669 indignum
681 5593 799 5669 Angelo,
821 5592 845 5649 ti
865 5592 950 5649 aiii·-
983 5590 1089 5651 incauta
1103 5587 1240 5657 edacitas,
1258 5592 1310 5645 etc.
1328 5603 1341 5639 a
1356 5585 1421 5644 lite.
