3840 6134
143 325 198 395 ‘sta
488 328 709 396 aaarnuuuu
728 327 859 390 oeanuu
876 326 961 389 enas
979 323 1199 391 u-saans
1218 327 1239 396 ι,
1260 327 1432 390 nouantur.
1738 283 1823 391 aaa*

144 464 257 531 apparet
278 468 306 517 et
326 459 428 527 saecula
452 461 588 518 creatoris
606 476 684 531 esse;
710 466 737 515 et
763 473 843 514 omne
868 455 939 528 quod
956 455 1125 551 gadrorsus
1149 470 1230 528 quern
1266 454 1357 512 valere
1383 469 1441 513 non
1469 456 1576 530 potnit,
1610 463 1638 514 et
1664 467 1795 530 superest

144 556 204 603 ante
222 549 322 607 saecula
337 549 509 623 propositum
529 550 644 614 dicatur,
666 563 721 605 non
741 546 851 603 alterius
868 560 939 612 esse,
995 553 1024 600 ut
1037 543 1184 600 secundnm
1200 559 1243 600 me
1266 544 1374 616 quidem
1391 546 1519 602 credibile
1541 546 1576 602 sit
1600 548 1719 604 scientes
1732 563 1793 604 vrr-

144 652 227 707 quam
245 640 324 709 cnjus
347 647 373 695 et
387 639 497 696 secula.
514 639 568 693 Aut
589 637 684 708 probet
707 636 756 692 Dei
778 632 820 692 sui
843 634 942 689 saecula
994 637 1067 687 tutes
1080 638 1107 688 et
1122 639 1269 704 potestates
1283 633 1419 690 Creatoris
1433 635 1520 690 Deum
1535 635 1630 710 gloriae
1654 637 1794 692 Christum

145 727 275 794 Marcion,
291 729 448 785 ostendatet
464 727 592 783 muudum
608 725 707 797 ipsum,
724 724 751 779 in
775 738 828 797 qno
843 722 942 779 saecula
994 736 1072 776 suum
1093 720 1265 786 crucifixisse,
1288 737 1340 794 qua
1357 721 1545 794 desperatione
1569 735 1595 780 et
1618 724 1727 780 malitia
1750 741 1794 781 re-

144 815 315 885 depntentnr,
334 833 382 876 vas
405 816 603 888 quodammodo
627 823 790 885 temporum,
815 824 842 869 et
863 812 940 885 signa
994 809 1139 865 dundantia
1159 811 1230 866 servi
1245 826 1353 884 quoqtae
1371 813 1554 870 scelestissimi
1579 815 1706 870 dominos
1727 830 1795 871 suos

144 903 243 975 aliquia,
266 907 306 962 rel
335 913 424 962 ortum
451 921 545 962 eorum
562 905 596 958 ⁵⁸.
616 904 644 961 Si
667 903 733 958 nihil
758 905 938 973 demonstrat,
993 897 1145 955 interficere
1166 915 1220 955 uon
1243 899 1375 955 dubitant.
1396 900 1533 972 Scriptum
1560 910 1601 957 est
1623 903 1696 958 enim
1721 903 1795 976 apud

144 1002 268 1050 revertor
282 1004 309 1050 nt
328 1002 353 1051 et
369 995 437 1052 illud
452 996 548 1056 dicam.
575 995 628 1050 Cur
649 1000 737 1050 autern
755 999 817 1049 ante
841 990 940 1047 saecula
994 1003 1036 1043 me
1051 988 1132 1057 (Lac.
1152 1005 1224 1058 ιιιιι,
1251 990 1290 1059 31,
1306 989 1447 1046 Sartonam
1470 993 1503 1046 in
1527 992 1631 1048 tadone
1646 993 1794 1052 introisse.

145 1082 278 1140 Creatoris
292 1084 434 1156 proposuit
449 1084 565 1155 gloriam
581 1083 724 1139 nostram‘.l
747 1091 835 1153 posset
853 1080 939 1136 videri
993 1073 1144 1131 Secundum
1172 1083 1263 1131 autent
1290 1077 1473 1144 linationem,
1494 1094 1546 1134 nec
1568 1080 1714 1150 Apostolus
1742 1082 1797 1138 boc

145 1188 205 1228 eam
219 1183 280 1229 ante
304 1175 403 1229 sarcula
427 1172 610 1245 proposuisse,
637 1187 716 1244 quam
742 1169 939 1226 introductione
992 1163 1052 1219 loco
1065 1162 1165 1235 patitur
1179 1163 1358 1234 ignorantiam
1374 1165 1491 1222 adscribi
1509 1167 1654 1223 virtutihus
1676 1168 1793 1225 Creato-

143 1260 236 1316 ΜΗ
255 1261 411 1319 revelasset,
437 1261 469 1318 pe
491 1277 555 1317 cum
573 1260 598 1315 id
619 1259 681 1315 fecie
701 1276 771 1331 pene
790 1260 848 1330 jam
876 1257 939 1315 tetis
992 1253 1029 1306 ris
1044 1251 1072 1307 in
1087 1253 1182 1326 glorias
1202 1253 1354 1318 dominum,
1369 1255 1433 1328 qnia
1452 1255 1554 1312 scilieet
1573 1272 1628 1312 uon
1652 1257 1712 1313 illas
1736 1258 1796 1314 vult

143 1349 251 1406 saeculis
277 1349 414 1407 Crantoris
438 1349 578 1420 productis
602 1347 637 1415 ⁵⁹,
662 1363 731 1404 vane
755 1355 816 1403 anto
839 1345 939 1402 saecula
991 1339 1107 1415 intelligi
1129 1342 1267 1414 principes
1286 1343 1366 1413 hrains
1391 1344 1451 1400 aevi.
1469 1344 1547 1412 Quod
1566 1347 1590 1402 si
1611 1360 1665 1403 non
1687 1348 1796 1404 ridetur

142 1437 294 1510 proposuit,
314 1447 340 1494 et
353 1452 408 1493 non
431 1439 517 1512 magis
541 1438 611 1493 intra
632 1437 739 1503 saecula,
763 1435 835 1508 qnod
858 1449 938 1492 rere·
992 1429 1026 1485 da
1041 1429 1227 1501 spiritualibus
1236 1430 1340 1488 dixisse
1354 1432 1531 1504 principibus,
1541 1448 1606 1504 ergo
1625 1436 1660 1491 de
1674 1437 1794 1492 sacula-

141 1524 244 1582 laturus
259 1534 318 1584 erat
332 1542 402 1599 pene
420 1535 482 1598 post
505 1526 612 1583 nacula.
638 1526 699 1581 Non
713 1523 787 1580 enim
811 1523 871 1592 ejus
896 1529 938 1578 ost
992 1516 1067 1573 ribus
1082 1517 1167 1584 dixit;
1181 1518 1215 1574 de
1229 1520 1331 1591 populO
1355 1519 1498 1592 principali
1527 1521 1622 1594 ulique
1644 1538 1699 1579 11⁰⁰
1723 1525 1795 1580 inter

141 1614 283 1674 festinasse
309 1614 337 1671 in
360 1616 554 1688 proponendo,
580 1612 659 1682 cnjus
680 1621 707 1668 ot
730 1611 883 1667 retardasse
908 1609 936 1666 in
991 1605 1122 1674 nationes,
1132 1607 1167 1665 dc
1181 1607 1245 1679 ipsis
1259 1609 1431 1665 archontibus
1450 1608 1520 1682 ejus,
1533 1611 1567 1665 de
1591 1627 1655 1684 rege
1670 1613 1793 1683 Herode,

140 1703 296 1761 revelando.
328 1701 449 1759 Creatori
471 1709 561 1757 antem
582 1699 711 1771 competit
733 1708 887 1772 utrumqne,
911 1705 938 1754 et
992 1696 1074 1752 etiam
1095 1695 1249 1774 degusto,
1276 1706 1303 1754 et
1329 1712 1383 1771 qno
1407 1701 1494 1770 major
1514 1700 1681 1774 principatus
1708 1703 1794 1774 hrrjus

141 1802 203 1850 ante
230 1791 330 1849 saecula
358 1790 546 1863 proposuisse,
572 1797 599 1847 et
630 1789 658 1845 in
686 1787 738 1845 fine
773 1789 938 1845 saeculorum
953 1759 976 1838 Β
992 1784 1042 1843 aeri
1068 1799 1180 1841 romana
1203 1786 1320 1860 dignitas
1343 1787 1518 1859 presidebat.
1550 1789 1588 1849 lta
1609 1798 1636 1846 et
1657 1807 1722 1848 cum
1741 1794 1794 1849 de·

140 1881 292 1952 revelasse3
316 1880 381 1952 qnia
404 1888 431 1934 et
459 1880 531 1952 qnod
559 1877 702 1952 proposuit
730 1886 757 1934 et
789 1877 937 1945 revelavit,
992 1873 1131 1931 struuntur
1154 1875 1401 1949 argumentationes
1423 1876 1536 1934 diversae
1559 1878 1664 1949 partis,
1690 1888 1793 1938 nostrae

140 1970 230 2026 medio
244 1968 331 2039 spatio
350 1969 509 2025 saeculorum
531 1967 561 2024 in
583 1967 679 2041 tiguris
702 1975 730 2027 et
749 1968 940 2040 enigmatibus
991 1963 1174 2036 expositiones
1208 1963 1385 2022 aedificantur.
1411 1965 1466 2021 Sed
1490 1965 1532 2024 vis
1556 1967 1645 2025 adhuc
1673 1967 1793 2040 gloriam

141 2065 169 2115 et
196 2056 335 2130 allegoriis
362 2057 579 2130 praeministrarit
600 2058 635 2115 66.
659 2057 714 2115 Sed
742 2057 805 2130 quia
829 2057 939 2127 subjicit
991 2062 1112 2109 nostram
1126 2052 1177 2109 Dei
1196 2053 1235 2109 tui
1251 2070 1323 2120 esse,
1343 2062 1371 2110 et
1383 2054 1455 2126 apud
1470 2054 1569 2111 eumin
1584 2055 1689 2114 occulto
1703 2057 1793 2117 fuisse

142 2146 176 2202 do
192 2146 278 2220 gloria
293 2155 394 2217 nostra,
417 2146 490 2219 quod
508 2163 571 2203 eom
591 2164 673 2206 neoto
698 2162 735 2204 en
757 2146 938 2221 principibus
991 2151 1018 2200 et
1030 2160 1114 2216 qnare
1133 2145 1222 2201 adbuc
1236 2146 1330 2202 eodem
1344 2153 1371 2201 et
1385 2146 1457 2202 Deus
1470 2145 1651 2206 instrumento
1667 2158 1694 2207 et
1715 2150 1792 2222 Apo·

143 2236 227 2309 hujus
242 2237 295 2294 ceni
311 2239 430 2294 scierit:
445 2240 591 2305 caeteram,
607 2239 632 2296 si
646 2239 774 2303 scissent,
789 2253 938 2311 nangae-m
991 2233 1078 2290 stolus
1091 2232 1188 2290 nititur
1202 2233 1250 2289 ⁶¹¹?
1271 2232 1341 2302 Quid
1355 2233 1393 2288 illi
1416 2250 1477 2290 curn
1504 2237 1644 2294 sententiis
1666 2239 1790 2313 Prophe·

143 2326 295 2383 Dontianm
309 2328 406 2398 picria
420 2328 648 2398 craecifinissrnt,·
664 2333 869 2400 argumentatur
879 2328 938 2382 hat·
991 2321 1215 2394 assumuntque?
1233 2322 1299 2390 Quis
1314 2323 1390 2380 enim
1404 2325 1535 2394 cognonit
1548 2341 1665 2383 sensnm
1672 2330 1792 2387 Domini

140 2415 249 2482 relicus,
271 2416 343 2486 quod
367 2416 504 2487 principes
524 2416 607 2486 hujus
621 2415 669 2472 aevi
694 2416 812 2485 demum,
828 2415 938 2473 alteriue
990 2410 1093 2482 etquis
1104 2412 1151 2469 itti
1166 2412 1349 2469 consiliarius
1358 2412 1418 2482 snit
1432 2411 1580 2469 llsaiesest
1592 2416 1658 2485 (isa.
1669 2432 1718 2472 ιιι..
1732 2420 1789 2489 ta).

138 2502 242 2560 scilicet
276 2502 327 2558 Dei
355 2503 511 2576 Christum,
545 2504 620 2560 cruci
653 2503 821 2570 confixerint,
858 2512 888 2560 nt
911 2513 938 2561 et
990 2498 1061 2568 Quid
1085 2500 1123 2555 illi
1152 2501 1231 2556 etiam
1260 2516 1322 2557 cum
1352 2503 1479 2574 exemplis
1506 2504 1556 2560 Dei
1589 2507 1697 2564 nostrii
1720 2508 1790 2565 Nata

136 2591 189 2648 hoc
219 2585 247 2646 in
273 2592 362 2663 ipsum
390 2592 491 2648 recidat
518 2592 541 2630 ⁶¹
571 2593 734 2649 Creatorem.
765 2595 857 2660 Porro,
891 2595 935 2650 cui
990 2580 1272 2659 quod'orohitectttm
1287 2606 1316 2646 se
1328 2591 1496 2665 prudentem
1519 2593 1643 2663 atlirmat,
1666 2596 1720 2652 hoc
1744 2596 1791 2652 in·

137 2695 217 2752 snpra
240 2681 409 2737 ostendimus
436 2681 471 2754 ⁶²,
496 2680 684 2754 quibusmodis
712 2682 801 2754 gloria
823 2691 934 2750 nostra,
989 2678 1113 2735 terimus
1141 2678 1285 2752 significari
1306 2680 1486 2752 depalatorem
1517 2682 1665 2755 disciplima
1690 2683 1791 2742 divinae

136 2771 293 2827 aCreatore
309 2771 344 2825 sit
359 2769 523 2841 deputanda,
548 2770 754 2841 prejudicatum
771 2785 830 2826 osso
853 2770 937 2826 debe·
989 2769 1153 2837 aCreatore,
1171 2784 1220 2840 per
1243 2768 1337 2824 lsaiam
1358 2771 1410 2840 (ιιι,
1432 2773 1460 2843 2)
1476 2788 1483 2826 :
1499 2774 1635 2844 Anterum
1659 2776 1738 2831 enim
1752 2776 1788 2843 66,

136 2860 185 2927 bit,
215 2876 275 2917 eam
299 2875 359 2932 quae
385 2859 413 2913 in
438 2859 543 2916 occulto
565 2858 646 2915 tuerit
671 2861 741 2930 apud
771 2859 935 2926 Creatorem,
988 2857 1222 2929 inquit,oiadreo
1237 2859 1306 2914 inter
1319 2867 1418 2916 caetera
1432 2865 1462 2917 et
1475 2863 1631 2934 sapientem
1645 2863 1790 2922 architec-

137 2948 232 3004 merito
260 2951 378 3021 ignotam
414 2947 495 3004 etiarn
522 2948 556 3002 ab
584 2948 710 3005 omnibus
738 2949 763 2988 ⁶³
790 2947 935 3005 virtutibus
990 2952 1062 3003 tam.
1078 2946 1111 3001 Et
1126 2947 1255 3019 numquid
1277 2948 1302 2987 66
1315 2948 1376 3020 ipse
1391 2958 1453 3006 tunc
1467 2950 1567 3007 Paulus
1587 2951 1787 3023 destinabatur,

137 3036 160 3091 el
175 3035 356 3107 potestatibus
378 3034 532 3106 Creatoris3
553 3038 618 3109 qnia
644 3052 693 3093 noc
721 3037 829 3094 iamnlis
857 3038 935 3095 liceat
950 3054 972 3133 c
986 3035 1019 3092 de
1034 3038 1137 3108 Judaea,
1158 3036 1185 3091 id
1209 3046 1259 3106 ost,
1275 3039 1309 3094 de
1336 3038 1484 3105 ludaismo,
1504 3039 1605 3097 auferri
1628 3040 1735 3098 habens
1757 3045 1787 3099 in

137 3124 251 3182 consilia
283 3139 364 3181 nosse
386 3125 569 3193 dominorum,
593 3126 692 3182 nedum
723 3125 776 3182 illis
804 3126 935 3198 apostatis
989 3126 1186 3183 aditicationem
1202 3127 1408 3200 Christianismi,
1435 3129 1572 3200 positurus
1592 3130 1702 3189 unicum
1722 3132 1791 3190 inn-

137 3212 250 3287 angelis,
276 3213 383 3288 ipsique
411 3213 529 3286 principi
554 3214 780 3288 transgressionis
804 3214 932 3285 diabolo,
989 3216 1153 3284 dementum,
1171 3216 1300 3289 quodest
1322 3218 1468 3274 Christus?
1484 3219 1547 3292 qaia
1561 3229 1587 3275 ot
1610 3221 1645 3277 de
1668 3221 1722 3280 hoc
1740 3237 1792 3293 per

131 3318 191 3374 ,quo
218 3301 305 3379 magis
326 3311 473 3358 extraneos
497 3301 582 3359 luisse
606 3304 793 3359 contenderim
817 3304 852 3359 ob
876 3304 934 3360 cul·
988 3307 1113 3363 eumdem
1143 3307 1305 3378 prophetam
1334 3306 1444 3363 Creator
1473 3327 1480 3363 :
1512 3311 1581 3366 Ecce
1613 3327 1670 3383 epo,
1700 3311 1790 3384 inquit

136 3407 200 3462 pam
214 3394 247 3449 ab
269 3391 344 3448 omni
363 3392 530 3448 conscientia
552 3391 759 3464 dispositionum
787 3392 932 3448 creatoris.
987 3396 1098 3468 (xxvru.
1111 3397 1167 3467 td),
1191 3397 1289 3468 injicio
1311 3398 1343 3452 in
1357 3396 1789 3475 fundamentoSiottisiapidem

136 3479 188 3536 Sed
209 3483 265 3552 jam
292 3496 343 3537 nec
367 3480 432 3537 mihi
459 3480 589 3550 competit
617 3479 751 3551 principes
777 3481 860 3551 hrains
884 3480 933 3536 aeri
985 3484 1790 3560 pretiosum,honorabilem5etqaiincameredidcritnort

136 3568 250 3624 virtutes
281 3578 308 3625 et
335 3575 481 3640 potestates
509 3567 680 3641 interpretari
700 3568 846 3634 Creatoris,
871 3569 933 3641 quia
986 3574 1189 3644 confundetur.
1207 3574 1265 3629 Nisi
1280 3574 1303 3630 si
1318 3576 1341 3615 66
1356 3583 1518 3633 structorem
1534 3595 1563 3635 se
1578 3579 1677 3636 terreni
1696 3583 1791 3654 operis

135 3655 314 3727 ignorantiam
328 3656 366 3710 illi
381 3657 508 3713 adscribit
522 3657 670 3728 Apostolus
680 3655 877 3714 :dsdtesum
889 3673 934 3714 an·
986 3661 1059 3717 Dens
1072 3661 1258 3732 profitebatur,
1276 3671 1305 3718 ut
1319 3679 1374 3721 non
1397 3666 1431 3722 de
1444 3667 1551 3725 Christo
1571 3682 1621 3725 sno
1648 3669 1790 3743 significa·

135 3744 529 3802 temetsecundumnostrum
548 3744 797 3818 Evangelium(18)
819 3746 931 3814 (uerti.
987 3760 1037 3814 ret,
1065 3751 1111 3821 qui
1141 3748 1247 3807 futurus
1276 3761 1347 3809 esset
1375 3754 1579 3813 tundamentum
1616 3760 1787 3816 credentium

135 3832 179 3900 tv)
206 3831 331 3887 diabolus
357 3847 466 3903 quoquo
498 3832 526 3888 in
560 3833 706 3890 tentatione
734 3833 878 3905 cognorit;
906 3843 933 3892 ot
986 3841 1013 3894 in
1033 3855 1106 3910 enm,
1123 3841 1393 3915 saperqaodpront
1413 3848 1788 3919 quispaesapcrstrunerit,

134 3920 283 3978 secundum
308 3935 449 3976 commune
471 3920 680 3977 instrumentum
701 3920 777 3991 (Lac.
805 3938 850 3991 av,
874 3923 930 3995 at),
985 3929 1095 4002 dignam
1108 3929 1351 3988 seilicetdssa'svat
1362 3933 1500 4005 indignam
1512 3936 1663 3992 doctrinam
1677 3938 1701 3994 si
1717 3954 1788 4012 opas

133 4010 242 4081 spiritus
260 4024 374 4082 nequam
390 4007 491 4066 sciebat
505 4025 566 4066 eum
588 4021 710 4066 sanctum
733 4010 782 4067 Dei
806 4027 880 4079 esse3
904 4017 932 4071 et
985 4019 1107 4091 ejusper
1121 4019 1215 4091 ignem
1222 4020 1400 4093 probabitur,
1411 4023 1435 4078 si
1449 4039 1555 4080 merces
1573 4025 1613 4081 illi
1626 4041 1676 4099 per
1689 4025 1785 4103 ignota

131 4100 225 4156 lesum
249 4099 351 4170 vocari,
376 4107 403 4156 et
429 4096 458 4155 in
492 4097 670 4173 perditionem
699 4115 791 4158 eorum
814 4103 930 4160 vonisse.
984 4109 1147 4181 rependetur
1163 4110 1231 4182 (ts),
1248 4114 1453 4185 Creatorlsest;
1469 4116 1595 4188 qniaper
1618 4119 1708 4191 ignem
1733 4121 1783 4191 ju·

133 4189 222 4246 Etiam
247 4190 377 4262 parabola
403 4189 480 4247 tortis
507 4190 581 4247 illius
608 4190 714 4258 armati,
743 4208 824 4266 quem
861 4195 930 4251 alins
984 4198 1224 4257 dicaturtssvestra
1238 4202 1470 4276 superaedificatio,
1486 4206 1580 4278 utique
1594 4208 1637 4264 sui
1651 4207 1677 4248 ⁶⁹
1687 4207 1787 4268 lunda·

133 4279 244 4338 validior
257 4279 402 4352 oppressit,
417 4288 443 4337 et
459 4297 521 4339 rasa
535 4281 595 4351 ejus
613 4281 754 4354 occupavit
773 4282 852 4354 (Lac.
874 4285 927 4359 xa),
983 4287 1076 4354 menti,
1093 4287 1120 4344 id
1138 4296 1182 4345 est
1201 4289 1244 4347 sui
1267 4292 1390 4349 Christi:
1408 4295 1524 4350 nescitis
1547 4296 1618 4368 qaod
1640 4300 1785 4371 templana

133 4367 155 4425 si
184 4368 211 4425 in
234 4369 392 4426 Creatorem
419 4370 550 4444 accipitur
577 4371 647 4442 apud
675 4369 849 4443 Marcionem,
872 4374 929 4445 jam
944 4349 968 4429 Β
983 4378 1033 4436 Dei
1047 4379 1120 4449 sitis,
1133 4383 1162 4436 ct
1176 4379 1207 4436 in
1225 4381 1305 4438 nodis
1319 4381 1460 4441 inhahitet
1474 4385 1600 4456 Spiritus
1614 4387 1679 4442 Dei?
1693 4387 1723 4442 Si
1734 4389 1789 4447 ho·

133 4472 184 4514 nec
207 4459 349 4530 ignorasse
372 4458 441 4516 ultra
465 4460 553 4532 potuit
576 4459 688 4515 Creator
710 4460 796 4518 Denrn
823 4462 927 4535 gloriae,
983 4481 1039 4536 mo,
1057 4475 1151 4541 etres,
1165 4478 1283 4541 etopus,
1304 4478 1331 4527 et
1343 4472 1482 4546 imago,et
1496 4474 1658 4542 similitudo,
1674 4483 1701 4532 et
1716 4492 1785 4537 caro

132 4543 197 4602 dnm
211 4547 245 4604 ab
259 4561 292 4604 eo
313 4549 494 4620 opprimitnr3
514 4565 564 4606 uec
578 4548 605 4604 in
630 4563 738 4607 crucem
757 4566 820 4606 eum
834 4550 927 4625 ligere,
984 4571 1033 4627 per
1047 4564 1158 4627 terram,
1181 4566 1208 4614 et
1228 4560 1315 4615 anima
1337 4576 1387 4633 per
1410 4561 1531 4620 afflatum
1554 4564 1692 4622 Creatoris
1716 4577 1784 4637 est,·

809 4673 905 4740 Variae
935 4682 1091 4745 lectiones.

168 4770 193 4817 66
206 4774 386 4837 Ortaneornnr
400 4775 489 4838 lilaea.
503 4775 589 4837 Sonat
608 4776 698 4838 Odcrt.
711 4760 790 4839 notat
804 4794 908 4840 eorurn.
926 4785 1028 4845 Wottw.
1044 4798 1128 4846 ortam
1142 4805 1246 4848 eorum.
1263 4793 1328 4851 don.
1345 4792 1369 4832 ⁵⁹
1379 4794 1520 4856 Productis
1536 4799 1576 4858 ot.
1592 4798 1617 4841 ⁶⁰
1630 4803 1783 4863 Prasmons·

132 4850 211 4907 travit
226 4852 291 4908 Jnn.
312 4850 335 4889 ⁶¹
356 4853 469 4920 hedigat
489 4852 576 4909 libera.
587 4852 670 4908 Semi.
685 4853 796 4910 Odertia.
813 4853 838 4893 ⁶²
851 4855 1055 4914 Ostenderimns
1082 4863 1170 4919 litteo.
1183 4864 1269 4920 Semi.
1292 4865 1402 4923 oberth.
1419 4869 1443 4908 ⁶³
1461 4872 1622 4930 Hominibus
1636 4876 1697 4947 hig.
1732 4878 1782 4935 Ve-

132 4919 333 5049 §gnatffidgglrltlh
351 4924 412 4977 Lot.
426 4922 451 4961 ⁶⁵
466 4921 552 4977 Etiam
566 4925 632 4979 Par.
654 4923 679 4962 66
692 4924 751 4982 Non
767 4926 805 4983 nt.
818 4923 841 4965 66
850 4926 879 4982 Si
893 4926 980 4988 adest.
990 4932 1055 4986 Por.
1077 4933 1101 4971 66
1116 4934 1250 4992 ludicatur
1264 4938 1329 4994 Por.
1346 4941 1460 4999 Fron⁶⁹
1475 4944 1563 5017 Super
1578 4949 1669 5004 'arnan
1686 4948 1780 5008 libert.

829 5096 1079 5167 Commentarius.

132 5210 192 5258 nos,
208 5197 315 5265 saecula,
332 5203 453 5282 tempora
467 5200 641 5284 distinguent.
668 5201 725 5286 lloo
735 5204 808 5285 ,loco
824 5206 925 5288 Genea.
980 5212 1177 5278 nesteronem
1186 5231 1217 5274 tn
1226 5214 1329 5276 ladam
1343 5223 1485 5279 introisse.
1497 5222 1549 5292 Qui
1563 5224 1640 5283 locus
1650 5226 1781 5287 estbucae

132 5283 152 5339 ι,
167 5270 312 5326 abutuntur
339 5286 385 5340 qur
411 5287 438 5326 ιιι
463 5274 616 5346 astrologiae
636 5274 823 5331 detensionem
848 5277 924 5333 allum
979 5296 1052 5347 xxti,
1069 5299 1100 5339 ex
1116 5301 1168 5356 qno
1187 5289 1305 5345 Marcion
1318 5292 1446 5364 opadtnc
1461 5307 1639 5352 recensuerat.
1656 5297 1697 5353 lu.

130 5350 282 5410 assumunt,
312 5339 430 5414 iecitque
453 5349 547 5399 eontra
575 5358 623 5400 eoa
646 5344 704 5400 haec
727 5346 922 5417 interpretatio.
1013 5353 1071 5424 (lt)
1085 5357 1115 5413 Si
1124 5375 1229 5416 marces
1243 5362 1290 5417 itti
1296 5377 1348 5433 per
1363 5365 1456 5434 ignem
1467 5368 1649 5440 rependetur.
1660 5370 1701 5425 De
1712 5371 1779 5443 igne

128 5412 165 5469 La
185 5428 229 5469 aa.
687 5486 691 5498 Ι
844 5489 850 5500 ,
879 5488 885 5501 ,
980 5424 1321 5500 Purgatoriihunclocnm
1335 5435 1459 5504 apostoli
1483 5440 1614 5510 explicant
1634 5439 1691 5497 tere
1715 5457 1779 5499 om·

165 5483 222 5555 (ta)
243 5483 547 5542 Secundumaostram
560 5485 752 5558 inungebant.
767 5487 803 5545 Ut
824 5488 922 5545 dishn-
977 5512 1035 5562 nes,
1066 5498 1137 5556 inter
1163 5518 1233 5575 quos
1262 5504 1422 5563 Franciscns
1449 5511 1597 5567 Turrianus
1628 5519 1656 5567 ct
1685 5513 1715 5570 S.
1750 5518 1777 5571 t.

129 5564 222 5629 gnata
239 5556 388 5625 depravato
402 5555 548 5611 Marcionis
568 5557 675 5641 codice.
691 5561 837 5645 llatth3rv
864 5562 922 5621 haeo
976 5567 1105 5629 latissime
1133 5572 1160 5631 id
1178 5576 1305 5649 expendit
1331 5576 1360 5634 in
1386 5578 1489 5636 delens.
1514 5598 1646 5641 canonum
1675 5584 1776 5658 Apost.

129 5627 291 5697 referuntur,
311 5632 338 5684 et
352 5625 435 5698 paulo
449 5636 511 5700 post
523 5645 530 5684 :
542 5629 741 5705 scriptumest
754 5649 831 5694 antor
845 5635 921 5709 opud
973 5639 1014 5698 la.
