3840 6134
144 371 198 431 827
479 361 698 426 uohttutlattt
716 361 851 425 otendit
869 363 951 425 Plus
969 365 1004 426 ll.
1036 397 1074 413 -
1100 366 1213 429 stlattas
1227 369 1248 439 1,
1268 330 1445 428 potantur.
1735 372 1791 433 828

141 493 200 563 jam
221 490 320 547 lineam
346 488 565 562 congressionem
589 487 745 561 dirigamus,
770 503 805 544 an
824 504 935 548 carnem
954 506 1056 586 quem
1069 508 1145 567 seque
1158 493 1381 552 introducendum
1396 501 1453 551 erat
1465 494 1516 551 Dei
1529 494 1648 554 Verbum
1664 505 1790 556 emoue-

145 579 267 639 Christus
295 594 330 635 ex
356 577 461 652 virgine
491 576 633 650 acceperit,
663 586 692 635 ut
719 578 773 635 hoc
799 581 936 652 praecipue
995 582 1094 640 torinm
1108 583 1190 642 vite:
1207 592 1237 640 ut
1249 583 1320 658 quod
1336 600 1383 657 per
1396 585 1530 654 ejusmodi
1545 601 1642 642 sexum
1654 584 1793 644 abierat⁶

145 669 225 728 modo
239 670 384 725 humanam
398 682 458 724 eam
473 675 586 734 constet,
604 668 626 723 si
647 684 680 724 ex
694 669 812 725 humanu
829 671 942 728 matrice
994 672 1024 728 in
1044 672 1234 744 perditionem,
1248 688 1298 744 per
1317 672 1444 730 eumdem
1465 689 1559 731 sexum
1574 674 1744 749 redigeretur
1762 676 1791 732 in

146 759 324 819 substantiam
346 758 436 815 traxit.
459 758 616 831 Quanquam
640 756 716 830 liquit
736 759 762 797 ¹¹
777 759 833 831 jam
859 768 886 817 et
909 762 943 818 de
996 761 1119 820 salutem
1143 762 1299 819 Crediderat
1320 763 1380 818 Eva
1402 763 1543 834 serpenti:
1572 763 1687 822 credidit
1708 763 1794 823 Maria

46 890 49 895 «
146 849 255 909 nomiae
281 848 409 916 hominis,
435 857 462 904 et
488 848 514 887 ⁹⁵
537 848 570 903 de
594 854 666 904 statu
687 847 832 921 qualitatis,
856 858 883 906 et
910 851 943 907 de
997 850 1125 907 Gabrieli.
1141 850 1220 920 Quod
1234 850 1279 905 illa
1293 850 1565 924 credendodeliquit,
1582 852 1795 910 haeccredendo

147 954 228 997 sensu
252 937 427 1007 tractationis,
442 944 469 992 et
490 935 524 993 de
544 935 615 992 exitu
638 936 775 1009 passionis
798 939 943 995 humanam
996 939 1102 998 delerit.
1119 961 1131 991 ι
1149 940 1201 997 Sed
1214 941 1225 979 ¹
1239 941 1296 996 Era
1312 939 1378 996 nihil
1398 948 1463 997 tunc
1482 941 1606 1013 concepit
1628 941 1655 996 in
1669 948 1748 998 utero
1761 958 1795 999 ex

147 1027 310 1087 constitisse.
335 1029 405 1084 Ante
429 1026 519 1084 omnia
542 1034 630 1082 autem
655 1025 866 1084 commendanda
894 1029 945 1085 erit
998 1027 1203 1087 diaboliverbo.
1222 1049 1234 1080 ι
1255 1028 1313 1086 Imo
1336 1030 1469 1101 concepit.
1485 1029 1552 1085 Nam
1570 1029 1670 1087 exinde
1692 1037 1723 1087 ut
1746 1032 1795 1088 ab·

147 1120 216 1177 ratio
229 1135 289 1191 quac
305 1115 420 1190 praefuit,
436 1125 466 1172 ut
481 1116 531 1171 Dei
545 1115 630 1173 Filius
643 1117 678 1173 de
690 1116 797 1188 virgine
813 1134 943 1176 nascere·
994 1119 1070 1188 J'ecta
1082 1126 1199 1191 pareret,
1215 1128 1242 1175 et
1264 1118 1291 1176 iu
1315 1118 1455 1176 doloribus
1469 1129 1584 1190 pareret,
1599 1119 1718 1178 verbum
1732 1120 1794 1177 dia-

149 1217 201 1267 tur.
216 1209 292 1266 Nove
306 1205 379 1262 nasci
401 1205 516 1262 debebat
532 1220 608 1261 norae
629 1204 774 1264 nativitatis
796 1206 943 1276 dedicator,
998 1207 1051 1263 boli
1078 1223 1169 1264 semen
1188 1207 1227 1263 illi
1251 1207 1312 1264 init.
1333 1207 1421 1264 Enisa
1444 1214 1485 1265 est
1512 1208 1629 1282 denique
1656 1209 1794 1266 diabolum

148 1299 184 1356 de
198 1314 251 1372 qua
272 1297 381 1372 signum
405 1296 516 1351 daturus
535 1293 668 1351 Dominus
681 1295 716 1350 ab
730 1294 800 1351 [saia
814 1295 945 1368 praedica·
1000 1295 1173 1354 fratricidam.
1195 1296 1305 1364 Contra,
1330 1296 1414 1353 diaria
1436 1312 1499 1353 eum
1514 1297 1609 1369 edidit,
1625 1296 1673 1370 qui
1695 1314 1795 1356 carua-

148 1388 236 1446 batur.
250 1385 330 1457 Quod
350 1385 376 1426 ⁹¹
394 1394 436 1440 est
458 1383 530 1440 istud
544 1384 671 1456 signum?
691 1388 760 1444 Ecce
783 1387 859 1460 uirgo
879 1403 946 1444 con·
999 1386 1055 1442 lem
1079 1385 1191 1444 tratrem
1213 1385 1307 1454 Israel,
1331 1385 1554 1457 interemptorem
1577 1401 1667 1458 suum,
1688 1386 1796 1446 saltum

148 1478 235 1553 cipiet
249 1476 281 1533 in
294 1479 385 1542 ciero,
402 1478 430 1532 et
441 1475 535 1548 periet
547 1474 642 1543 filiam
656 1474 723 1545 (lac.
739 1476 798 1543 ru).
815 1474 947 1548 Concepit
998 1474 1162 1549 quaudoque
1174 1483 1324 1548 praestaret.
1340 1476 1370 1531 ln
1384 1473 1490 1534 vulvam
1504 1491 1570 1550 ergo
1584 1475 1659 1533 Deus
1674 1475 1798 1533 Verbum

148 1565 231 1641 igitur
257 1566 334 1639 uirgo
366 1573 394 1620 ct
422 1564 526 1635 peperit
552 1561 768 1631 Emmanuelem,
797 1563 945 1619 Nobiscum
1001 1579 1083 1621 sunm
1103 1562 1208 1631 detulit,
1228 1565 1329 1622 bonum
1352 1564 1472 1633 fratrem,
1494 1572 1526 1623 ut
1547 1564 1706 1624 memoriam
1733 1565 1797 1622 mali

148 1656 245 1713 Deum.
261 1655 324 1711 Haec
344 1662 385 1711 cst
404 1653 528 1710 nativitas
542 1669 621 1722 nora,
636 1652 804 1710 dumsbomo
827 1653 946 1712 nascitur
999 1652 1090 1710 fratris
1111 1654 1233 1712 eraderet
1254 1656 1276 1712 ⁸.
1300 1656 1365 1712 lude
1393 1654 1583 1726 prodeundum
1606 1654 1658 1712 luit
1685 1655 1794 1714 Christo

148 1744 176 1801 in
186 1745 262 1817 Deo;
278 1742 360 1801 782
374 1742 402 1798 in
418 1757 473 1814 quo
489 1741 598 1799 homine
611 1743 685 1797 Deus
702 1751 781 1798 natus
795 1749 847 1813 est,
863 1758 944 1799 carne
999 1741 1034 1799 ad
1047 1742 1164 1800 salutem
1176 1744 1302 1814 hominis,
1317 1760 1371 1818 quo
1384 1746 1467 1802 homo
1479 1746 1536 1817 jam
1548 1744 1691 1804 damnatus
1704 1744 1794 1804 iatra-

149 1834 252 1907 antiqui
265 1833 377 1890 seminis
398 1841 533 1904 suscepta,
548 1832 608 1888 siaa
628 1832 731 1888 semine
744 1821 854 1904 antiquo
873 1833 942 1905 (73),
963 1793 1089 1891 Bverat.

149 1932 180 1983 nt
194 1924 266 1982 illam
282 1939 351 1981 novo
370 1922 484 1993 semine,
499 1921 527 1978 id
550 1930 592 1979 est
615 1922 771 1994 spiritaliter
788 1921 945 1981 reformaret

150 2012 264 2073 exclusis
287 2012 452 2086 antiquitatis
479 2012 617 2080 sordibus,
640 2012 784 2084 expiatam.
810 2013 862 2070 Sed
889 2021 945 2070 tota
1284 1975 1394 2033 CAPUT
1410 1976 1508 2034 XVIII·

150 2103 254 2159 novitas
276 2104 338 2168 ista,
358 2103 426 2159 sicut
448 2110 475 2160 et
498 2103 526 2158 in
550 2101 685 2169 omnibus,
702 2102 736 2158 de
755 2104 837 2159 veteri
860 2103 946 2175 ligura
1034 2103 1121 2171 Nunc,
1136 2110 1166 2158 ut
1184 2100 1332 2174 simplicius
1354 2103 1574 2174 respondeamus,
1588 2117 1645 2160 non
1665 2110 1801 2176 compete·

150 2197 202 2262 est,
217 2191 340 2247 rationali
364 2208 411 2262 pcr
435 2190 570 2263 virginem
594 2190 767 2262 dispositione
788 2190 812 2230 ⁹¹
827 2191 946 2248 Domino
1000 2192 1046 2249 bat
1063 2189 1146 2250 183
1161 2208 1193 2248 ex
1220 2192 1323 2248 semine
1346 2192 1464 2249 humano
1480 2192 1529 2248 Dei
1549 2190 1652 2248 Filium
1665 2192 1753 2259 nasci,
1768 2209 1801 2251 ue

151 2270 288 2337 nascente.
312 2282 395 2354 Virgo
422 2290 480 2336 crat
504 2281 592 2336 adiano
619 2289 689 2336 terra
718 2280 836 2335 nondum
863 2296 946 2352 opero
1001 2283 1025 2339 si
1038 2280 1051 2320 ⁹
1066 2288 1137 2339 totus
1150 2289 1221 2337 esset
1235 2281 1307 2337 tilius
1321 2281 1447 2349 hominis,
1459 2296 1513 2337 nou
1528 2288 1598 2337 esset
1612 2289 1640 2337 et
1655 2281 1704 2338 Dei
1717 2280 1800 2350 lilius,

151 2383 316 2443 compressa,
333 2368 453 2425 nondum
477 2368 589 2423 sementi
604 2368 714 2423 subacta
729 2384 736 2422 :
761 2384 793 2425 ex
814 2385 847 2425 ea
859 2368 949 2426 homi·
1001 2370 1124 2443 nihilque
1138 2371 1254 2427 haberet
1267 2371 1384 2442 amplius
1398 2369 1541 2427 Salomone
1554 2369 1623 2442 (76),
1641 2371 1803 2442 etamplius

151 2473 215 2515 nem
238 2458 339 2514 laetum
353 2457 506 2528 accepimus
519 2455 544 2494 ⁹¹³
559 2471 574 2510 a
588 2455 645 2511 Deo
666 2457 693 2511 in
716 2458 832 2513 animam
846 2460 945 2517 visam.
1000 2463 1086 2528 Jona3
1101 2464 1129 2515 et
1144 2459 1178 2515 de
1194 2458 1307 2516 Ebionis
1326 2459 1455 2531 opinione
1468 2458 1619 2517 credendus
1633 2465 1703 2528 erat,
1717 2459 1802 2533 Ergo,

151 2545 238 2622 Igitur
252 2547 276 2604 si
291 2546 394 2619 primus
416 2546 504 2602 adam
527 2546 562 2601 dc
585 2554 657 2602 terra
673 2544 698 2584 ⁹⁹
713 2546 835 2614 traditur,
850 2548 948 2605 merito
1001 2553 1057 2622 jam
1077 2549 1128 2605 Dei
1151 2548 1235 2605 Filius
1258 2563 1291 2604 ex
1313 2548 1401 2604 Patris
1426 2546 1478 2605 Dei
1495 2547 1600 2604 semine
1620 2548 1690 2618 (77),
1714 2548 1803 2606 idest

152 2650 280 2709 sequens,
295 2634 338 2692 tel
357 2633 520 2692 novissimus
542 2632 639 2699 Adam,
655 2641 685 2688 ut
709 2633 857 2704 Apostolus
871 2636 948 2703 dixit,
1002 2636 1107 2711 spiritu,
1121 2644 1150 2692 ut
1167 2646 1238 2694 esset
1257 2646 1284 2693 et
1304 2637 1328 2676 ¹⁰
1348 2636 1465 2692 hominis
1479 2635 1562 2704 filins,
1577 2651 1641 2694 caro
1656 2637 1683 2694 ei
1697 2636 1757 2696 sols
1780 2637 1803 2680 ¹¹

151 2725 266 2799 proinde
279 2724 313 2780 dc
327 2732 406 2789 terra,
422 2723 448 2778 id
462 2731 513 2789 est,
524 2738 605 2779 carne
619 2723 741 2780 noudum
757 2725 765 2762 ¹
781 2725 948 2797 generationi
1003 2735 1061 2786 crat
1080 2742 1113 2783 ex
1136 2725 1254 2782 hominis
1276 2740 1357 2783 carne
1375 2725 1514 2797 sumenda,
1532 2725 1590 2781 sine
1613 2723 1665 2783 viri
1688 2727 1802 2788 marine.

153 2812 343 2889 resignatam
366 2811 491 2885 spiritum
510 2810 719 2868 vivificantema
742 2814 799 2868 Deo
822 2823 864 2870 est
886 2828 950 2885 pro·
1004 2818 1123 2875 Vacabat
1146 2816 1218 2871 enim
1239 2816 1290 2874 uiri
1314 2831 1406 2872 semen
1430 2815 1463 2882 ¹²,
1488 2813 1562 2889 apud
1586 2813 1734 2873 habentem
1756 2815 1806 2874 Dei

152 2902 232 2962 latus.
252 2902 285 2959 Et
311 2910 410 2970 tamen,
425 2917 459 2956 ne
482 2900 579 2956 ²mihi
599 2907 674 2956 vacet
693 2900 815 2957 incursus
834 2902 952 2957 nominis
1006 2921 1109 2964 semen.
1138 2907 1242 2976 ltaque,
1267 2905 1337 2961 sient
1364 2904 1486 2961 nondum
1517 2909 1599 2959 natus
1625 2918 1659 2960 ex
1689 2903 1805 2979 virgine,

152 2989 221 3049 Adae
232 2989 302 3062 (lh),
314 2990 386 3046 unde
400 2988 639 3045 Christus¹hdem
653 2988 687 3044 ab
697 2989 830 3061 Apostolo
841 2990 952 3047 ¹dictus
1006 3003 1111 3067 patrem
1126 2996 1213 3051 Deum
1237 2994 1337 3051 hahere
1351 2993 1439 3065 potnit
1457 2991 1516 3048 sine
1534 2989 1645 3047 homine
1663 2997 1751 3049 matre
1765 2991 1803 3065 ¹³3

154 3088 206 3146 est,
221 3079 245 3135 si
266 3079 367 3135 terreni
391 3093 445 3135 non
466 3078 516 3134 luit
537 3093 634 3135 census
657 3078 739 3134 homo
761 3078 839 3151 ejus?
858 3080 908 3136 Sed
924 3087 952 3138 et
966 3078 988 3158 c
1004 3102 1093 3159 aeque,
1112 3101 1175 3143 cum
1198 3085 1233 3141 de
1256 3084 1363 3157 virgine
1390 3088 1555 3150 nasceretur,
1574 3078 1667 3153 potuit
1688 3088 1804 3139 matrem

155 3169 200 3229 hic
213 3169 280 3229 ratio
303 3169 434 3237 defendit,
450 3169 522 3240 quod
544 3169 618 3226 Deus
632 3168 644 3207 ⁵
657 3168 803 3243 imaginem
821 3178 848 3224 et
869 3169 949 3225 simi·
1003 3176 1104 3232 habere
1128 3173 1266 3233 hominem
1281 3173 1304 3214 ¹¹
1317 3173 1376 3229 sine
1391 3170 1499 3229 homine
1513 3176 1598 3242 patre.
1615 3168 1661 3226 Sic
1683 3167 1803 3241 denique

154 3257 293 3317 titudinem
316 3275 403 3326 suam,
426 3276 442 3314 a
463 3257 574 3314 arcuato
596 3268 712 3330 capram,
732 3259 829 3315 aemuta
852 3274 950 3330 opera·
1003 3262 1325 3330 consecrationum
1338 3275 1400 3318 caro
1416 3259 1535 3316 nominis
1548 3272 1610 3316 cum
1623 3255 1726 3328 spiritu
1743 3256 1801 3315 nai.

155 3346 949 3421 honerecuperaritlurirginemenimadhuclivam(75)
1003 3351 1072 3409 Caro
1086 3346 1143 3405 sine
1167 3349 1287 3416 seminef,
1313 3363 1348 3405 ex
1374 3347 1499 3417 homioe;
1527 3347 1639 3420 spiritus
1665 3362 1730 3403 cnm
1759 3362 1804 3404 se·

155 3437 300 3514 irrepserat
312 3440 426 3497 verbum
446 3436 649 3495 edificatoriam
674 3436 784 3506 mortis;
811 3436 839 3491 in
863 3437 949 3512 virgi·
1002 3437 1084 3507 mine,
1099 3455 1131 3496 ex
1145 3438 1213 3496 Deo.
1227 3437 1314 3510 lgitur
1332 3438 1357 3495 si
1377 3435 1430 3494 init
1450 3436 1591 3510 dispositio
1615 3434 1729 3494 rationis
1743 3435 1801 3510 (78)

855 3536 951 3600 Variae
973 3540 1130 3601 lectiones.

190 3646 217 3687 ⁹¹
241 3645 327 3702 Licuit
347 3645 435 3702 Rhea.
459 3643 544 3700 Semi.
572 3641 598 3681 ⁹⁵
621 3641 655 3697 lit
673 3642 766 3698 omitt.
797 3641 884 3699 llhen.
911 3643 996 3701 Semi.
1020 3643 1047 3683 ⁹⁶
1069 3642 1139 3713 Quid
1165 3643 1223 3714 hip.
1244 3641 1269 3681 ⁹¹
1290 3640 1402 3697 Homine
1428 3641 1492 3698 cdd.
1517 3642 1603 3700 Fron.
1629 3643 1699 3701 Por.
1724 3642 1803 3700 Pam.

155 3717 182 3759 ⁹⁸
202 3716 354 3787 Accipimus
376 3716 465 3773 dhan.
493 3717 573 3770 Pone.
600 3713 683 3770 Semi.
705 3711 730 3752 ⁹⁹
749 3714 788 3768 lta
809 3714 896 3770 inser.
912 3717 980 3773 Por.
1009 3712 1018 3752 ¹
1042 3714 1103 3770 Non
1126 3715 1213 3772 lihen.
1233 3713 1319 3772 Semi.
1339 3713 1351 3751 ²
1375 3714 1424 3769 Nee
1446 3715 1532 3769 Fran.
1556 3717 1638 3771 Pom.
1662 3713 1805 3771 ommate

157 3788 251 3845 omui.
271 3788 330 3842 Lot.
348 3785 416 3839 ³hd
437 3784 563 3840 cumdem
579 3784 700 3839 Christus
719 3784 806 3842 Rhen.
829 3785 912 3842 Seme.
930 3786 957 3840 in
982 3783 1117 3841 Christum
1130 3802 1181 3858 pro
1205 3785 1271 3841 Adae
1292 3784 1365 3840 unde
1379 3783 1499 3841 Christus
1522 3788 1602 3843 Peon.
1625 3787 1640 3826 ¹
1662 3784 1803 3854 apostatis

158 3857 248 3915 acca
261 3856 310 3909 Dei
325 3856 411 3911 llhen.
424 3856 509 3911 Serrai.
525 3854 658 3910 dnbierit
672 3857 758 3912 Fron.
781 3856 842 3925 ilip.
864 3859 927 3914 Ven.
945 3857 956 3895 ¹
975 3857 1008 3912 Et
1024 3854 1087 3913 edd.
1112 3857 1200 3915 Rheae.
1222 3855 1306 3914 mint.
1321 3855 1334 3893 ⁸
1352 3856 1485 3912 Redderet
1499 3855 1615 3912 Rhcn.⁹
1638 3855 1700 3913 Nisi
1713 3856 1803 3914 libert.

159 3928 230 4054 12¹1?
244 3928 336 4009 omitt.
354 3929 437 4053 Pnnqq
449 3925 536 4052 quqn.
562 3924 584 3963 ¹¹
601 3925 639 3980 Ec
659 3925 715 3980 sola
728 3942 790 3998 qua·
806 3926 891 3985 lthen.
908 3928 998 3987 Semi.
1017 3927 1027 3967 ¹
1045 3927 1143 3984 Samen
1164 3929 1214 3988 viri
1235 3928 1323 3987 ichen.
1344 3927 1428 3985 Send.
1447 3927 1471 3966 ¹³
1494 3927 1577 3985 blatra
1591 3927 1689 3987 omitt.
1714 3927 1802 3987 hicn.

221 4012 339 4055 omnnem
354 4014 411 4056 ome
441 4038 448 4053 .
508 4014 554 4054 en.

857 4071 1105 4136 Commentarius.

158 4176 275 4233 medium
297 4176 419 4243 adducta,
436 4182 465 4230 ut
484 4182 632 4250 agnoscant
653 4189 722 4247 quos
748 4184 872 4235 auctores
888 4180 950 4236 imi·
1040 4179 1097 4250 (76)
1107 4179 1236 4251 Nihilque
1245 4175 1492 4248 habereioncplins
1503 4176 1660 4235 Solomone.
1671 4175 1805 4234 haeresim

158 4254 249 4305 tentur
274 4248 359 4304 nostri
381 4249 503 4304 moderni
532 4246 720 4303 llaroticorum
748 4248 846 4319 potius,
868 4268 950 4321 quam
1005 4250 1143 4317 Hebionis,
1159 4250 1233 4333 quod
1247 4250 1369 4306 Christus
1382 4262 1436 4303 non
1450 4253 1521 4304 esset
1535 4246 1585 4303 Dei
1600 4247 1695 4312 Filius,
1712 4263 1749 4304 ex
1762 4263 1804 4304 xta

159 4318 257 4377 Christi
281 4321 444 4390 psahnorum
472 4327 596 4375 cantores
624 4327 651 4375 et
678 4320 846 4388 cantatrices,
870 4321 952 4394 idque
1006 4321 1098 4379 Matth.
1123 4321 1270 4378 artificiose
1294 4317 1433 4378 confutat:
1458 4321 1527 4376 Ecce
1550 4320 1702 4403 plusquam
1719 4321 1805 4378 dones

160 4390 207 4448 tati
233 4406 296 4448 cum
316 4391 410 4460 boatu,
429 4400 458 4447 ut
480 4390 587 4447 animus
610 4388 777 4447 audientium
804 4393 951 4465 perhorre-
1007 4393 1067 4461 hic;
1084 4400 1110 4449 ct
1124 4408 1187 4450 ecce
1202 4395 1270 4467 plats
1284 4409 1369 4466 quom
1383 4391 1515 4449 Salomon
1531 4388 1584 4448 hac.
1601 4390 1715 4448 invertit
1728 4390 1807 4447 ordi-

160 4469 226 4520 scat.
245 4463 314 4518 Part.
967 4467 990 4543 n
1006 4480 1077 4530 nem,
1095 4471 1123 4520 ut
1144 4464 1227 4520 etiam
1245 4465 1363 4518 lrenaeus
1377 4462 1427 4518 lib.
1443 4477 1487 4529 ιιι,
1502 4477 1562 4531 cap.
1579 4459 1613 4518 29
1629 4478 1636 4519 :
1660 4480 1673 4513 ι
1689 4461 1719 4517 St
1734 4461 1807 4519 euim

195 4533 254 4606 (ts)
270 4535 359 4592 Cerere
372 4535 484 4619 antiqui
496 4534 759 4606 seminissusccptc,
769 4536 831 4593 sine
844 4538 952 4595 sesninc
1005 4535 1106 4606 loseph
1139 4534 1210 4591 filius
1236 4544 1316 4601 esset,
1347 4533 1575 4606 quemadmodum
1607 4533 1668 4604 plus
1702 4539 1808 4601 poterat

161 4607 287 4681 antiquo.
310 4608 385 4663 Licet
407 4624 477 4662 cnam
501 4605 621 4663 Christus
643 4620 752 4660 caruem
775 4607 954 4678 assumpserit
1008 4623 1088 4678 quarn
1115 4607 1255 4673 Salomon,
1281 4614 1326 4663 aut
1350 4604 1410 4677 plus
1439 4619 1519 4677 quam
1541 4604 1623 4660 Jonas
1646 4604 1770 4662 hahent
1794 4623 1808 4657 a

160 4679 264 4748 peccati
282 4678 388 4735 macula
414 4679 573 4748 deformem,
596 4690 650 4732 non
676 4683 767 4732 tamen
793 4676 952 4736 deformitas·
1011 4679 1077 4734 Lac.

161 4755 214 4804 ιειιι
241 4749 311 4805 illam
345 4750 441 4814 induit,
473 4760 609 4820 peccatum
638 4762 692 4804 non
717 4750 873 4821 assumpsit.
902 4751 954 4807 hs·
1043 4748 1101 4820 (77)
1119 4749 1299 4805 Deiaemine.
1314 4747 1443 4802 Libenter
1461 4744 1660 4815 amplectuntur
1685 4744 1808 4820 theologi

160 4823 313 4893 sumptione
328 4821 427 4893 qnippe
447 4821 494 4876 illa
515 4819 644 4892 antigena
663 4820 788 4878 sordidus
806 4823 955 4894 expiatam
1009 4820 1121 4875 terbum
1136 4819 1218 4884 istud,
1235 4828 1264 4875 ut
1279 4819 1411 4874 rationem
1425 4833 1501 4874 suam
1520 4815 1642 4885 fulciant,
1654 4832 1705 4872 cur
1718 4817 1807 4874 sancti

161 4891 273 4959 accepit.
291 4894 328 4947 Lu
345 4892 394 4947 Pa.
1009 4889 1124 4962 Spiritus
1122 4891 1277 5017 lprocessio
1292 4889 1386 4946 liliatio
1405 4905 1460 4947 nou
1484 4887 1528 4954 sit,
1543 4887 1583 4944 uti
1596 4895 1624 4944 et
1636 4887 1723 4945 Verbi
1742 4902 1809 4959 pro-

196 4964 254 5034 (tt)
269 4965 309 5021 Ne
322 4962 395 5019 mihi
415 4965 492 5019 vocet
513 4962 646 5018 iscccrscs
665 4963 957 5022 sentententiae
1010 4960 1106 5018 cessio.
1147 4977 1224 5033 enrpe
1246 4961 1349 5028 dicunt,
1362 4960 1425 5033 quia
1444 4961 1563 5018 Verbum
1585 4961 1740 5016 exsemine
1759 4958 1809 5015 [tei

162 5042 214 5101 est,
237 5050 270 5089 nc
294 5031 365 5088 elohi
390 5031 478 5087 sinam
501 5032 670 5089 occasionem
693 5035 900 5105 argumentandi
922 5051 956 5092 ex
1010 5033 1150 5104 processit,
1166 5050 1221 5089 non
1245 5032 1361 5105 Spiritus
1383 5037 1500 5087 sanctos.
1513 5030 1656 5100 Quodnam
1683 5033 1739 5088 hoc
1759 5030 1810 5088 Dei

163 5103 272 5161 nornine
289 5103 386 5160 Adam.
406 5105 544 5161 incursum
559 5103 625 5160 dicit
647 5106 890 5176 argumentationis
904 5106 957 5162 im·
1010 5106 1124 5160 semen?
1138 5104 1324 5178 Respondent,
1341 5104 1461 5174 speciem
1475 5102 1689 5174 intelligibilem,
1701 5118 1753 5160 scu
1763 5116 1811 5159 ue

163 5182 265 5247 petum.
282 5175 344 5232 nac.
1010 5174 1094 5231 titiam
1109 5176 1160 5231 sui.
1175 5178 1227 5233 Sed
1243 5175 1294 5230 hoc
1317 5174 1417 5232 scholae
1436 5172 1561 5231 viderint.
1576 5173 1760 5231 Tertullianus
1782 5172 1812 5229 id

200 5247 256 5317 (75)
274 5247 307 5302 ln
329 5247 467 5318 virginem
491 5247 568 5304 eninr
588 5248 679 5304 editoe
693 5250 789 5317 Euam,
808 5251 862 5305 etc.
882 5247 956 5303 Con·
1010 5262 1064 5303 nou
1077 5246 1216 5320 sigillatim
1232 5246 1370 5318 explicuit,
1382 5244 1432 5302 sed
1441 5243 1593 5317 generalius
1607 5244 1693 5302 dixit:
1709 5245 1743 5303 ld
1756 5249 1810 5312 sai,

163 5315 249 5373 fertur
272 5317 316 5374 hic
337 5318 394 5373 Era
412 5334 473 5374 cum
496 5317 650 5374 beatissima
668 5318 789 5399 Virgine.
803 5318 957 5375 Antitheses
1011 5320 1115 5392 spirita
1135 5321 1193 5375 Dei.
1211 5321 1277 5374 Lau.

164 5404 230 5447 vero
250 5388 305 5446 ittae
331 5405 384 5446 non
407 5389 554 5445 insolentes
576 5398 638 5444 sunt
658 5389 803 5445 Patribus:
827 5392 911 5445 Evam
929 5389 957 5444 in
1047 5390 1104 5462 (ta)
1120 5391 1209 5460 lpitor
1223 5393 1248 5445 si
1257 5390 1316 5460 fait
1325 5388 1473 5461 dispositio
1482 5388 1616 5452 rationis,
1628 5395 1680 5444 etc.
1692 5386 1755 5446 Hoc
1764 5386 1810 5456 ait,

165 5459 279 5517 Marism
306 5460 470 5517 transfusam
502 5459 569 5516 dixit
596 5459 625 5515 S.
656 5460 817 5515 bernardus.
848 5460 960 5532 Sergius
1011 5461 1074 5530 qula
1098 5459 1274 5518 Valentiniani
1289 5460 1423 5523 dicebant,
1444 5459 1581 5515 Christum
1598 5457 1749 5515 Dominum
1764 5473 1812 5530 per

96 5530 102 5551 “
166 5531 329 5606 Hierapolita
360 5533 394 5589 de
426 5532 509 5588 natali
543 5531 662 5603 Virginis
692 5529 759 5587 dixit
792 5532 864 5588 illam
900 5548 959 5589 esso
1015 5531 1151 5605 Virginem
1172 5533 1304 5603 prolatum
1334 5539 1360 5588 et
1381 5530 1515 5602 proditum
1543 5531 1572 5585 in
1595 5530 1737 5596 mundum,
1761 5543 1812 5586 nce

166 5603 296 5675 ἀνάκλησιν
318 5610 360 5666 ric
373 5605 446 5665 Εὔας.
478 5607 688 5678 reparationem
702 5606 775 5663 duc.
791 5604 873 5665 Cesso
888 5604 915 5663 in
929 5621 958 5662 ro
1014 5611 1104 5660 tamen
1146 5603 1277 5675 uidqaam
1300 5617 1334 5657 ex
1353 5617 1386 5659 ea
1408 5603 1565 5671 accepisse:
1608 5616 1659 5659 uos
1682 5603 1751 5659 item
1764 5616 1810 5658 ne·

166 5676 389 5738 mtiscommuni.
404 5677 443 5736 La
458 5678 507 5734 Pa.
1013 5674 1101 5735 luent
1124 5621 1260 5749 grigeues
1280 5672 1384 5731 diota
1410 5673 1444 5734 de
1461 5674 1572 5735 Christo
1667 5674 1726 5744 'ner
1751 5673 1812 5733 lte-
