3840 6134
48 272 99 334 aot
685 266 1069 331 alumnusalumnus.
1636 280 1700 344 -202

49 415 83 459 co
96 398 123 438 ²²
135 412 195 455 nun
218 402 268 456 est.
292 394 371 466 Quod
395 394 453 470 ipse
470 393 591 469 inferens
612 392 648 463 ²³,
673 408 727 453 nou
749 392 847 452 Filium
862 413 886 495 Α
901 392 1013 464 laceret,
1028 393 1079 453 uisi
1091 411 1108 453 a
1122 395 1227 456 caeteris
1251 399 1349 457 solum.
1372 399 1426 469 Sed
1447 401 1698 483 atnssvmgstium

47 497 137 562 umal,
166 485 219 545 sed
242 485 325 543 alium
349 485 461 543 num:
485 492 612 543 caurum
640 482 708 542 alius
730 500 746 540 a
770 484 846 541 Patre
901 489 1048 553 recusetur,
1063 484 1137 558 quud
1150 485 1221 542 dicat
1235 487 1334 544 omnio
1356 501 1408 560 per
1431 489 1595 549 Sermonem
1613 497 1698 554 alteo

47 578 128 638 Filius
140 591 202 633 uon
215 584 257 634 eat
270 575 305 632 33.
318 575 450 649 Denique,
472 572 577 646 inspice
592 571 731 647 sequeutia
744 572 845 643 hujus·
900 574 1063 644 sectante,
1078 575 1216 634 etsineeo
1227 575 1303 634 nibil
1313 580 1435 648 (notum.
1447 579 1508 636 Nisi
1521 580 1594 637 euim
1608 582 1697 652 lullor,

47 665 117 725 nodi
139 662 405 737 pronuntiationum,
427 670 456 720 et
477 660 600 722 inuenies
622 661 679 719 lere
701 661 735 719 ad
757 660 847 719 idolo·
900 669 928 719 et
946 661 1011 718 alibi
1032 662 1162 736 scriptum
1188 670 1249 723 est:
1273 665 1406 725 &neone
1431 669 1493 740 ejus
1511 672 1575 727 coeti
1588 671 1699 741 firneoti

47 773 104 815 rum
125 753 298 811 neuutores
322 762 406 827 atque
418 752 536 810 cultores
557 750 743 808 definitionem
755 766 846 808 earum
902 754 1021 824 sunt,et
1034 753 1138 825 spiritu
1152 754 1208 811 oris
1223 753 1249 793 33
1263 756 1324 827 ejus
1338 771 1439 814 omncs
1452 756 1575 818 uirtutes
1589 775 1696 818 comen.

48 847 196 922 mulcere,
217 852 249 901 ut
266 842 468 901 multitudinem
492 841 619 900 laieorum
646 842 759 899 deorum
783 841 849 897 unio
900 837 936 895 lit
954 838 1049 898 Sermo
1072 850 1174 909 auum,
1202 840 1296 900 Virtus
1319 851 1346 900 et
1367 843 1479 916 Sopbia,
1507 844 1566 918 ipse
1583 847 1634 905 erit
1648 850 1699 907 Dei

48 932 196 994 deminus
220 932 355 1006 expellet,
380 931 484 990 habeus
507 939 597 989 tamen
622 930 719 988 Filium
746 939 848 1004 quanto
900 926 995 985 Filius.
1010 929 1049 987 lta
1062 929 1087 987 si
1100 944 1149 1004 per
1163 929 1260 989 Filium
1280 930 1380 1003 omnia,
1401 933 1501 990 coeluuu
1514 949 1625 1009 quoque
1650 953 1699 1010 per

48 1024 220 1083 mundaum
245 1029 276 1079 et
291 1021 473 1095 inseparatum
492 1021 608 1088 aPutre,
632 1028 706 1078 tauto
729 1020 756 1076 iu
771 1020 848 1077 Patre
900 1015 996 1074 Filium
1009 1018 1167 1091 extendens,
1186 1034 1242 1078 nun
1264 1020 1340 1078 sclua
1362 1023 1492 1097 extendit,
1508 1023 1560 1080 nisi
1584 1023 1631 1082 illa
1650 1042 1697 1083 ra-

47 1113 239 1186 reputandum,
254 1110 306 1168 etsi
321 1124 376 1169 nou
396 1110 573 1168 nominatum.
599 1108 702 1182 atquin
721 1107 744 1164 si
758 1109 847 1166 numi·
901 1104 974 1165 tione
986 1123 1040 1182 qua
1052 1122 1069 1163 a
1081 1108 1107 1148 33
1119 1110 1226 1167 ceteris
1247 1111 1330 1168 selus.
1354 1110 1442 1185 Atque
1465 1112 1535 1171 adeo
1559 1115 1650 1172 statim
1663 1117 1699 1174 de

47 1208 134 1261 aaut
147 1200 240 1269 ilium,
263 1208 428 1274 separasset,
445 1200 482 1258 its
504 1198 617 1258 dicens:
643 1197 753 1255 salius
775 1213 849 1271 prae-
900 1194 969 1253 Filio
983 1196 1118 1268 loquitur:
1139 1199 1207 1268 Quis
1215 1199 1292 1256 otius
1302 1199 1404 1272 dejecit
1417 1203 1499 1273 nono
1508 1204 1699 1278 ventriloquo·

47 1301 82 1349 er
100 1308 148 1348 me
171 1305 233 1348 nnn
256 1296 307 1357 est,
332 1289 385 1347 uisi
404 1289 489 1347 Filius
511 1304 598 1346 meus.
622 1307 636 1342 u
661 1286 752 1343 Alium
775 1287 848 1344 euim
900 1286 1641 1366 men,ctdivr'nutionesucordc,oncrtcnssnpientes
1657 1311 1699 1354 re·

48 1380 125 1439 eim
151 1378 254 1436 Filium
281 1376 410 1445 iecisset,
432 1392 513 1451 quem
538 1377 571 1435 de
599 1375 658 1435 aliis
687 1375 847 1450 excepisset.
902 1380 1037 1444 trunsum,
1052 1379 1081 1434 et
1102 1379 1252 1436 cointium
1278 1394 1375 1437 corum
1401 1381 1571 1452 infatuans?
1594 1383 1699 1442 Sistens

49 1471 110 1530 luta
128 1469 224 1529 solem
246 1468 387 1527 dicerczr
413 1467 473 1542 Ego
486 1470 538 1540 sol,
560 1474 588 1525 et
609 1466 678 1525 alius
692 1475 790 1540 praeter
804 1481 848 1522 me
901 1466 983 1523 uerba
996 1465 1055 1522 Filii
1080 1466 1131 1533 sui,
1156 1466 1285 1525 discendo
1308 1468 1439 1525 scilicet:
1461 1472 1510 1526 llic
1538 1477 1584 1528 est
1609 1475 1698 1531 lilius

49 1577 98 1620 uun
111 1568 166 1628 cst,
191 1558 247 1618 nisi
271 1557 363 1617 radius
382 1573 470 1628 meus,
497 1580 508 1610 ι
535 1572 626 1615 nonne
648 1556 804 1615 denotasses
823 1555 848 1594 ²⁵
901 1571 979 1615 metes
995 1555 1133 1623 dilectus,·
1149 1556 1224 1615 bunc
1237 1557 1344 1616 audita.
1359 1558 1398 1615 lta
1416 1556 1515 1617 Filium
1529 1561 1698 1636 subjungens

51 1652 192 1709 amntem
208 1650 245 1719 ²⁶,
269 1650 347 1721 quusi
370 1664 426 1706 uon
448 1655 476 1707 et
499 1647 590 1705 radius
604 1648 634 1706 iu
648 1646 706 1706 sole
729 1647 845 1720 depute·
900 1643 959 1716 ipse
972 1645 1162 1717 interpretator
1185 1651 1236 1716 est,
1255 1647 1395 1717 quomodo
1417 1649 1519 1706 coelam
1543 1650 1620 1707 scius
1642 1668 1694 1708 er·

53 1741 225 1814 tariltuque
239 1745 338 1812 preter
361 1738 386 1778 ²²
409 1737 585 1811 semetipsum
608 1752 662 1795 uon
689 1736 847 1794 essentium
902 1733 1025 1803 teuderii,
1050 1732 1151 1791 seilicet
1164 1750 1226 1790 curn
1249 1732 1316 1793 Filio
1339 1734 1424 1802 solus,
1448 1737 1518 1794 sicut
1540 1754 1601 1796 cum
1624 1740 1695 1797 Filio

54 1830 143 1897 bum,
156 1828 214 1887 hcc
226 1835 340 1903 propter
354 1826 533 1885 idololatriam
546 1835 602 1884 tam
615 1825 752 1883 undenum
766 1840 848 1898 quam
864 1810 887 1890 Ι
901 1839 993 1880 unum.
1011 1821 1127 1881 Proinde
1149 1829 1176 1880 et
1189 1822 1248 1880 Filii
1261 1823 1314 1881 erit
1326 1840 1388 1891 uox,
1400 1825 1523 1884 tetendi
1536 1829 1639 1886 coeinm
1657 1847 1697 1888 ro

56 1920 163 1988 brein,
187 1918 275 1976 ctiam
289 1928 403 1992 propter
423 1917 574 1985 hereticos,
598 1914 656 1991 qui,
670 1916 740 1974 sicut
755 1913 846 1971 natio·
901 1914 965 1980 lus,·
981 1911 1044 1986 quia
1057 1913 1190 1972 winone
1204 1914 1268 1969 caeli
1282 1914 1446 1985 confirmati
1459 1920 1538 1973 sunt.
1559 1916 1628 1986 Quia
1646 1916 1698 1975 Se-

58 2026 97 2067 ace
117 2009 257 2079 manibus,
284 2007 323 2065 ita
343 2017 372 2065 et
391 2007 444 2080 ipsi
467 2006 559 2066 verbis
576 2004 651 2062 idola
674 2003 846 2072 fabricantur,
901 2001 974 2073 pbia,
999 2000 1026 2057 id
1048 2009 1089 2058 cst
1111 2000 1145 2069 33,
1172 2001 1303 2059 Sermone
1330 2001 1485 2071 assistente,
1511 2013 1632 2076 paratum
1658 2016 1699 2064 cst

60 2096 140 2166 been
164 2095 255 2154 alium
277 2096 376 2164 Deum,
403 2101 430 2152 et
451 2080 532 2151 alium
553 2092 699 2150 Christum.
726 2092 811 2165 igitur
823 2101 851 2151 et
902 2090 1012 2160 coelum,
1026 2097 1051 2146 et
1065 2092 1162 2148 munio
1176 2108 1226 2164 per
1242 2092 1580 2166 Sermonemsuntsuctu,
1594 2110 1701 2167 compe·

60 2200 109 2244 nm
129 2201 162 2245 ae
181 2200 274 2242 unum
292 2181 504 2257 pronuntiabat,
526 2181 596 2239 Filio
618 2181 698 2237 Pater
722 2193 849 2252 procura·
903 2180 934 2237 tit
948 2187 974 2236 et
989 2179 1088 2237 Filium
1102 2180 1127 2220 33
1140 2179 1231 2238 solum
1254 2181 1406 2239 extendisse
1421 2184 1530 2252 coelum,
1547 2184 1610 2256 quie
1623 2185 1700 2243 sulus

60 2274 102 2345 lat,
115 2292 149 2333 ne
169 2275 209 2332 ab
226 2271 287 2330 ulio
309 2273 368 2330 Deo
379 2270 503 2330 Christus
523 2268 630 2330 venisse
648 2267 784 2335 credatur,
799 2266 850 2323 sed
902 2268 1053 2342 operationi
1066 2268 1156 2326 Patris
1170 2267 1338 2328 ministrarit.
1354 2271 1428 2326 Idem
1447 2271 1498 2329 erit
1511 2271 1624 2331 diceus:
1646 2276 1700 2345 Epo

62 2364 199 2439 ulloqui
219 2361 405 2437 praedeerat:
428 2364 482 2434 Epo
505 2363 587 2426 Deus,
609 2363 638 2418 ct
660 2357 736 2414 clins
749 2355 850 2429 meque
902 2361 1023 2433 prtinus,
1039 2362 1068 2417 et
1081 2361 1200 2432 insuper
1219 2363 1344 2418 venturo
1368 2360 1393 2400 33
1413 2377 1461 2434 epo
1484 2377 1558 2421 rum.
1581 2364 1701 2420 Primum

62 2471 155 2516 acuon
165 2458 214 2515 eet
224 2475 235 2523 ,-
245 2452 296 2528 qni
315 2467 346 2510 se
358 2451 477 2518 unicum,
492 2448 539 2507 sed
558 2462 620 2508 cum
642 2445 709 2505 Filio
724 2446 849 2516 ostendit,
903 2447 1007 2506 scilicet
1026 2447 1157 2518 omnium,
1172 2447 1286 2506 Sermo:
1301 2450 1333 2507 ln
1345 2452 1492 2524 principio
1505 2456 1569 2510 erut
1583 2453 1700 2522 Sermo,-

61 2558 109 2603 tun
119 2559 175 2619 qno
190 2542 300 2603 wluin
313 2540 391 2599 solus
402 2538 531 2598 extendit.
904 2537 932 2594 iu
950 2551 1004 2610 quc
1017 2536 1150 2612 principio
1172 2537 1322 2609 prolatusa
1340 2539 1418 2597 Patre
1431 2547 1482 2596 est.
1497 2539 1635 2599 Ceterum
1648 2544 1701 2600 Pa·

348 2628 462 2689 CAPUT
474 2625 554 2686 XIX.
905 2632 946 2682 ter
968 2640 1023 2683 nou
1045 2624 1148 2683 babens
1171 2623 1293 2694 initium,
1321 2635 1352 2683 ut
1373 2642 1390 2682 e
1412 2627 1486 2684 nullo
1506 2628 1646 2700 prolatus,
1672 2640 1703 2689 ut

80 2723 146 2795 Quin
163 2724 193 2764 33
207 2733 240 2782 et
257 2719 435 2793 bcc'ffdictum
461 2718 531 2790 ejus,
547 2710 778 2790 iu'ergumentum
793 2712 851 2771 sin·
904 2714 1021 2787 innatus,
1045 2730 1100 2773 nen
1128 2722 1218 2787 potest
1243 2713 1338 2773 rideri.
1356 2715 1408 2788 Qui
1431 2717 1506 2774 solus
1521 2717 1573 2777 luit
1585 2735 1702 2791 semper,

55 2813 200 2890 murinus
216 2806 306 2869 118
319 2807 471 2882 arripient:
487 2804 621 2873 Extendi,
636 2802 734 2878 iuquit,
749 2804 851 2861 coeiune
904 2804 1027 2861 ordinem
1054 2803 1155 2862 habere
1182 2818 1235 2860 nun
1253 2803 1362 2876 potuit.
1392 2803 1479 2876 igitur
1505 2805 1528 2863 si
1560 2814 1704 2880 propterea

56 2903 129 2962 uba.
154 2901 303 2972 Quantum
329 2899 365 2955 ad
387 2904 499 2956 caeterue
521 2894 647 2959 minim,
672 2891 758 2958 solus,
782 2904 852 2963 pree·
904 2893 1029 2950 eumdem
1050 2903 1078 2950 et
1100 2892 1205 2949 Patrem
1231 2900 1257 2949 et
1280 2892 1379 2949 Filium
1401 2894 1568 2953 credendum
1591 2904 1704 2968 putaue-

60 2999 153 3049 aruns
187 2990 327 3048 aduersus
364 2987 535 3058 conjecturas
577 2980 775 3050 hereticorum,
805 2976 853 3051 qui
905 2987 977 3050 runt,
1000 2987 1029 3037 ut
1051 2996 1136 3037 unum
1153 2980 1241 3036 Deum
1265 2981 1412 3051 vindicent,
1435 2983 1462 3022 33
1476 2984 1551 3042 salua
1567 2983 1651 3045 119
1663 2994 1705 3044 est

62 3079 186 3137 nundum
206 3080 246 3134 ab
271 3077 373 3153 augelis
396 3074 455 3148 (32)
475 3082 503 3131 et
528 3069 710 3147 potestatibus
737 3063 853 3123 diversis
904 3070 968 3126 unic
983 3070 1052 3141 eius,
1067 3069 1189 3142 quicum
1204 3067 1611 3141 silanus,babct⁴¹etFilium,
1627 3092 1705 3148 teque

61 3167 154 3224 rclnut
172 3173 327 3237 sunctum
349 3164 397 3239 qui
421 3163 549 3235 elipeum
570 3160 725 3219 Creatorem
739 3161 786 3211 aut
803 3169 851 3210 an-
867 3200 889 3282 c
905 3163 932 3212 et
947 3154 1035 3228 ipsum
1053 3155 1155 3212 eisdem
1178 3154 1327 3226 Scripturis
1349 3159 1586 3229 comprehensum.
1612 3162 1641 3219 Si
1656 3163 1704 3218 Fi·

56 3257 150 3330 gelum
172 3255 350 3325 lamentant
371 3252 477 3312 adalia
500 3250 525 3290 33
546 3265 607 3323 quae
631 3247 809 3312 extrinsecus,
823 3251 853 3301 nt
902 3245 970 3303 lium
984 3242 1080 3302 nolunt
1098 3243 1245 3301 meandum
1264 3259 1280 3300 a
1301 3244 1379 3302 Patre
1403 3248 1537 3318 reputari,
1554 3265 1589 3306 nc
1607 3264 1704 3307 secuu-

55 3361 133 3419 opera
151 3346 260 3415 mundi,
276 3345 448 3422 ignorantem
466 3356 574 3416 quoque
596 3340 780 3417 subornatum.
796 3334 853 3391 Aut
904 3335 959 3393 dus
979 3334 1049 3391 duos
1072 3332 1153 3391 lucin
1174 3334 1240 3391 deos
1261 3333 1324 3401 dici,
1348 3335 1517 3393 ostendimus
1540 3336 1621 3394 etiam
1636 3338 1705 3395 duos

57 3437 125 3494 dele
138 3436 219 3495 acius
242 3436 344 3496 eoelum
368 3432 498 3505 extendit,
520 3428 657 3504 quomodo
681 3426 725 3485 isti
747 3439 852 3499 praesu·
904 3426 977 3483 Deos
991 3424 1018 3480 in
1032 3422 1172 3497 Scriptura
1190 3422 1301 3494 relatus,
1321 3433 1348 3481 et
1361 3424 1429 3482 duos
1443 3424 1592 3495 Dominos;
1608 3438 1636 3487 et
1657 3435 1700 3485 ta-

60 3534 127 3585 nunt
147 3526 179 3583 iu
196 3541 361 3601 perversum
383 3521 512 3593 baeretici,
535 3520 613 3594 quasi
636 3514 783 3592 singularis
796 3528 852 3571 non
906 3529 967 3572 meu
981 3528 1014 3570 ne
1027 3512 1060 3569 de
1083 3511 1134 3571 isto
1156 3511 1372 3570 scandalizentur
1393 3513 1429 3581 33,
1453 3515 1588 3574 rationem
1609 3516 1698 3574 reddi·

64 3615 208 3673 admittatur
226 3614 332 3689 Sophia
354 3611 401 3672 illa
423 3612 533 3671 dicens:
559 3611 630 3668 dnm
650 3608 768 3681 peroret
795 3620 851 3662 cm·
903 3603 1003 3674 dimus,
1017 3617 1070 3676 qua
1091 3600 1139 3658 Dei
1161 3615 1217 3657 nou
1239 3602 1295 3658 duc
1313 3601 1446 3672 dicantur,
1471 3618 1520 3661 nec
1541 3605 1650 3663 Domini
1663 3607 1699 3679 ⁴³,

67 3702 98 3760 lor
109 3704 144 3773 33,
158 3722 208 3778 apo
221 3705 341 3764 ndmm
361 3703 408 3760 iiii
420 3700 507 3760 simui
520 3698 555 3754 ³¹.
569 3698 603 3754 lit
616 3695 639 3753 ei
652 3694 720 3751 dixit
732 3695 851 3764 Aposto-
905 3692 957 3752 sed
970 3707 1024 3767 que
1039 3694 1117 3749 Pater
1130 3697 1157 3749 et
1171 3690 1256 3748 Filius
1274 3690 1347 3760 duo;
1371 3699 1399 3749 et
1417 3692 1470 3750 boc
1493 3707 1548 3751 non
1572 3710 1605 3752 ex
1619 3710 1699 3768 espa·

68 3789 118 3848 lus:
133 3794 204 3863 Qus:
217 3792 472 3869 metensem
485 3788 607 3855 llontini,
623 3788 652 3841 ct
661 3785 722 3857 pon
731 3782 852 3839 illicen-
904 3783 1008 3839 ratione
1022 3779 1188 3851 substantie,
1204 3779 1298 3837 seder
1314 3778 1505 3854 dispositione,
1527 3799 1589 3841 cum
1603 3783 1702 3842 indiui-

71 3880 122 3937 atto
133 3881 250 3953 [niteo
258 3882 321 3942 dor.
333 3895 366 3948 ιι,
376 3880 422 3952 lb)
435 3880 529 3952 utique
537 3883 637 3950 prater
650 3870 779 3945 Sopbiam
792 3871 852 3942 (3³)
905 3872 989 3929 duum
1016 3876 1043 3927 et
1069 3868 1251 3942 inseparatum
1275 3868 1374 3926 Filium
1399 3886 1415 3926 a
1439 3872 1515 3929 Putre
1538 3872 1717 3945 pronuntia-t

70 3966 99 4020 uit
117 3966 152 4041 33,
175 3984 239 4042 qnae
261 3967 304 4026 illi
321 3968 424 4026 adeun.
453 3968 484 4024 lu
507 3966 566 4038 ipso
589 3971 678 4020 tamen
691 3967 792 4017 etcum
805 3957 853 4016 illo
904 3975 983 4029 mus3
1008 3974 1058 4016 nec
1076 3966 1157 4025 statu,
1187 3956 1235 4015 sed
1258 3959 1344 4031 gradu
1367 3958 1469 4029 alium3
1496 3962 1544 4032 qui
1567 3961 1619 4018 etsi
1633 3961 1707 4020 Deus

10 4102 12 4111 .
71 4055 185 4114 ruunt
205 4057 408 4131 compingebat,
423 4070 478 4113 nou
501 4054 642 4126 ignorante
663 4047 727 4122 quid
741 4046 851 4106 laceret.
905 4049 1018 4116 dicatur,
1028 4045 1138 4120 quaudo
1148 4047 1302 4103 nominatur
1312 4045 1472 4119 singularis,
1483 4063 1538 4105 nou
1556 4048 1620 4106 idco
1637 4049 1706 4108 duos

75 4141 159 4204 Frater
180 4147 311 4223 Sopbiam
334 4155 436 4214 eutem,
458 4152 557 4219 proetcr
583 4140 680 4199 Filium
707 4136 781 4204 dicit,
805 4133 851 4210 qui
906 4139 975 4196 deca
1000 4135 1090 4201 iaciat,
1106 4135 1154 4192 sed
1169 4150 1263 4202 unium,
1285 4134 1339 4192 hoc
1362 4135 1422 4208 ipso
1445 4138 1518 4209 quod
1540 4148 1568 4195 et
1587 4140 1660 4195 Deus
1673 4154 1705 4194 er

75 4235 246 4307 athristus,
260 4235 363 4310 Sophia
375 4247 405 4295 et
426 4233 520 4292 Virtus
532 4231 582 4289 Dei
596 4227 745 4287 secuudum
759 4224 853 4298 Apoe-
906 4227 1009 4286 uuitate
1022 4223 1110 4281 Patris
1128 4224 1217 4284 eccuri
1232 4223 1340 4279 babeat.

72 4322 155 4398 um,
167 4326 245 4384 solus
261 4327 351 4384 mens
374 4339 483 4383 sensum
503 4321 607 4397 Patris:
627 4318 694 4388 Quis
712 4315 785 4371 enim
798 4313 854 4370 ecit
1208 4311 1321 4369 CAPUT
1338 4312 1405 4370 XX.

70 4428 125 4482 een
136 4421 205 4474 runt
215 4417 249 4471 in
260 4417 314 4473 ilco
326 4416 384 4472 nisi
398 4414 525 4489 Spiritus
537 4411 589 4485 poi
602 4411 634 4467 in
647 4407 706 4480 ipso
721 4402 853 4462 estiNon
870 4385 894 4466 ὓ
944 4404 996 4462 Sed
1009 4398 1287 4475 argumentationibus
1300 4415 1398 4457 eorum
1417 4401 1505 4460 adbuc
1529 4403 1705 4463 retundendis

69 4501 106 4571 qui
119 4514 194 4563 entra
207 4506 297 4576 ipsum
316 4502 350 4561 33.
365 4503 429 4560 Brut
451 4516 517 4576 ergo
534 4499 581 4575 qui
600 4513 655 4554 non
668 4495 756 4553 solum
770 4492 856 4549 Deum
905 4508 994 4568 ‚opera
1012 4488 1157 4566 praebenda
1180 4495 1231 4558 est,
1251 4488 1274 4545 si
1299 4487 1411 4561 quidde
1429 4489 1576 4563 Scripturis
1593 4493 1705 4550 adsen-

10 4694 14 4765 Ιι
747 4674 843 4739 Varie
862 4674 1019 4739 laedones.

10 4790 13 4901 i
100 4839 124 4878 ²²
135 4838 249 4911 ubsque
270 4852 305 4895 ec
326 4837 395 4896 alius
416 4836 501 4896 Sani.
530 4834 556 4879 33
583 4835 711 4891 inserens
728 4829 814 4888 Senti.
829 4828 854 4868 33
866 4827 941 4883 Deus
960 4824 1025 4882 odd.
1038 4824 1104 4880 tort.
1124 4821 1149 4860 ²⁵
1162 4820 1322 4878 Denctessct
1347 4818 1433 4877 &mi
1454 4818 1480 4858 ²⁶
1493 4816 1628 4877 Unitatem
1644 4823 1707 4880 ciii.

10 4958 12 4967 .
69 4909 88 4947 3
102 4909 153 4967 Per
167 4911 256 4968 Semi.
270 4909 298 4949 33
309 4907 364 4979 Qui
384 4907 469 4967 Serui.
485 4905 510 4946 ²⁹
524 4906 565 4963 ild
579 4907 628 4963 illa
645 4906 712 4962 lon.
729 4901 754 4942 ³⁰
777 4900 881 4957 Coelum
900 4897 986 4956 mint.
1001 4895 1026 4935 ³¹
1040 4892 1124 4949 Simul
1142 4891 1219 4949 obesi
1239 4892 1321 4949 Sentl.
1347 4890 1448 4975 erun
1467 4892 1552 4950 Semi.
1569 4891 1594 4931 33
1616 4894 1710 5021 {guum

10 4996 12 5039 3
68 4981 184 5039 mulir
234 4979 321 5040 Seni.
337 4980 363 5021 33
383 4980 420 5036 tu
442 4981 520 5038 aben
549 4978 634 5036 Semi.
651 4972 754 5031 ²⁵Oris
777 4973 854 5030 obest
880 4970 966 5028 Sunt.
982 4965 1137 5023 ²²titubent
1164 4964 1250 5022 Semi.
1265 4963 1289 5002 33
1303 4962 1403 5035 Sophia
1418 4980 1445 5019 rn
1470 4977 1612 5046 sermone·
1642 4968 1709 5025 cml.

10 5066 12 5107 :
68 5052 89 5090 33
100 5053 168 5110 Filio
217 5069 289 5111 ouer.
301 5052 327 5092 33
339 5051 370 5107 in
384 5057 580 5124 superventura
597 5046 681 5107 Sernl.
700 5046 729 5101 lu
745 5043 823 5103 obest
832 5046 916 5102 Fron.
931 5040 957 5080 ⁴⁰
972 5037 1070 5096 Salam
1088 5033 1174 5095 Semi.
1193 5034 1216 5074 ⁴¹
1232 5032 1335 5093 Habeat
1351 5034 1436 5095 Senti.
1451 5034 1477 5073 33
1490 5034 1711 5096 Scandaltzaren-

10 5124 12 5171 ¹
69 5125 182 5183 tmniia’.
198 5121 451 5198 ⁴³1uqua1tcmini
469 5122 528 5181 cod.
554 5121 655 5180 Wouw.

10 5212 12 5217 ’
762 5213 1013 5279 Commentarius.

100 5386 158 5456 (33)
174 5382 232 5453 Qui
244 5381 387 5442 nundum
401 5383 463 5443 ubo
517 5381 563 5445 iis,
573 5385 625 5435 etc.
640 5375 722 5433 Notat
740 5372 861 5430 Valenti·
914 5368 1013 5427 Paulus
1025 5365 1100 5434 dicit,
1122 5366 1188 5436 Quis
1199 5366 1247 5424 iili
1260 5367 1378 5425 consilio
1395 5368 1475 5440 fuit?
1487 5366 1629 5440 intelligit:
1646 5366 1713 5436 Quis

67 5452 164 5512 cianus
175 5461 206 5511 et
218 5453 323 5512 siurim
335 5453 415 5523 abne,
434 5465 462 5513 ct
504 5449 571 5510 recti
595 5454 741 5506 secnwres
757 5459 790 5503 ac
809 5443 862 5503 Sa·
916 5450 1016 5514 praeter
1038 5437 1169 5511 Sopbiam
1192 5439 1304 5496 consilio
1324 5437 1384 5507 tuit,
1400 5453 1462 5509 que
1481 5437 1634 5511 Sopbieilli
1648 5436 1714 5495 ade·

67 5524 215 5583 ’3333333333
230 5525 325 5585 Um·
504 5569 506 5573 -
861 5551 863 5555 -
916 5510 1088 5569 antibasis.

61 5663 66 5675 .
97 5597 156 5669 (33)
181 5599 280 5672 iiiique
304 5599 415 5672 proter
438 5592 580 5669 Sopiiinm.
604 5589 706 5651 Sensus
727 5594 786 5646 est:
802 5602 863 5644 cum

117 5687 244 5746 lemn.
260 5684 292 5743 tt.
1592 5668 1609 5722 7
