3848 6120
655 344 946 408 tinnunauuuu.
1570 318 1624 404 rao

129 479 164 521 ex
202 465 364 539 imaginibus
392 468 538 526 visibilium
566 481 773 542 recognoscunt.
791 460 814 538 fl
832 475 886 530 boc
897 470 1031 529 dilutioris
1048 468 1204 535 divinitatis,
1225 478 1252 525 et
1279 469 1399 526 exilioris
1427 469 1576 537 felicitatis3
1593 478 1625 526 ut

111 566 160 609 ιιιιι
181 552 259 621 fide,
284 557 423 611 Platonem
446 559 566 613 omnium
590 559 777 616 baereticorum
832 561 935 629 ilatum,
965 575 1018 616 non
1046 566 1076 614 nt
1101 559 1242 630 spiritum;
1271 568 1297 614 et
1324 560 1346 614 si
1374 560 1564 624 immortalem,
1594 567 1624 615 ut

111 638 294 712 atariumlltl
309 642 500 700 lactumlllius
514 654 554 700 est
567 646 639 701 enim
655 655 681 701 rt
693 646 776 704 681
832 651 883 706 boc
909 649 942 705 sit
973 647 1232 716 divinitatis,tamen
1261 645 1424 717 passibilem,
1450 658 1478 703 ut
1503 648 1554 703 boc
1583 647 1619 702 sit

111 744 173 797 otte,
188 731 260 801 quod
284 732 380 787 anima
405 734 468 790 bine
489 744 584 791 euntes
598 737 651 792 siut
665 737 735 802 illuc,
752 747 779 793 ιι
832 737 977 794 nativitatis
997 755 1005 792 ι
1030 737 1146 808 ideoque
1169 745 1194 792 et
1216 752 1232 790 a
1256 734 1402 805 primordio
1424 736 1624 792 exorbitationis

111 832 137 883 ις
152 817 216 874 item
240 819 268 873 iu
298 821 398 892 linteo,
415 823 488 893 quod
510 824 644 895 genimina
669 825 691 863 ¹⁹
716 827 776 893 Dei,
831 842 966 896 capacem,
982 825 1084 882 atinde
1102 825 1181 879 otiam
1201 825 1347 880 oblivionis
1366 823 1484 880 allinem.
1502 823 1571 879 Satis
1590 826 1624 880 de

129 906 182 975 sibi
210 909 364 964 mortalium
393 911 534 984 genitura,
565 924 675 985 accepto
701 914 777 970 initio
831 914 869 969 ito
882 930 942 969 cum
955 911 1043 971 888
1058 912 1228 985 Hermogene
1240 912 1309 982 (bl).
1323 911 1549 982 Cancrumquae·
1560 912 1623 967 11221

111 996 257 1067 mmortali,
274 998 385 1053 mortale
407 998 430 1052 ei
450 1000 700 1075 circumgelaverint
715 1019 777 1059 eor·
831 1003 923 1058 baberi
938 1001 1034 1058 merito
1048 1003 1134 1072 possit
1147 1016 1180 1056 ex
1196 1000 1397 1072 peraequatione
1420 1000 1540 1055 omnium
1561 1015 1626 1071 pro·

111 1098 134 1138 ιι
157 1084 230 1155 quod
254 1086 371 1140 mundus
386 1087 429 1143 bie
444 1090 534 1161 imago
551 1091 586 1145 sit
599 1091 710 1146 alterius
725 1093 776 1146 ali·
832 1089 973 1162 prietatum
994 1090 1074 1154 deus,
1093 1090 1159 1147 nulli
1183 1089 1301 1161 passioni
1326 1089 1491 1159 subjacebit3
1516 1089 1552 1143 ita
1575 1105 1626 1145 nec

111 1184 149 1227 tn
161 1172 254 1227 omnia
267 1183 295 1228 ut
314 1173 376 1229 fidei
394 1177 563 1233 commendet
573 1179 607 1243 ²⁰,
619 1188 646 1234 et
660 1180 776 1235 animam
832 1177 974 1242 oblivioni,
990 1192 1051 1234 cum
1073 1186 1146 1233 tanta
1170 1177 1204 1231 sit
1227 1177 1325 1246 iniuria
1342 1176 1453 1242 oblivio,
1470 1184 1570 1248 quanta
1584 1185 1625 1232 est

111 1260 296 1333 superioribus
315 1264 372 1334 (49)
386 1280 446 1319 cum
472 1267 528 1322 Deo
550 1267 639 1338 egisse
653 1268 680 1323 in
696 1283 776 1326 com·
831 1266 918 1334 gloria
944 1267 1014 1337 ejus,
1030 1266 1108 1336 cujus
1130 1265 1227 1334 iniuria
1243 1274 1293 1333 est,
1309 1265 1440 1320 memoria
1453 1264 1478 1302 ²²
1501 1263 1601 1320 scilicet
1617 1283 1623 1321 :

111 1348 228 1414 icarum,
242 1356 268 1405 et
283 1351 344 1406 inde
360 1351 413 1407 buc
428 1356 601 1423 transvenire,
618 1366 644 1413 et
659 1357 701 1412 liic
715 1373 777 1429 quaa
831 1370 913 1424 quam
928 1362 954 1410 ot
968 1354 1025 1424 ipse
1039 1353 1114 1409 Plato
1128 1368 1257 1409 sensuum
1271 1363 1297 1407 et
1309 1351 1488 1407 intellectuum
1498 1352 1625 1421 salutem,

111 1434 154 1492 trit
171 1436 205 1491 de
220 1440 420 1510 exemplaribus
439 1456 590 1508 recensere,
607 1460 703 1501 novum
719 1445 776 1500 ela·
832 1449 858 1499 ot
879 1442 974 1498 Cicero
999 1443 1153 1497 thesaurum
1176 1442 1297 1497 omnium
1319 1440 1467 1496 studiorum
1492 1439 1626 1511 praedica-

111 1533 324 1599 murneutum,
356 1529 471 1600 paldone
500 1529 642 1602 ἀναμνήσεις
670 1534 696 1587 id
723 1545 775 1599 eat,
831 1532 869 1586 rit
892 1532 958 1598 (52).
972 1531 1030 1586 Nec
1045 1532 1095 1585 boc
1107 1531 1161 1599 jam
1178 1532 1204 1585 in
1218 1529 1330 1585 dubium
1349 1530 1507 1595 deducetur,
1522 1543 1556 1583 an
1571 1536 1627 1583 tam

111 1613 348 1670 examinaremus
362 1633 422 1672 esse
437 1621 494 1689 (till)
521 1638 528 1675 :
553 1621 690 1676 venientes
704 1622 776 1678 euim
830 1616 921 1671 diiina
935 1615 1027 1672 anima
1047 1615 1202 1671 memoriam
1224 1616 1341 1686 potuerit
1363 1617 1503 1679 amittere:
1520 1616 1568 1673 sed
1592 1631 1626 1671 an

111 1701 248 1759 eminas
277 1704 397 1761 oblivisci
413 1721 507 1761 eorum
536 1707 562 1762 in
589 1710 686 1780 quibus
703 1712 776 1780 prius
831 1703 1055 1776 quamamiserit,
1072 1720 1232 1775 recuperare
1253 1703 1535 1775 denuopossit.Quas
1554 1705 1625 1760 euim

111 1788 200 1847 tenuo
224 1807 256 1846 ex
281 1792 323 1846 bis
337 1794 490 1849 visibilibus
506 1797 615 1853 edoctas
631 1801 775 1855 recordari.
793 1768 816 1844 Β
832 1810 888 1851 non
903 1792 995 1851 debuit
1016 1792 1147 1857 oblivisci,
1163 1790 1185 1848 si
1213 1793 1296 1850 oblita
1318 1793 1363 1862 sit,
1380 1794 1471 1849 nescio
1486 1809 1520 1848 ιιι
1540 1794 1628 1848 valeat

111 1885 150 1935 ιιι
169 1876 324 1949 hujusmodi
343 1892 501 1954 argumento
517 1885 561 1939 illa
582 1886 748 1943 insinuentur
762 1903 778 1942 a
831 1883 978 1940 reeordari.
993 1884 1034 1939 lta
1052 1891 1193 1954 utrumque
1207 1897 1275 1937 meae
1290 1881 1398 1950 animas,
1414 1896 1468 1936 non
1484 1882 1625 1950 platonicae

127 1980 186 2039 que
211 1968 333 2023 baeretici
361 1980 525 2036 mutuamur,
550 1975 616 2028 satis
636 1974 778 2032 haereticos
830 1983 968 2045 congruet.
983 1971 1108 2029 Secundo
1121 1972 1206 2043 gradu
1220 1985 1356 2042 opponam
1372 1987 1379 2026 :
1396 1979 1490 2026 natura
1508 1986 1623 2041 compo·

111 2049 171 2121 in,
185 2055 210 2110 si
223 2064 414 2126 argumentum
429 2059 666 2117 Platoniselidam.
831 2069 885 2117 tem
913 2061 1028 2115 animam
1054 2058 1121 2116 facis
1148 2059 1270 2115 idearum
1298 2057 1416 2124 illarum,
1440 2060 1551 2114 annon?
1570 2059 1627 2114 lmo

257 2145 371 2200 CAPUT
394 2148 494 2202 xxiv.
831 2160 949 2218 natura,
980 2150 1080 2222 inquis.
1111 2150 1197 2205 Nemo
1223 2163 1290 2219 ergo
1317 2148 1450 2204 concedet
1477 2148 1626 2204 naturalem

126 2228 240 2303 quidem
268 2234 414 2291 oblivionis
440 2252 567 2307 capacem
588 2239 703 2295 animam
724 2258 778 2300 non
831 2239 969 2298 scientiam
984 2236 1144 2293 naturalium
1164 2237 1288 2293 excidere
1307 2236 1416 2291 artium.
1432 2235 1543 2292 Excidet
1570 2243 1627 2291 stu·

111 2318 173 2392 auia
200 2329 298 2376 tantam
327 2324 365 2378 illi
394 2329 528 2382 concessit
556 2327 733 2402 divinitatem,
749 2338 779 2387 ut
831 2329 949 2393 diorum,
966 2326 1071 2384 excidet
1096 2325 1276 2381 doctrinarum
1297 2313 1510 2396 disciplinarum,
1521 2324 1628 2381 excidet

111 2416 208 2483 quatur
223 2428 229 2467 :
247 2411 363 2466 innatam
380 2429 440 2469 carn
455 2415 528 2486 lacit,
544 2417 616 2488 quod
640 2429 665 2474 et
689 2421 778 2476 solnm
832 2420 948 2472 tortasse
971 2424 999 2472 et
1016 2414 1196 2489 ingeniorum,
1211 2421 1239 2468 et
1251 2412 1399 2469 affectuum
1421 2429 1429 2468 :
1452 2429 1513 2486 quae
1527 2423 1628 2469 naturae

111 2497 296 2555 mentesanae
313 2503 496 2558 testimoninm
512 2503 598 2575 plenae
613 2506 776 2565 divinitatis:
831 2507 966 2576 videntur,
982 2520 1035 2561 non
1056 2515 1146 2560 tamen
1166 2511 1237 2568 suut,
1254 2504 1327 2575 quia,
1342 2510 1373 2560 ut
1395 2503 1586 2573 praemisimus,
1601 2509 1628 2559 et

111 2588 287 2652 materialem,
304 2588 545 2658 incorruptibilem,
570 2595 777 2666 incorporalem,
833 2612 882 2667 pro
896 2596 974 2661 locis,
990 2601 1019 2651 et
1033 2609 1081 2665 pro
1097 2592 1317 2661 institutionibus,
1333 2601 1360 2648 ct
1374 2608 1424 2662 pro
1442 2592 1627 2662 corpulentiis,

128 2682 158 2730 at
177 2676 263 2731 Deum
279 2677 402 2745 credidit,
419 2680 595 2752 invisibilem,
611 2683 778 2754 ineffigiabi-
833 2701 866 2741 ac
877 2683 1089 2750 valetudinibus,
1099 2690 1126 2738 et
1142 2698 1191 2754 pro
1206 2682 1382 2751 potestatibus
1394 2681 1626 2752 dominatricibus,

111 2759 250 2830 tisormem,
281 2768 464 2839 principalem,
494 2773 670 2844 rationalem,
698 2774 779 2831 intel·
833 2789 882 2844 pro
911 2772 1078 2828 libertatibus
1102 2770 1215 2835 arbitrii,
1241 2777 1268 2824 et
1290 2768 1471 2825 accidentibus
1494 2779 1626 2826 constant.

111 2864 130 2905 t.
155 2849 226 2918 Quid
250 2853 365 2920 amplius
388 2859 568 2926 proscriberet
591 2861 717 2931 animam,
743 2864 778 2917 4.
834 2859 1005 2918 Naturalium
1016 2873 1080 2914 vero
1090 2857 1201 2912 seientia
1215 2872 1248 2911 ue
1263 2855 1392 2918 inbestiis
1403 2855 1512 2926 quiden
1524 2855 1625 2911 (leticia

164 2944 351 3007 nuncuparet?
374 2945 431 2998 Nos
445 2953 535 2999 autem
559 2947 606 3018 qui
631 2949 697 3003 mbil
721 2951 777 3007 Deo
832 2948 914 3002 Plane
930 2946 1102 3002 obliviscetur
1125 2943 1239 3000 feritatis
1261 2944 1313 3009 leo,
1329 2944 1541 2999 mausuetudinis
1564 2960 1630 2999 eru·

111 3028 237 3094 namhoc
263 3029 323 3098 ipso
351 3034 466 3088 animam
487 3034 568 3108 louge
597 3036 667 3092 inira
690 3036 931 3127 Deumeditione
953 3035 1124 3107 praeventus,
1148 3043 1258 3088 etcum
1295 3041 1350 3088 toto
1383 3040 1511 3107 suggesta
1535 3033 1621 3103 juba-

111 3129 168 3183 nus,
182 3118 255 3188 quod
277 3128 365 3175 natam
389 3137 449 3175 eam
473 3123 657 3194 agnoscimus,
673 3140 705 3180 ac
726 3142 774 3196 per
830 3142 888 3180 rum
903 3124 928 3163 ²³
950 3122 1008 3196 (aa)
1020 3120 1149 3177 delicium
1162 3120 1208 3176 fiet
1223 3121 1366 3178 Berenices
1381 3120 1497 3193 alicujus
1512 3122 1625 3196 reginae,

669 3215 763 3277 Variae
783 3219 938 3278 lectiones.

111 3298 183 3357 mina
205 3305 283 3359 Pam.
309 3307 396 3363 liban.
423 3308 447 3347 ²⁰
470 3309 655 3365 Commendat.
670 3312 734 3367 Por.
760 3312 784 3351 ²¹
802 3312 876 3368 Deus
899 3310 945 3367 bic
969 3308 1034 3366 odd.
1058 3311 1143 3365 Fran.
1160 3307 1185 3346 ²²
1198 3308 1334 3363 Memoriae
1356 3309 1423 3365 Ιιιιι.
1448 3307 1474 3346 22
1492 3307 1625 3363 Tubarnm

673 3455 921 3521 Commentarius.

122 3548 285 3677 prrcxffh,
306 3553 364 3610 sive
392 3571 407 3610 a
435 3555 504 3612 rosis
527 3558 654 3628 milesiis,
670 3576 729 3630 quas
750 3560 777 3614 in

111 3628 200 3676 crunt.
237 3625 325 3699 ιιΡιι.Ι

111 3690 233 3773 intonent
243 3697 370 3751 oratricem
382 3698 580 3757 ltoercticoram
588 3702 780 3759 condimenta·

111 3762 285 3844 briosopbiam
308 3770 447 3837 antiquam
461 3770 543 3825 luisse
563 3771 643 3826 veluti
667 3789 738 3844 penu
752 3779 779 3827 et

113 3846 237 3889 tarasium
251 3852 322 3906 saepe
336 3839 514 3895 calumniatur
528 3845 638 3908 Auctor,
651 3852 678 3897 ut
692 3846 778 3911 capi

111 3906 198 3986 tt‘t'pt.¹
208 3906 273 3960 lude
287 3924 344 3978 cap.
359 3911 447 3967 8ada.
466 3914 590 3985 llerraop.
602 3923 680 3969 vocat
694 3915 779 3985 pbilo-

111 3979 295 4056 toercbcorum
308 3981 489 4051 patriarchas
506 4004 515 4039 .·
529 4000 596 4055 quas
610 4001 674 4039 vero
692 3987 779 4041 bauc-

111 4054 228 4127 maverrt
242 4050 316 4104 Plato
331 4068 361 4105 ex
378 4052 428 4108 boc
439 4069 492 4108 uiro
503 4057 627 4127 dogmate
636 4056 670 4109 do
680 4056 781 4110 auima-

111 4130 180 4189 με,
191 4119 314 4174 observat
328 4121 444 4177 ioannes
459 4125 535 4194 Bapt.
552 4126 663 4194 Crispus
678 4125 736 4192 lib,
748 4141 779 4192 u,

111 4202 148 4241 xm
160 4188 352 4258 lleuandriaui,
364 4194 508 4258 Saturnini,
517 4196 703 4260 Entliusiastm
712 4198 781 4252 Car-

111 4256 334 4338 alatennmant,
354 4265 488 4334 speltae,
501 4267 661 4331 Selerreiani,
679 4270 781 4322 blessa-

111 4337 234 4385 nannaot
246 4332 411 4390 llaimundns
426 4336 527 4390 Luilius
538 4354 570 4390 ex
587 4339 707 4392 doctrina
722 4341 781 4393 l'la·

111 4400 168 4471 epti
182 4401 306 4482 videntur
318 4405 388 4459 eirea
400 4409 548 4462 animarum
562 4409 781 4464 exordiumlxc.

111 4471 266 4554 Canama-m
278 4480 355 4531 retro
371 4480 402 4532 ia
418 4480 617 4549 sapientoribus.
631 4480 691 4533 Nou
704 4480 780 4552 potui

111 4554 204 4611 aperire
234 4560 261 4597 iu
294 4549 393 4603 Titiano
414 4548 530 4604 Platonis
554 4552 606 4605 buc
629 4550 779 4617 pertinens,

111 4613 159 4667 nod
180 4614 253 4694 Deus
276 4632 400 4674 summus
421 4620 525 4686 opil'ex,
551 4622 697 4677 constituto
719 4622 779 4676 uui·

111 4692 296 4766 tvtarllantmnas
311 4693 406 4759 aeairali
422 4708 482 4747 cum
502 4692 639 4747 sideribus
655 4708 778 4756 numero,

111 4752 153 4809 las
165 4755 280 4834 singulis
294 4761 451 4830 asaigrravit,
462 4773 489 4817 et
499 4764 569 4818 velut
585 4764 612 4818 iu
627 4763 781 4820 vehiculum

111 4840 119 4879 ι
136 4829 256 4906 universi
273 4840 393 4886 naturam
413 4833 540 4899 ostendit,
557 4844 584 4888 ct
599 4837 672 4907 luges
687 4835 780 4891 fatales

111 4903 200 4977 locuit,
216 4898 343 4971 quodque
366 4905 444 4973 origo
469 4906 554 4973 prima
567 4907 675 4977 quilem
692 4907 780 4961 littura

111 4966 192 5048 lanata
213 4983 266 5048 una
290 4973 424 5037 omuibus,
447 4983 582 5045 oporteret
605 4988 693 5032 alitem
710 4978 781 5046 ipsas

111 5052 179 5093 arn
200 5039 308 5109 strigulu
332 5046 520 5101 convenientia
541 5047 653 5117 singulis
672 5056 779 5119 tompo-

111 5115 261 5190 emmena
277 5114 401 5183 (corpora
426 5133 544 5187 nempe),
561 5120 710 5184 producere
724 5119 779 5172 ani·

111 5180 261 5262 no'cbltar
291 5184 508 5243 deditissimum.
536 5188 596 5255 Quo
628 5189 695 5242 libro
720 5205 780 5243 cunt

111 5253 214 5333 '.⁶'⁰¹¹²
234 5270 247 5300 ι
267 5254 383 5311 animam
408 5259 450 5312 liic
473 5274 533 5329 quae
558 5269 629 5314 retro
658 5259 729 5317 norit
748 5261 782 5314 de

111 5322 182 5379 abus
211 5337 364 5403 recensere,
389 5350 399 5375 a
429 5331 516 5400 magis
554 5342 619 5391 otxto
648 5329 716 5386 istud
748 5332 781 5385 ad

111 5408 154 5451 oux
174 5392 279 5457 referri,
293 5399 371 5467 cuius
385 5400 464 5455 etiam
488 5401 567 5469 [saulo
587 5401 661 5471 anius
682 5403 781 5456 memi-

111 5472 259 5545 tttrumquc
275 5471 394 5536 reperire
408 5480 458 5525 est.
481 5472 550 5526 Pxxt.

111 5534 126 5593 i
141 5538 185 5592 cai
194 5536 350 5596 discentias
361 5544 524 5599 remisisse.
543 5545 630 5598 Locus
644 5542 694 5596 iste
704 5543 780 5597 barad

111 5622 122 5664 ι
143 5605 298 5674 Pbaedoae,
323 5626 377 5668 non
402 5631 434 5670 ex
461 5616 560 5670 Timeo
583 5613 703 5669 Platonis
730 5617 782 5670 dc-

831 3567 955 3629 sumptus
970 3563 1021 3613 est.
1036 3556 1082 3614 Sic
1095 3557 1167 3612 enim
1183 3554 1219 3611 ibi
1235 3554 1333 3627 legitur
1348 3576 1355 3614 :
1371 3555 1425 3611 Sed
1439 3563 1466 3611 et
1480 3555 1628 3612 secundum

830 3630 907 3686 illum
923 3643 1085 3694 sennonem,
1102 3627 1188 3697 iuqrrit
1206 3627 1303 3692 Cebes,
1319 3627 1343 3681 si
1367 3643 1447 3683 uerus
1470 3636 1554 3691 est‚o
1576 3626 1629 3683 So·

833 3708 931 3763 crates,
947 3715 1027 3770 quern
1056 3711 1084 3755 tu
1112 3697 1266 3769 frequenter
1281 3697 1382 3754 relerre
1409 3699 1491 3760 soles,
1514 3698 1551 3752 ὅτι
1572 3696 1630 3770 ἡμῖν

832 3771 848 3840 ἡ
877 3773 978 3842 μάθησις
998 3774 1042 3824 οὐκ
1069 3770 1129 3822 ἄλλο
1156 3789 1179 3823 τι
1205 3770 1221 3826 ἢ
1258 3770 1391 3841 ἀνάμνησις
1416 3769 1528 3840 τυγχάνει
1556 3764 1629 3834 abac,

834 3843 925 3907 idest,
941 3841 963 3896 si
986 3841 1020 3895 ad
1048 3841 1161 3896 verbum
1183 3855 1244 3894 com
1272 3840 1434 3896 Tertulliano
1457 3848 1595 3895 vertamus
1622 3856 1628 3892 :

836 3913 913 3983 Quod
929 3912 1008 3970 anab
1021 3912 1158 3969 discernis
1172 3911 1248 3967 nibil
1261 3912 1341 3967 aliod
1355 3913 1394 3967 sit
1408 3927 1492 3984 quam
1510 3910 1629 3967 remini·

834 3985 952 4052 scentia,
969 3999 1018 4053 pro
1040 3999 1094 4054 quo
1119 3984 1251 4053 interpres
1275 3982 1392 4038 l‘latonis
1411 3983 1490 4039 vortit
1512 3998 1519 4037 ι
1554 3982 1630 4050 and

834 4056 940 4110 discere
959 4053 1034 4111 nibil
1057 4052 1136 4109 aliud
1158 4055 1196 4108 sit
1216 4053 1304 4117 uobis,
1321 4070 1406 4125 artam
1429 4053 1587 4116 recordari,·
1603 4061 1630 4107 et

835 4127 985 4181 seeundum
1001 4128 1083 4193 brrnc,
1099 4126 1219 4194 inquam,
1235 4139 1348 4179 necesse
1363 4132 1404 4176 est
1422 4139 1472 4176 uos
1493 4127 1519 4174 in
1540 4123 1631 4191 priore

834 4194 950 4265 quodam
974 4201 1096 4249 tempore
1119 4194 1246 4249 didicisse
1270 4209 1382 4263 eaquae
1407 4208 1475 4247 nurrr.
1502 4194 1629 4245 recorda·

834 4282 905 4320 mur.
923 4265 980 4320 Hoc
993 4271 1082 4320 autem
1106 4262 1164 4319 lieri
1187 4279 1240 4318 non
1260 4279 1350 4334 posse,
1366 4264 1389 4317 si
1405 4279 1459 4316 non
1475 4261 1565 4317 luisset
1581 4261 1631 4315 ali-

836 4336 898 4391 cubi
923 4335 1011 4389 anima
1036 4345 1139 4400 nostra,
1164 4335 1319 4406 priu‘qaani
1356 4333 1382 4387 iu
1417 4334 1486 4386 banc
1512 4333 1630 4398 speciem

838 4406 985 4460 deveniret.
1007 4405 1089 4474 Atqui
1109 4420 1172 4459 mox
1192 4411 1218 4458 et
1241 4403 1367 4457 Simmiae
1390 4403 1506 4466 idipsum
1531 4402 1630 4457 ibidem

837 4476 985 4543 coafitetur,
997 4487 1024 4531 et
1036 4474 1127 4531 multis
1142 4473 1289 4529 rationibus
1305 4489 1359 4528 non
1374 4473 1454 4527 modo
1470 4474 1566 4538 Cebes,
1582 4475 1629 4528 sed

834 4558 862 4604 et
876 4547 1066 4616 Socratesipso
1082 4547 1236 4617 paradoxon
1251 4547 1302 4599 boe
1318 4541 1476 4599 crustrmare
1494 4544 1629 4613 nituntur3

835 4635 932 4674 terum
946 4619 1058 4692 egregie
1072 4618 1193 4674 conlutot
1206 4619 1309 4671 unctor
1322 4631 1381 4682 cap.
1398 4628 1476 4684 prox.
1494 4615 1562 4670 Puta.

870 4693 927 4760 (bi)
943 4691 1017 4748 satis
1031 4689 1064 4746 de
1084 4690 1139 4746 islo
1157 4705 1222 4743 cam
1237 4688 1415 4757 Hermopeac.
1431 4683 1531 4740 alludit
1545 4684 1579 4738 ad
1599 4683 1631 4738 li-

835 4763 912 4816 brum
927 4761 960 4816 dc
974 4776 1059 4818 ceretu
1074 4759 1323 4816 daimaeaduerxas
1339 4754 1631 4827 llcrmopcacm,cujus

835 4833 987 4900 fragmenta
1000 4833 1139 4885 ltabeutur.
1156 4831 1226 4884 Part.

871 4904 929 4971 (52)
951 4903 1041 4959 Cicero
1058 4902 1225 4957 thesaurum
1240 4898 1369 4956 omniura
1383 4897 1544 4953 studiorum
1559 4913 1632 4967 proe·

835 4975 949 5030 dicauit.
965 4973 1013 5029 lib.
1028 4988 1047 5039 r,
1064 4973 1097 5028 dc
1115 4973 1231 5030 Oratore
1246 4979 1324 5024 vocat
1346 4972 1514 5026 thesauram
1532 4984 1632 5025 reram

835 5048 963 5103 omnium
977 5045 1155 5101 memoriam.
1164 5041 1352 5110 Cassiodorus,
1363 5056 1391 5095 v.
1409 5041 1482 5108 Ver,
1494 5040 1573 5112 epist.
1584 5043 1630 5104 22,

839 5129 866 5171 et
881 5117 928 5169 lib.
945 5115 1148 5179 denormare
1163 5130 1222 5184 cap.
1240 5115 1283 5166 l2.
1300 5113 1366 5166 bac.

872 5187 927 5258 (53)
945 5186 1014 5244 Cam
1030 5190 1087 5242 toto
1101 5189 1232 5256 supposta
1241 5183 1387 5256 jubarum.
1405 5182 1433 5236 ld
1448 5189 1487 5235 est
1502 5196 1561 5236 cum
1577 5188 1632 5235 toto

836 5264 930 5313 ornatu
954 5275 960 5313 :
981 5257 1094 5313 forsitan
1116 5256 1214 5311 alludit
1228 5255 1260 5309 ad
1275 5254 1382 5319 sianum
1396 5253 1506 5309 coeleste
1523 5252 1630 5313 Leonis,

837 5328 917 5396 cujus
934 5329 968 5383 ad
992 5332 1102 5383 caudam
1124 5338 1189 5382 sunt
1210 5332 1314 5399 septem
1336 5324 1432 5387 stalla,
1454 5338 1521 5393 quaa
1544 5322 1632 5376 crines

836 5417 884 5455 seu
898 5415 1001 5455 comam
1015 5399 1158 5455 Berenices
1173 5403 1329 5467 nuncupant
1352 5397 1491 5465 astrologi.
1514 5394 1588 5472 Lxc.¹

870 5466 1629 5542 -Curatotosoppcsiuy'abarem.lieliciaraBeremce.

837 5540 895 5595 Nou
911 5541 999 5597 semel
1020 5541 1208 5597 adnotat-lmus
1223 5556 1252 5594 su
1275 5549 1379 5610 gestum
1406 5551 1455 5604 pro
1474 5542 1569 5589 ornatu
1585 5545 1632 5586 ac·

837 5611 889 5683 cipi
904 5611 939 5667 ab
953 5613 1080 5668 Auctore.
1096 5610 1178 5683 Atqui
1200 5554 1274 5681 quoi
1295 5610 1329 5663 ab
1354 5604 1469 5675 alicujus
1492 5600 1633 5659 Berenices
