3840 6134
128 324 195 387 toti

781 297 948 384 1141444
966 315 1115 380 14111144.

1709 320 1778 386 tuat

126 448 201 507 arida
228 446 263 503 sit
287 452 349 501 cute
376 443 568 512 1444414441
596 454 691 504 contre
715 446 832 519 ungulas
859 458 923 501 cor·
941 446 1084 533 fleterna
1096 439 1278 515 dignioribus,
1302 442 1353 499 hoo
1371 446 1440 513 puto
1463 439 1639 512 obligatum⁵
1660 455 1694 497 ne
1707 441 1778 498 mori

127 552 193 595 neae
206 533 274 608 (40);
295 532 439 604 praemissu
450 533 507 602 iem
523 533 665 609 sanguinis
679 549 760 592 succo
775 531 847 608 (41),
862 542 925 590 tan·
977 529 1066 595 uellet,
1083 539 1218 602 postremo
1232 531 1293 604 ipso
1307 529 1504 587 tribunalisdie
1522 528 1777 588 lnoesummacon·

126 640 209 700 quarn
223 621 320 679 animae
334 619 533 692 impedimentis
559 622 627 696 (42),
647 631 808 697 properante
828 624 884 695 jam
898 631 927 680 et

126 713 196 784 ipsa,
216 711 346 785 quaejam
365 724 439 780 saepe
455 710 584 781 jejunans
609 721 724 769 mortem
747 712 781 769 de
799 711 926 784 proximo

127 803 202 859 norit
216 818 223 854 :
240 800 319 870 plane
334 804 457 853 restium
471 807 512 854 cst
535 800 563 854 in
577 802 732 858 carceribus
746 803 862 873 popinas
875 815 927 857 ex-

128 893 223 948 hibere
247 888 411 959 martyribus
435 888 546 944 incertis
566 890 623 962 (43)
649 908 682 947 44
705 892 927 950 cousuetudinem

127 984 252 1053 qnaerant
265 978 335 1050 (44),
351 992 386 1031 44
406 977 504 1033 taedeat
521 979 593 1047 uitoe,
610 996 644 1036 ne
667 997 735 1039 nora
753 983 926 1039 abstinentiae

127 1067 271 1140 disciplina
298 1067 524 1132 scandalizentur,
552 1086 633 1140 quem
652 1086 701 1126 nec
729 1071 773 1127 ille
796 1072 930 1143 pristinus

128 1166 218 1216 uester
233 1172 287 1213 nun
301 1156 471 1213 Christianus
489 1155 570 1213 911
595 1167 696 1228 martyr
710 1160 835 1232 attigerat
851 1160 926 1233 (te);

128 1261 212 1319 quem
225 1253 252 1301 et
266 1244 392 1300 facultate
407 1244 419 1282 ³
433 1246 563 1302 custodiae
578 1247 672 1303 114444
686 1248 743 1320 (to)
769 1249 924 1323 aliquandiu

129 1333 228 1392 lartum
243 1335 256 1373 4
270 1333 397 1389 omnibus
415 1334 517 1390 balneis
531 1336 610 1407 quasi
620 1338 781 1409 baptismate
810 1339 930 1396 meliori·

129 1422 192 1494 bus,
211 1431 238 1480 et
250 1422 376 1481 omnibus
389 1422 502 1480 luxuria
526 1426 677 1483 secessibus
700 1428 778 1499 quasi
800 1430 930 1488 Eccleaiae

131 1511 336 1578 secretioribus,
350 1519 377 1568 et
389 1512 516 1569 omnibus
530 1515 593 1569 vitoe
608 1515 688 1572 istius
701 1515 837 1575 illecebris
850 1520 927 1591 quasi

979 618 1034 675 dito
1048 635 1121 677 mero
1136 630 1262 692 tanquam
1276 620 1396 677 antidoto
1411 619 1633 693 praemedicatum
1647 621 1717 690 (47),
1739 621 1777 678 114

980 709 1143 778 enervastis,
1166 717 1196 766 ut
1218 710 1311 780 paucis
1335 710 1444 784 ungulis
1471 709 1602 776 titillatus,
1627 710 1679 767 hou
1705 711 1776 766 enim

980 798 1097 855 ebrietas
1111 798 1243 854 sentiebat
1256 799 1325 870 (48),
1341 813 1422 873 quem
1441 798 1586 853 Dominum
1605 798 1776 855 confiteretur

980 887 1157 963 interroganti
1175 888 1281 961 praesidi
1304 888 1470 961 respondere
1492 902 1547 944 non
1575 889 1691 959 potuerit
1714 905 1772 945 am·

981 978 1063 1052 plius.
1089 961 1179 1050 d'tque
1199 977 1234 1032 ita
1261 976 1296 1033 de
1314 977 1366 1032 huc
1381 976 1438 1046 jem
1451 983 1574 1033 extortus
1593 976 1691 1048 6(49),
1712 993 1776 1033 oum

981 1067 1116 1141 singultus
1129 1078 1157 1123 et
1174 1073 1267 1123 ructus
1280 1065 1354 1122 solos
1368 1065 1490 1131 haberet,
1505 1066 1532 1122 in
1551 1066 1609 1136 ipse
1630 1065 1776 1139 negatione

985 1157 1098 1230 digessit
1111 1157 1123 1197 1
1138 1154 1280 1228 (40111144
1293 1153 1444 1210 sobrietatis
1463 1154 1632 1224 disciplinam
1641 1154 1689 1227 qui
1703 1170 1790 1225 4444·-

986 1247 1076 1305 dicant
1096 1243 1358 1318 pseudopropheta,
1379 1241 1442 1298 ideo
1467 1243 1586 1300 haretici
1612 1244 1657 1316 qui
1685 1244 1778 1299 obser·

984 1345 1058 1396 rant.
1072 1335 1142 1406 Quid
1155 1347 1221 1408 ergo
1235 1332 1347 1390 cessatis
1360 1331 1536 1403 Paracletum,
1552 1347 1633 1404 quem
1652 1331 1680 1386 in
1700 1333 1778 1388 blon-

985 1435 1049 1482 tano
1063 1423 1178 1497 negatis,
1195 1423 1224 1479 in
1251 1422 1346 1494 Apicio
1359 1422 1496 1479 credere?
1518 1421 1696 1478 Praescribitis
1712 1436 1777 1477 con·

984 1517 1061 1573 tituta
1075 1530 1136 1571 esse
1151 1513 1282 1569 solemnia
1296 1511 1359 1570 hnic
1370 1510 1434 1567 lidei
1458 1511 1601 1583 scripturis
1631 1509 1673 1567 uel
1693 1509 1777 1565 tredi-

166 1691 179 1730 ³
193 1689 280 1759 Quam
294 1689 461 1748 extenuitate
481 1691 541 1751 cod.
562 1618 1155 1767 11441444.14444Χιᾶἓ4ῗ441ῗξῑ8ἓ1ξ4144
1170 1691 1255 1749 Senot.
1271 1689 1284 1729 ⁶
1310 1691 1427 1746 Exortus
1441 1690 1526 1747 Seml.
1541 1689 1552 1726 ⁷
1567 1687 1697 1745 Discessit
1709 1680 1776 1751 144.

170 1840 229 1909 (40)
244 1841 279 1896 lte
293 1845 393 1896 contro
407 1842 528 1924 onqntos
549 1843 675 1903 corraeos.
700 1847 773 1904 luter
794 1769 1141 1946 tuggonnltlgegtlffgguosbiisse
1154 1842 1280 1900 4444144
1304 1839 1393 1914 gloria
1416 1840 1662 1911 philosophantem,
1678 1855 1710 1920 au
1724 1841 1775 1895 de-

131 1911 350 1983 erantungulae3
371 1927 535 1982 acprimum
559 1917 678 1986 quidem,
699 1924 928 1978 utexuucabulo
984 1935 1056 1975 mum
1083 1917 1196 1972 Athenis
1222 1916 1316 1969 insana
1345 1911 1486 1985 quaerendi
1510 1912 1613 1967 nomini
1645 1911 1777 1982 cupidine

132 1980 817 2064 444114444441,4414414144111411441414,1141444
836 2008 929 2048 earum
985 1992 1124 2063 percitum,
1148 1995 1298 2043 convocata
1320 1984 1505 2047 multitudiue,
1526 1993 1666 2065 postquam
1695 1984 1778 2037 verba

134 2050 248 2108 lerinam
270 2051 390 2131 terreae:
407 2055 440 2109 iis
468 2056 551 2111 latera
570 2061 732 2117 miserorum
754 2063 927 2129 deradebant,
983 2063 1068 2119 multe
1082 2061 1114 2116 de
1137 2065 1291 2129 contemptu
1313 2057 1407 2111 mortis
1433 2054 1567 2119 iecisset,
1590 2071 1618 2109 11¹
1638 2053 1778 2108 ardentem

132 2123 188 2205 Ι441,
206 2132 234 2176 41
248 2122 341 2177 dixere
357 2128 478 2196 quidam,
497 2129 660 2202 scribebant,
676 2133 867 2190 charaxabant.
886 2135 931 2190 Ait
984 2149 1085 2207 rogum
1097 2131 1233 2194 insiliisse,
1244 2144 1293 2183 neo
1304 2129 1390 2184 visum
1401 2125 1524 2197 amplius.
1540 2127 1684 2196 hlartyrem
1697 2125 1778 2179 istum

133 2202 216 2266 igitur
231 2195 389 2264 Septimius,
405 2206 494 2251 cutem
516 2200 627 2268 iejuniis
642 2202 743 2258 aridam
759 2213 787 2259 et
805 2221 930 2262 corneam
984 2204 1176 2275 qualiscunque
1194 2200 1284 2265 luerit,
1299 2198 1466 2269 Psychicum,
1483 2197 1509 2253 id
1532 2208 1575 2253 est
1597 2196 1775 2261 Catholicum,

134 2265 263 2322 adversus
289 2267 444 2337 hujusmodi
470 2278 602 2327 tormenta
625 2274 836 2332 constantiorem
860 2276 929 2333 iore.
984 2276 1068 2332 luisse
1081 2277 1117 2328 ait
1128 2272 1283 2342 Septimius,
1298 2285 1353 2325 uon
1367 2269 1564 2327 Christianum:
1578 2269 1641 2341 quia
1655 2277 1777 2324 tormen-

134 2337 197 2395 Rffi·
337 2408 342 2418 ,
986 2347 1018 2403 114
1037 2347 1160 2401 admotus
1174 2343 1309 2398 Christum
1327 2348 1480 2413 negaverat.
1501 2341 1677 2412 Peregrinum
1697 2354 1778 2395 suum

145 2406 930 2487 t(lt)ProemrssojumsangoinissoccoPraemissosci-
984 2417 1119 2472 lucianus
1134 2413 1227 2470 scribit
1249 2413 1276 2467 in
1300 2427 1433 2468 carcerem
1460 2413 1621 2482 conjectum,
1638 2419 1779 2483 propterea

133 2476 427 2559 inconcinnaque
445 2484 503 2550 jani
517 2490 544 2536 et
558 2483 616 2554 ipse
643 2494 715 2541 tutus
728 2498 867 2560 properet.
886 2490 931 2547 Sic
984 2489 1057 2560 quod
1084 2486 1219 2542 Christum
1247 2484 1367 2549 coleret,
1398 2503 1438 2536 τον
1465 2483 1543 2554 μέγαν
1569 2482 1659 2536 ἐκεῖνον
1684 2483 1778 2552 daupu-

134 2550 201 2634 elibi
223 2550 290 2606 dixit
304 2552 469 2632 premissam
493 2568 616 2622 uxorem,
636 2558 792 2628 praemissos
817 2561 928 2631 liberos,
984 2562 1028 2614 nti
1064 2557 1088 2612 tu
1116 2557 1267 2624 Παλαιστίνη
1295 2555 1528 2610 ἀνασκολοπισθέντα
1555 2553 1699 2611 4441441141
1729 2569 1778 2609 ec-

132 2636 190 2693 yem
205 2620 303 2676 saeoulo
317 2623 463 2695 digressos.
477 2625 538 2680 Riu.
983 2632 1099 2688 currisse
1115 2629 1302 2694 Christianos,
1319 2627 1358 2684 uti
1385 2627 1491 2689 fratres.
1517 2636 1597 2698 atque
1625 2625 1780 2681 omnimode

155 2693 932 2773 ,(4411444441444144141444414444114.14ιρ4111144414
985 2702 1080 2758 solatia
1098 2700 1267 2765 contulisse;
1290 2698 1354 2769 quin
1379 2698 1542 2753 etiamnum
1567 2712 1599 2752 eo
1623 2695 1650 2751 in
1674 2709 1780 2751 caruere

134 2763 339 2846 dioitmilitari·
355 2765 708 2847 significatuxtihristianns
730 2773 786 2841 jam
806 2773 931 2843 plurimis
1004 2771 1165 2830 ermansisse
1189 2786 1221 2826 ao
1246 2778 1438 2840 pernoctasse,
1469 2767 1605 2839 corruptis
1634 2765 1778 2823 custodiis.

134 2843 280 2890 emaciatns
304 2853 414 2903 yeyuniis
444 2839 572 2907 praemisit
585 2842 619 2896 ad
634 2841 782 2897 Dominum
797 2846 866 2900 hauc
889 2846 929 2899 sui
984 2789 1047 2899 Bru.

135 2912 250 2977 partem,
267 2910 426 2979 sanguinein
445 2926 524 2965 suum
539 2911 651 2978 scilicet,
672 2923 797 2985 tanquam
813 2916 929 2986 impedi·
1019 2917 1077 2987 (44)
1091 2914 1242 2971 1441111414
1255 2910 1381 2967 custodio
1398 2911 1500 2967 1414414.
1516 2908 1649 2966 Lucienus
1667 2909 1780 2979 eapost-

136 2985 226 3032 uienta
247 2994 305 3044 sua,
327 2991 455 3052 tanquam
482 2996 557 3048 vasa,
573 2991 699 3056 tanquam
724 2986 930 3056 supellectilem.
985 3006 1066 3059 ροιντει
1080 2987 1135 3044 τοὺς
1148 2984 1334 3056 δεσμοφίιλοοιας
1349 2983 1411 3038 Rio-

135 3046 224 3131 Quam
237 3048 328 3118 grauis
343 3053 386 3131 bic
404 3052 580 3176 (444414ῑί444
595 3056 703 3122 doctor,
719 3071 780 3111 cum
791 3057 850 3113 istis
864 3040 970 3127 jeju-B
1022 3057 1079 3129 (47)
1098 3056 1449 3125 04441144444,14444444
1460 3051 1782 3124 antioonproemeotcn-

133 3133 190 3174 niis
204 3123 393 3203 tam‘eiisteris
429 3123 501 3178 Sene
516 3124 601 3181 miror
615 3126 641 3180 in
658 3125 733 3182 libris
747 3129 931 3202 exsanguibus
987 3134 1058 3185 tom.
1080 3127 1148 3183 Vino
1165 3126 1301 3196 myrrhato
1318 3127 1495 3194 consopitum,
1511 3125 1627 3196 myrrhae
1649 3140 1779 3195 praesum·

134 3200 163 3246 et
180 3206 289 3246 corneis
304 3202 407 3249 tantum
428 3195 541 3266 ingenii,
559 3208 659 3253 tantum
674 3201 848 3267 amaenitatis,
868 3209 932 3255 tan·
986 3200 1077 3271 ptiune
1091 3197 1270 3254 obfirmatum.
1287 3196 1317 3250 ln
1342 3195 1454 3251 historia
1469 3196 1604 3266 passionis
1627 3195 1779 3262 Fructuosi,

135 3268 195 3316 tuin
210 3261 412 3336 elegantiarum.
424 3267 486 3321 iliu.
985 3270 1101 3343 Augurii
1116 3279 1142 3327 et
1160 3268 1277 3341 Eulogii,
1296 3267 1411 3337 legimus
1429 3268 1548 3323 oblatum
1561 3267 1594 3322 iis
1608 3273 1644 3322 ab
1664 3268 1782 3321 fraterna

160 3332 932 3416 Ι(43)11144444414414441144444441144444144444-
984 3339 1116 3401 'charitate
1134 3340 1337 3396 condimentum
1353 3358 1360 3402 ;
1386 3338 1592 3412 admonitusque
1612 3347 1642 3394 ut
1663 3339 1780 3408 permix-

134 3401 230 3461 lnbcre
241 3408 416 3486 martyribus
430 3410 557 3465 incertis.
575 3410 708 3480 Principio
724 3413 786 3468 libri
801 3415 932 3472 aduersus
987 3424 1042 3469 tum
1063 3413 1188 3486 poculum
1202 3419 1351 3474 sumerent,
1363 3409 1601 3474 dixisse,noudum
1615 3426 1674 3466 esse
1690 3411 1781 3466 hur-im

139 3475 361 3539 Votcntrnionos,
371 3481 487 3551 14411444
497 3496 558 3535 4444
567 3482 603 3536 411
611 3486 737 3551 fratrom
745 3483 931 3553 charitatem
986 3484 1108 3543 solvendi
1128 3483 1234 3554 jejunii.
1249 3483 1353 3551 Nempe
1377 3481 1506 3552 agebatur
1525 3484 1591 3536 hora
1607 3481 1658 3536 diei
1674 3487 1780 3550 quarta,

133 3552 163 3600 ot
178 3546 199 3600 l.
214 3547 343 3604 aduersus
356 3552 495 3618 Praxeam,
505 3554 623 3623 majoris
635 3570 744 3627 semper
753 3557 933 3614 credentium
987 3556 1130 3612 1441441444
1144 3563 1239 3626 quarta
1253 3570 1260 3608 ε
1278 3568 1331 3623 qua
1356 3551 1422 3606 14414
1442 3553 1491 3618 1111,
1507 3555 1588 3608 etiam
1611 3552 1638 3606 in
1662 3565 1780 3614 carcere,

133 3621 249 3690 purtem
262 3621 404 3694 simplices
417 3628 444 3678 41
465 3623 573 3679 1414144.
591 3625 638 3681 1114
655 3642 718 3699 ergo
735 3627 889 3683 homiuibus
905 3628 932 3683 id
986 3629 1131 3684 stationem
1155 3626 1188 3681 de
1206 3639 1281 3680 more
1306 3623 1486 3679 celebrabant.
1512 3623 1566 3679 Sed
1590 3637 1637 3679 cnr
1662 3621 1783 3677 fraterne

133 3693 936 3813 genusexprubrareuideturbeneficentissimaecharitasut·
986 3697 1165 3755 illacharitas
1193 3695 1258 3751 teria
1284 3701 1379 3765 quarta
1408 3694 1612 3750 condimentum
1637 3691 1780 3758 ottereuat,

154 3774 198 3814 cia
212 3776 239 3814 in
249 3762 422 3835 Peregrinum
433 3765 691 3837 illumimpostorem
703 3770 931 3841 collate,quitan·
987 3786 1047 3827 cuni
1073 3776 1148 3825 sexta
1175 3774 1278 3822 tautum
1302 3767 1366 3822 14414
1387 3765 1460 3821 ducti
1482 3765 1535 3821 sint
1555 3772 1702 3835 martyres,
1731 3761 1783 3818 nisi

136 3832 199 3910 deni
219 3834 339 3903 agnitus,
355 3844 381 3890 41
400 3836 552 3891 Christiana
566 3840 756 3895 communione
772 3841 900 3912 depulsus
915 3859 930 3897 a
986 3844 1050 3914 quia
1065 3848 1190 3910 putarent
1204 3840 1262 3909 ipse
1279 3836 1343 3892 ieria
1353 3845 1446 3907 quarte
1461 3836 1622 3894 ducendos‘t
1636 3838 1781 3903 Caeterum,

135 3900 255 3958 Lucxano
279 3906 451 3986 describitur,
465 3910 543 3977 ouJ'us
562 3908 643 3963 atiani
666 3913 736 3965 inter
760 3912 928 3968 ethnicorum
986 3914 1161 3984 imposturam
1186 3912 1312 3981 martyrio
1334 3907 1430 3964 iecisse
1449 3909 1585 3970 videritnr,
1608 3907 1654 3980 qui
1677 3906 1782 3976 inipso

134 3975 259 4044 exempla
278 3977 400 4031 meminit
414 3977 559 4048 Septimius
579 3979 623 4037 lib.
641 3981 677 4036 ud
691 3982 839 4053 llortyros.
987 3983 1107 4055 martyrii
1135 3981 1276 4055 procinctu
1311 3995 1424 4051 corpora
1444 3980 1484 4035 sic
1509 3981 1640 4047 curabant
1669 3995 1729 4044 sua,
1755 3986 1784 4032 ut

170 4073 204 4083 -
220 4047 341 4119 Popinos
364 4049 503 4108 44111444.
525 4051 659 4106 Lucienus
680 4048 850 4107 mutndocudm
876 4061 932 4123 μιτ’
987 4057 1121 4111 cruciatus
1146 4062 1172 4108 et
1196 4057 1329 4108 tormenta
1347 4050 1457 4105 minime
1472 4055 1612 4106 sentirent.
1634 4050 1701 4105 Nam
1723 4064 1783 4119 444

135 4114 231 4180 αὑτοῦ,
264 4119 440 4190 διαφθείροντες
467 4123 520 4181 τοὺς
547 4123 624 4192 ocupa
651 4122 767 4193 φύλακας,
781 4116 834 4177 siaa
848 4119 934 4178 διῖπνιι
986 4123 1147 4190 4444144114,
1163 4139 1258 4194 quaeve
1272 4120 1361 4201 gloria
1376 4120 1516 4176 medicatae
1536 4121 1653 4192 potionis
1676 4120 1783 4188 crapula
1870 4142 1878 4156 ·

133 4185 233 4239 noraha
252 4190 423 4263 εἰσεκομίζετο.
988 4195 1138 4265 consopito,
1152 4194 1279 4249 sensibus
1293 4191 1477 4264 interceptis?
1493 4194 1556 4247 llio.

171 4285 208 4297 -
223 4259 389 4333 ltortyribus
403 4266 530 4320 incertis.
547 4263 669 4330 Quorum
684 4262 751 4319 tides
761 4264 852 4319 minus
868 4281 933 4337 epe·

135 4335 219 4395 cteta,
234 4347 322 4402 neque
338 4333 402 4389 satis
417 4335 567 4403 explorata.

172 4398 230 4470 (44)
242 4403 280 4460 Nc
294 4406 528 4463 consuetudinem
540 4409 678 4479 quaerunt.
694 4406 732 4461 Ne
746 4417 885 4479 consueta,
900 4423 935 4465 ne

139 4541 226 4598 domi.

174 4611 234 4685 (45)
245 4617 283 4673 Ne
297 4633 369 4674 novo
383 4617 566 4676 abstinentie
579 4618 731 4692 decipitne
745 4599 936 4679 4444114114εῆ-

138 4689 199 4751 144,
209 4703 292 4759 quom
305 4704 357 4746 nec
372 4689 422 4746 1114
435 4691 575 4763 pristinus
586 4696 744 4749 nosternon
757 4693 936 4750 Christianus

137 4762 251 4830 martyr
264 4762 408 4831 attigeret.
420 4762 574 4832 legendum
590 4764 752 4819 arbitramur
776 4764 935 4837 pristinem

137 4832 248 4911 uester..
262 4830 318 4886 lloc
335 4841 376 4887 est
389 4833 524 4904 quondam
539 4843 636 4898 voster,
649 4808 875 4902 quemadmodum
885 4835 936 4891 ini-

139 4907 179 4956 tio
189 4900 390 4961 libriodoerstts
400 4906 532 4961 1444444
542 4903 611 4959 dixit
617 4907 773 4977 pristinem
783 4907 888 4965 doctor.
904 4907 935 4964 ln

138 4971 211 5026 hano
226 4986 288 5029 vero
303 4973 442 5031 historiam
456 4984 635 5102 (4441444441
650 4977 806 5046 Septimus,
819 4980 935 5049 plurima

136 5042 275 5168 {quadrant
288 5060 383 5100 eorum
397 5063 457 5118 quae

166 5121 253 5169 amet
272 5115 352 5171 istum
382 5118 454 5189 apud
483 5117 649 5175 Christianos
665 5118 693 5173 in
721 5123 790 5175 lenia
804 5131 831 5174 41
849 5122 936 5192 pretio

140 5185 298 5257 aliquandiu
313 5186 396 5244 fuisse
425 5189 516 5254 retent,
543 5205 575 5245 ac
596 5197 706 5261 propter
732 5190 839 5248 habitos
854 5193 887 5248 ab
903 5209 936 5251 eo

141 5270 193 5326 per
206 5258 308 5330 oppida
320 5259 405 5329 Syriae
420 5262 452 5314 114
467 5259 575 5316 Christo
588 5275 737 5328 sermones,
752 5266 933 5333 cumprehen-

140 5340 213 5406 sum,
230 5329 395 5402 missumque
419 5332 447 5386 in
474 5347 618 5397 carcerem,
643 5341 723 5402 atque
740 5332 841 5391 ibidem
855 5335 934 5391 Chri-

140 5408 291 5478 suauorum
302 5402 431 5458 charitate
441 5418 472 5458 ae
483 5403 572 5460 studio
581 5402 784 5475 diligentissime
800 5416 934 5475 curatum,

139 5484 228 5552 coenis
245 5487 331 5553 'omne
358 5489 446 5545 genus
472 5474 561 5546 illatis,
582 5489 645 5530 mox
668 5490 716 5547 per
744 5477 934 5536 humanitatem

139 5542 268 5614 praesidis
296 5543 423 5602 emissum
442 5561 558 5603 carcere.
584 5548 680 5604 Postea
703 5562 767 5604 iero
788 5548 824 5603 ob
838 5548 935 5605 delicta

139 5612 278 5683 quasdam,
289 5615 479 5674 abchristianu
496 5617 633 5675 consortio
651 5618 934 5689 4144444444-

489 5045 601 5103 uoiunns
610 5049 643 5103 de
654 5049 798 5132 Peregrino
813 5049 932 5107 tradidit.

137 4486 188 4526 sua
203 4472 403 4548 desiderent,ut
416 4477 515 4534 lautius
533 4478 560 4533 in
573 4477 726 4533 carceribus
738 4476 839 4546 vivant,
852 4495 934 4551 quam
952 4497 975 4576 n

1022 4266 1080 4336 (48)
1091 4267 1123 4322 111
1132 4261 1654 4336 paucisnnpattstr'tittutus,bocenirn
1664 4259 1784 4318 ebrietur

988 4335 1137 4395 sentiebat.
1154 4336 1192 4388 lta
1206 4335 1363 4402 consopitus
1377 4333 1475 4395 luerat,
1487 4341 1516 4387 ut
1531 4332 1648 4404 ungulas
1661 4334 1784 4388 admotas

987 4406 1064 4481 quasi
1078 4404 1209 4462 titillantis
1228 4418 1338 4458 manum
1353 4412 1497 4474 pateretur.
1511 4404 1573 4458 iliu.

1026 4477 1083 4551 (49)
1097 4479 1185 4551 Atque
1199 4477 1242 4531 itu
1256 4475 1290 4532 de
1303 4473 1353 4529 boc
1363 4475 1428 4545 jorn
1441 4478 1580 4531 extortor.
1597 4470 1678 4542 Quod
1702 4472 1785 4529 inter·

991 4549 1097 4623 roganti
1111 4548 1220 4620 praesidi
1234 4561 1288 4602 non
1304 4544 1490 4616 responderet.
1513 4546 1689 4618 Peregrinum
1703 4560 1785 4602 suum

988 4622 1121 4750 lfiucianns
1135 4627 1266 4677 extortum
1282 4614 1365 4673 luisse
1379 4630 1433 4671 non
1453 4615 1543 4682 tradit,
1558 4617 1614 4672 imo
1631 4616 1783 4674 dimissum.

1013 4708 1051 4758 iu,

1023 4757 1785 4835 (51144444444114441444144441441414441,141444

988 4839 1134 4907 nepotiane
1152 4834 1275 4905 dicessit.
1293 4833 1412 4889 Honeste
1433 4829 1564 4886 uocabulo
1583 4829 1783 4904 ioedumnego·

989 4908 1054 4964 tium
1069 4903 1213 4980 significat.
1229 4904 1296 4959 Nam
1320 4903 1364 4958 hic
1376 4901 1507 4957 Pristinus
1526 4900 1608 4957 nimia
1622 4902 1676 4956 vini
1697 4917 1729 4958 ae
1747 4900 1786 4955 oi·

988 4979 1082 5035 buruni
1111 4977 1187 5046 copia
1213 4976 1308 5041 fartus,
1338 4973 1454 5030 admotis
1483 4974 1624 5030 tormentis
1647 4973 1786 5030 Christum

988 5051 1106 5122 negavit,
1122 5058 1201 5119 etque
1216 5049 1244 5103 in
1263 5046 1271 5102 i
1292 5062 1322 5102 sa
1345 5045 1489 5118 negatione
1512 5045 1584 5102 iuter
1611 5044 1746 5119 singultus
1759 5051 1787 5100 et

990 5130 1093 5190 ructus,
1116 5121 1175 5177 alvo
1199 5064 1300 5191 periise
1327 5117 1422 5199 laxate,
1440 5115 1505 5174 lecit
1535 5119 1609 5189 quod
1628 5117 1657 5173 iii
1685 5117 1786 5174 41114414

989 5192 1082 5249 tabula
1100 5192 1206 5257 Lucius,
1223 5207 1285 5247 uum
1299 5190 1332 5245 ab
1351 5202 1426 5244 asino
1439 5204 1488 5244 suo
1512 5188 1652 5246 4444111444
1670 5189 1782 5260 abegit:

989 5281 1037 5320 seu
1052 5264 1125 5336 quud
1142 5265 1257 5319 moriens
1270 5259 1397 5317 Claudius
1410 5260 1570 5334 Caussaque
1586 5271 1660 5333 parte
1670 5259 1785 5325 lucilius,

989 5337 1075 5391 nteit
1094 5337 1212 5407 Seneca,
1233 5333 1408 5405 loquebatur.
1423 5332 1477 5388 Sed
1500 5334 1638 5405 quomodo
1662 5330 1781 5402 negarit,

989 5408 1036 5478 qui
1050 5423 1108 5479 prae
1117 5407 1269 5463 temulentia
1280 5405 1355 5460 solos
1368 5403 1636 5474 singultusetructus
1650 5400 1783 5457 haberet?

987 5480 1108 5552 Negasse
1124 5479 1258 5536 Christum
1284 5478 1396 5543 ridetur,
1413 5475 1460 5547 qui
1483 5490 1531 5545 per
1554 5471 1782 5552 ebrietatemleri·

989 5561 1085 5695 Ι1314441
1097 5549 1282 5679 differtyrii
1293 5563 1403 5607 4444444
1414 5555 1441 5603 et
1454 5544 1590 5618 preclarae
1604 5543 1784 5602 confessionis

1017 5636 1113 5678 oriam.
1184 5660 1191 5678 .
