3840 6134
132 282 181 342 393
732 281 795 342 utu.
816 281 849 342 lt
869 282 946 345 nbi.
965 284 1168 346 MARCIONEM.
1720 301 1772 362 394

131 406 175 463 aed
206 403 388 477 apostolicus;
417 419 472 459 uon
510 404 650 477 magister,
680 405 726 461 sed
763 406 920 478 discipulus,
937 394 1114 479 stlivangelii
1142 410 1369 481 depravationem.
1401 415 1536 472 Christum
1564 419 1619 489 jum
1654 432 1770 492 accusat,

130 495 222 566 ntique
250 494 382 566 magistro
408 494 516 561 minor;
555 503 626 551 certe
664 503 736 552 tanto
775 496 920 569 posterior,
977 499 1125 553 accusando
1144 514 1213 570 quos
1241 501 1363 557 Christus
1386 502 1479 578 elegit.
1508 505 1537 561 Si
1565 522 1630 565 vero
1657 512 1771 581 apostoli

129 591 227 656 manto
263 581 422 653 posterioris
448 583 562 654 apostoli
599 590 724 655 sectator,
749 585 825 641 Pauli
862 586 922 640 sine
977 584 1236 660 quidemintegrum
1261 591 1435 662 Evangelium
1451 596 1633 663 coutulerunt,
1654 600 1688 655 de
1715 606 1772 659 sola

128 671 209 729 dubio
225 689 232 729 :
250 679 288 738 ut,
304 672 355 727 etsi
368 672 419 728 sub
433 671 518 743 ipsius
529 671 604 728 Pauli
619 673 727 729 nomine
741 674 920 745 Evangelium
977 673 1115 730 convietus
1147 676 1326 747 inaequalitate
1363 682 1530 751 reprehensi,
1570 688 1772 759 pseudapostoli

125 759 243 818 Marcion
260 758 405 826 intulisset,
426 775 482 816 non
496 759 633 818 suiticeret
646 762 679 817 ad
694 759 775 818 fidem
798 762 921 835 singula·
976 768 1066 816 autem
1097 764 1233 820 veritatem
1261 782 1356 823 eorum
1384 769 1625 843 interpolaverunt,
1659 784 1685 831 et
1711 778 1772 833 inde

124 850 187 906 ritas
220 848 405 917 instrumenti,
435 848 564 905 destituta
593 850 739 920 patrocinio
763 859 920 909 antaeeaso-
976 857 1038 905 sunt
1071 859 1162 907 nostra
1190 853 1311 927 digesta;
1339 857 1414 929 quod
1442 858 1494 914 erit
1521 875 1680 931 germanum
1706 864 1771 920 illud

127 955 198 1008 rum;
214 939 372 1009 exigeretur
393 937 466 993 enim
484 938 512 993 id
525 954 631 1010 queque
646 939 821 1012 Evangelium
849 940 922 1011 quod
976 938 1160 1008 apostolorum
1175 941 1393 1010 instrumentum,
1408 946 1481 1018 quod
1506 949 1640 1006 adulteros
1662 967 1770 1022 passum

128 1028 226 1085 Ριιιιιιε
239 1026 354 1097 invenit,
369 1026 412 1082 oui
428 1025 509 1082 fidem
527 1026 611 1098 dedit,
627 1027 671 1083 cui
687 1043 749 1083 mox
762 1044 842 1085 suum
857 1045 921 1086 con-
975 1033 1016 1083 est
1028 1026 1130 1096 iQuod
1145 1029 1257 1087 Paulum
1271 1030 1431 1089 illuminavit
1444 1043 1469 1090 ot
1484 1036 1518 1091 ab
1533 1051 1567 1092 eo
1583 1038 1703 1094 lucam?
1717 1039 1773 1096 Aut

125 1132 220 1191 gmere
246 1115 350 1190 gestiit.
374 1115 514 1188 Siquidem
537 1116 643 1187 (Galat.
668 1133 700 1183 rr,
725 1117 750 1187 ll
777 1125 921 1189 propterea
975 1115 998 1170 si
1021 1123 1074 1169 tam
1094 1116 1214 1174 lunditus
1236 1118 1353 1176 deletum
1378 1127 1429 1188 est,
1457 1130 1487 1178 ιιι
1512 1124 1675 1196 cataclysmo
1701 1142 1773 1199 quo·

126 1206 344 1278 Memolpntcm
365 1203 494 1262 ascendit
507 1205 544 1261 ed
563 1206 764 1275 cognoscendos
782 1208 921 1279 apostolos
974 1202 1048 1270 dam,
1086 1203 1122 1258 ita
1162 1204 1337 1262 inundatione
1374 1208 1544 1266 falsariorum
1584 1211 1770 1284 obliteratnm;

126 1290 364 1359 etoonsultandos,
379 1308 416 1349 ue
429 1293 505 1362 sorte
519 1293 552 1348 in
565 1308 688 1349 vacua-m
698 1295 880 1364 cucurrisset,
893 1295 920 1350 id
974 1289 1029 1364 jam
1045 1307 1111 1367 ergo
1130 1308 1181 1349 nec
1195 1295 1310 1351 Marcion
1335 1297 1416 1351 babet
1429 1312 1532 1356 verum.
1554 1299 1608 1356 Aut
1631 1304 1654 1356 si
1682 1301 1772 1373 ipsum

127 1388 171 1451 est,
185 1397 224 1439 ne
243 1395 301 1437 non
325 1381 474 1439 secundum
492 1380 554 1438 illos
574 1382 741 1455 credidisset,
755 1391 782 1440 et
801 1398 855 1440 nou
878 1398 921 1439 se-
975 1379 1027 1437 erit
1041 1396 1145 1446 verum,
1162 1381 1189 1437 id
1208 1390 1249 1439 est
1267 1384 1462 1455 apostolorum,
1477 1387 1548 1458 quod
1578 1390 1695 1446 Marcion
1720 1392 1771 1446 ba-

127 1474 246 1531 candum
275 1468 338 1528 illos
364 1471 571 1545 evangelizaret.
591 1471 725 1543 Denique,
741 1478 771 1529 ut
793 1487 855 1529 cum
871 1489 920 1528 au·
976 1469 1022 1525 bet
1034 1470 1126 1539 sulus;
1154 1480 1181 1527 et
1196 1473 1330 1544 quomodo
1358 1481 1450 1533 nostro
1465 1485 1604 1546 consonat,
1628 1479 1702 1550 quod
1716 1494 1771 1534 non

127 1560 245 1619 curibus
258 1559 551 1617 contulitetconveuit
580 1560 615 1617 de
641 1560 824 1632 regulatidei,
850 1562 920 1616 dex·
976 1559 1171 1628 apostotorum,
1188 1559 1236 1614 sed
1251 1560 1332 1617 Lucae
1352 1561 1478 1629 refertur,
1500 1571 1548 1619 aut
1566 1564 1588 1619 si
1604 1580 1658 1622 non
1681 1567 1771 1621 statim

128 1660 193 1707 teras
211 1648 360 1714 miscuere,
390 1657 418 1704 et
444 1647 542 1705 exindo
569 1646 659 1705 officia
686 1649 922 1721 praedicandidis-
977 1646 1056 1702 tneae
1077 1646 1263 1720 deputandum
1288 1655 1339 1716 est,
1363 1664 1417 1719 quo
1442 1649 1561 1708 Marcion
1581 1655 1681 1725 utitur;
1709 1655 1772 1727 quia

129 1736 273 1802 tinxerunt,
294 1744 324 1792 ut
337 1735 377 1791 illi
393 1736 420 1791 in
437 1734 557 1802 ludens,
585 1735 686 1791 Paulus
712 1736 740 1792 iu
763 1737 873 1793 ludaeos
895 1746 923 1793 ot
940 1706 962 1784 Β
977 1742 1068 1792 nostro
1095 1743 1236 1801 eonsnnat,
1257 1736 1360 1792 scilicet
1387 1737 1536 1794 adulterato
1550 1741 1628 1796 etiam
1642 1743 1712 1799 eirca
1736 1744 1771 1797 ti-

132 1823 304 1881 iuuationes.
319 1822 404 1897 igitur
422 1824 445 1878 si
458 1823 517 1894 ipse
533 1821 696 1880 illuminator
719 1822 811 1891 Lucae,
828 1832 922 1881 aucto·
977 1824 1075 1892 tulum,
1089 1832 1216 1881 caeterum
1236 1825 1261 1864 ²⁰
1287 1825 1472 1895 apostolorum
1491 1835 1546 1898 est,
1569 1829 1626 1899 jam
1652 1845 1718 1901 ergo
1746 1841 1772 1886 et

136 1914 237 1970 nutem
259 1921 463 1970 antecessorum
494 1912 518 1950 ¹⁸
546 1920 573 1970 et
599 1911 662 1968 fidei
688 1920 717 1969 et
738 1913 924 1985 predicationi
976 1919 1099 1968 nostrum
1121 1914 1243 1987 quodilli
1271 1921 1413 1981 consonat,
1437 1917 1708 1988 aequeapostolorum
1723 1928 1771 1985 est,

137 2017 188 2059 sue
210 2002 318 2072 optavit,
348 2011 449 2074 quanto
476 2002 564 2074 magis
585 2017 642 2058 eam
672 2001 818 2073 Evangelio
845 2001 924 2058 Lucae
977 2003 1026 2059 scd
1039 2002 1216 2059 adulteratum
1229 2003 1263 2060 de
1278 2002 1354 2060 titulo
1370 2018 1489 2074 quoque.

133 2091 306 2163 expostulem,
331 2107 393 2164 qum
408 2091 554 2164 Evangelio
578 2091 699 2164 magistri
725 2093 786 2162 ejus
805 2089 856 2147 luit
876 2107 924 2148 ne·
1288 2092 1400 2148 CAPUT
1414 2092 1459 2147 tv.

132 2181 262 2239 oessaria‘l
275 2173 358 2236 Aliud
374 2187 426 2246 est,
441 2179 465 2234 si
484 2194 568 2251 penes
591 2179 787 2237 Marcionema
807 2178 925 2251 discipu·
1013 2179 1095 2235 Funis
1117 2194 1185 2252 ergo
1212 2179 1235 2218 ²1
1263 2179 1403 2237 ducendus
1428 2191 1470 2237 est
1494 2181 1685 2252 contentionis,
1717 2186 1772 2253 pari

131 2270 188 2337 latu,
218 2271 303 2326 Luca
318 2268 402 2340 cmpit
428 2268 569 2341 religionis
594 2268 751 2325 Christianae
773 2284 926 2325 sacramen-
978 2267 1119 2324 hincinde
1143 2267 1204 2323 nisu
1226 2270 1381 2326 fluctuante.
1404 2269 1462 2342 ligo
1489 2285 1579 2325 meum
1595 2271 1762 2328 dicaveram

133 2366 192 2417 tum.
207 2359 358 2422 Caeterum,
372 2357 394 2411 si
410 2361 438 2413 et
456 2364 528 2413 retro
539 2355 701 2424 decucurrit,
718 2355 810 2412 babuit
835 2357 926 2431 utique
979 2355 1097 2413 Marcion
1112 2371 1207 2425 suum;
1222 2372 1273 2430 ego
1287 2356 1432 2413 Marcionis
1455 2355 1561 2413 affirmo
1582 2359 1756 2416 adulteraturi

132 2447 309 2505 aumenticam
323 2454 487 2518 paraturam,
503 2459 645 2519 perquam
660 2447 693 2501 ad
718 2446 818 2502 bucam
839 2461 927 2518 usque
979 2444 1098 2501 Marcion
1126 2460 1229 2502 meum.
1245 2444 1315 2515 Quis
1339 2447 1408 2501 inter
1429 2460 1479 2501 nos
1506 2446 1706 2509 determinabit.
1722 2448 1775 2502 nisi

134 2536 262 2608 pervenit,
282 2535 365 2604 cujus
384 2532 538 2590 testimonio
552 2534 707 2606 adsistente,
720 2532 928 2608 lucasquoque
980 2533 1110 2602 temporis
1123 2532 1202 2598 ratio,
1234 2531 1259 2588 ei
1280 2533 1459 2603 prescribens
1481 2533 1674 2602 auctoritatem,
1701 2536 1775 2606 quod

134 2623 211 2695 possit
220 2622 341 2679 admitti.
980 2620 1290 2694 antiquiusreperietur;
1311 2633 1338 2678 et
1358 2620 1383 2677 ei
1398 2612 1579 2692 prejudicans
1598 2622 1776 2690 vitiationem,

442 2709 553 2766 CAPUT
566 2709 613 2766 lll.
979 2710 1052 2780 quod
1066 2710 1200 2783 posterius
1219 2709 1370 2766 revincetur
1382 2709 1431 2763 Ὧι
1445 2709 1475 2764 lu
1484 2716 1613 2780 quantum
1636 2710 1707 2764 enim
1721 2709 1774 2765 ial-

163 2801 217 2857 Sed
231 2798 308 2856 enim
321 2799 439 2856 Marcion
454 2798 700 2868 nactusepistolam
713 2797 789 2855 Pauli
812 2798 845 2853 ad
868 2799 927 2856 Ga·
980 2813 1041 2853 sum
1067 2798 1202 2868 corruptio
1232 2803 1273 2853 est
1300 2795 1366 2863 veri,
1395 2795 1422 2850 in
1441 2802 1542 2851 tantum
1572 2797 1706 2866 praecedat
1730 2813 1777 2853 ne-

137 2889 206 2956 iatas,
226 2888 311 2946 etiam
325 2886 399 2959 ipses
414 2888 551 2957 apostolos
576 2886 747 2961 suggillantis
761 2888 867 2957 (Galat.
881 2888 925 2958 ιι),
979 2900 1055 2941 cesse
1078 2891 1119 2939 est
1141 2884 1240 2942 veritas
1267 2882 1374 2943 ialsum.
1394 2884 1471 2941 Prior
1498 2883 1549 2942 erit
1577 2901 1621 2942 res
1640 2884 1775 2959 passione,

137 2983 318 3034 utuourecto
345 2976 428 3047 pedes
447 2975 600 3031 incedentes
622 2976 656 3030 ad
676 2974 813 3031 veritatem
837 2975 1004 3067 Evanget
1019 2972 1128 3029 nramria
1157 2972 1338 3028 aemulatione.
1367 2972 1507 3046 Alioquin,
1526 2990 1608 3046 quam
1628 2975 1777 3032 absurdum

140 3065 213 3141 gelli,
232 3065 311 3122 simul
329 3072 359 3119 et
381 3064 532 3119 accusantis
546 3062 773 3135 pseudapostolos
794 3063 927 3134 quosdam
981 3068 1009 3115 ut
1033 3060 1056 3115 si
1082 3069 1204 3115 nostrum
1231 3060 1367 3131 antiquius
1395 3061 1606 3134 probaverimus,
1635 3062 1779 3120 Marcionis

141 3162 312 3226 pervertentes
348 3151 528 3226 Evangelium
556 3152 666 3222 Christi,
709 3150 853 3207 connititur
893 3151 927 3205 ad
981 3162 1045 3206 vero
1073 3151 1221 3219 pomerium
1237 3156 1263 3205 et
1285 3157 1405 3204 nostrum
1443 3157 1505 3204 ante
1531 3150 1654 3205 videatur
1679 3151 1778 3206 salsum

137 3241 324 3300 destruendum
357 3249 459 3297 statum
500 3255 594 3296 eorum
621 3240 834 3312 evangeliorum,
868 3255 928 3311 quae
981 3252 1061 3307 quam
1077 3234 1200 3291 habuerit
1227 3235 1262 3290 de
1285 3234 1399 3291 veritate
1414 3235 1562 3301 materiam,
1582 3244 1610 3291 et
1635 3237 1779 3295 Marcionis

138 3332 250 3405 propria,
273 3338 300 3386 et
313 3331 365 3386 sub
384 3328 566 3399 apostolorum
597 3329 706 3385 nomine
728 3329 854 3397 eduntur,
883 3326 927 3384 vel
981 3324 1779 3398 antecredaturaemulationemanostroespertumquam

138 3420 208 3475 ιιιιιιι
223 3416 450 3489 apostolicorum
480 3424 508 3472 ut
536 3417 638 3473 scilieet
665 3415 756 3486 fidem,
769 3432 850 3486 quam
875 3416 930 3473 illis
982 3422 1023 3472 est
1040 3415 1212 3470 editumlEt
1227 3423 1363 3483 postremo
1374 3413 1400 3468 id
1416 3413 1503 3469 verius
1512 3413 1688 3485 existimetur,
1706 3414 1780 3487 quod

141 3505 232 3575 adimit,
247 3521 299 3563 suo
326 3505 458 3563 conferat.
486 3506 581 3572 Porro,
607 3507 658 3561 etsi
679 3506 862 3576 reprehensus
888 3511 930 3562 est
982 3511 1022 3560 est
1036 3502 1133 3572 serius,
1149 3510 1211 3573 post
1234 3509 1274 3558 tot
1296 3518 1328 3558 ac
1345 3509 1418 3556 tanta
1434 3501 1491 3569 jam
1505 3516 1586 3574 opera
1599 3512 1681 3575 atque
1696 3503 1780 3558 docu-

142 3592 225 3650 letrus
248 3602 277 3652 et
304 3594 422 3652 loannes
439 3601 466 3649 et
487 3594 614 3662 lacobus,
630 3595 676 3664 qui
708 3592 930 3650 existimabantur
982 3598 1072 3648 menta
1087 3590 1247 3647 Christianae
1272 3589 1528 3665 religionissaeenlo
1542 3590 1624 3658 edita,
1649 3606 1711 3663 quae
1735 3590 1779 3647 edi

145 3680 278 3753 atumnae,
297 3681 442 3738 manifesta
472 3697 554 3738 eausa
579 3688 628 3737 est.
654 3681 835 3737 Personarum
857 3680 929 3737 enim
982 3681 1077 3753 ntique
1090 3695 1146 3735 nou
1163 3679 1313 3750 potuissent
1323 3679 1381 3736 sine
1397 3676 1538 3752 Evangelii
1553 3679 1675 3746 veritate,
1689 3679 1717 3736 id
1737 3687 1778 3735 est

146 3778 254 3841 respectu
277 3769 439 3826 videbantur
462 3769 566 3826 variare
584 3769 747 3826 convictum.
776 3769 809 3824 Et
828 3777 929 3840 tamen,
983 3781 1044 3826 ante
1063 3769 1205 3842 Evangelii
1233 3768 1392 3825 veritatemi
1412 3767 1492 3836 Quod
1519 3783 1584 3842 ergo
1607 3767 1723 3837 pertinet
1742 3767 1777 3823 ad

149 3870 195 3913 mm
207 3858 266 3932 ipse
280 3859 382 3914 Paulus
409 3859 539 3917 omnibus
560 3860 658 3916 omniu
680 3858 771 3928 fieret,
787 3863 821 3916 ut
835 3875 930 3916 caune
982 3855 1160 3930 Evangelium
1175 3856 1283 3913 iuterim
1298 3856 1389 3923 lucae,
1404 3863 1537 3929 quatenus
1550 3856 1705 3913 communio
1720 3856 1782 3926 eius

152 3944 294 4006 lucraretur
315 3947 343 4019 (1
363 3949 478 4014 Cor.1v,
504 3947 560 4019 ιι),
585 3946 807 4018 potuitetl'etro
834 3947 930 4004 hocin
982 3947 1052 4003 iuter
1066 3963 1117 4003 uos
1131 3955 1159 4002 et
1173 3946 1335 4003 Marcionem
1349 3945 1384 4001 de
1412 3946 1522 4002 veritate
1542 3945 1684 4016 disceptat,
1713 3944 1782 4002 adeo
1827 3987 1831 3993 .

152 4034 351 4103 aemiliuiuisse,
365 4035 470 4107 aliquid
482 4035 560 4092 aliter
574 4035 675 4110 agendi
693 4051 775 4109 quarn
803 4035 929 4092 docebat.
987 4035 1122 4107 antiquius
1136 4035 1270 4091 Marcione
1285 4042 1336 4102 est,
1357 4033 1429 4106 quod
1454 4041 1496 4090 est
1514 4035 1663 4091 seeundum
1677 4050 1737 4105 nos,
1754 4041 1782 4089 ut

153 4117 246 4180 lmiude
281 4125 306 4178 si
332 4131 359 4179 et
391 4123 596 4196 pseudapostoli
624 4124 798 4195 irrepserant,
833 4124 930 4181 borum
983 4124 1082 4195 etipse
1097 4123 1134 4177 illi
1149 4123 1266 4179 Marcion
1283 4122 1599 4194 aliquandocrediderit;
1616 4138 1677 4179 cum
1693 4131 1720 4178 et
1735 4138 1783 4192 pe·

154 4211 453 4283 nequequalitasedita
471 4211 767 4274 est.circumcisionem
785 4210 928 4268 vindicari·
983 4210 1089 4269 earnium
1117 4209 1144 4265 in
1168 4210 1253 4280 primo
1279 4210 1368 4266 calore
1401 4209 1461 4264 fidei
1489 4211 1627 4267 catbolicae
1654 4208 1782 4266 Ecclesiae

156 4292 206 4353 lum
219 4308 247 4357 et
258 4299 387 4356 Iudaicos
411 4298 496 4356 iastos
523 4298 546 4338 ¹⁹
558 4297 609 4371 (6).
625 4297 767 4355 Διιιοιιοιι
781 4299 815 4356 de
829 4297 930 4370 praedi·
946 4263 969 4342 Β
985 4298 1274 4370 corrtulit,pr01'ectam
1289 4314 1350 4354 moa
1375 4313 1437 4352 eum
1460 4297 1520 4370 ipso
1549 4305 1645 4370 postea
1660 4315 1739 4367 quam
1755 4299 1782 4353 in

156 4386 251 4457 atione,
266 4389 316 4446 sed
331 4388 365 4445 de
380 4388 598 4457 conversatione,
617 4405 633 4444 a
649 4388 731 4444 Paulo
758 4387 928 4444 denotabas·
984 4387 1108 4444 baercsim
1122 4400 1228 4441 suarna
1246 4393 1336 4440 nostra
1351 4384 1462 4440 veritate
1474 4385 1597 4442 descivit.
1624 4385 1696 4455 Quid
1711 4402 1782 4442 nuuc

156 4477 286 4550 tur3mque
312 4477 485 4547 denotaturo,
513 4477 536 4534 si
568 4477 634 4549 quid
661 4479 695 4534 de
717 4476 774 4533 Deo
799 4483 929 4539 creatore,
985 4478 1008 4533 ai
1021 4477 1181 4553 negaverint
1202 4473 1478 4543 mMarcionitae,
1503 4475 1619 4545 primam
1639 4474 1713 4544 apud
1731 4490 1783 4531 nos

156 4556 224 4622 165
237 4565 397 4622 autChristo
412 4567 473 4635 ejus
483 4573 629 4623 errassent.
642 4566 727 4639 Igitur
739 4562 932 4637 distinguenda
986 4564 1068 4622 tidem
1081 4567 1151 4637 ejus,
1163 4564 1293 4621 adversus
1307 4561 1449 4633 epistolam
1463 4575 1571 4633 ‹puoque
1584 4559 1679 4632 ipsius.
1695 4562 1781 4631 Quid,

156 4654 338 4729 trantsiugula.
352 4653 381 4712 Si
395 4656 532 4727 apostolos
542 4653 771 4727 prevaricationis
785 4662 812 4710 et
821 4651 933 4710 simula·
986 4653 1010 4709 si
1024 4669 1074 4710 nee
1087 4652 1231 4724 epistolam
1263 4647 1445 4722 agnoverint?
1464 4648 1542 4702 Certe
1564 4644 1713 4700 antitheses
1728 4660 1783 4700 non

157 4736 220 4800 tionis
234 4751 375 4817 suspectus
398 4744 519 4801 Marcion
533 4745 626 4801 haberi
646 4743 768 4818 queritur
791 4741 933 4816 usquead
986 4740 1068 4799 modo
1093 4740 1211 4799 latentur
1239 4737 1389 4805 Marcionis,
1412 4735 1461 4794 sed
1478 4742 1505 4794 et
1524 4730 1671 4806 praet‘erunt
1693 4732 1727 4786 ²³.
1743 4732 1784 4789 Ex

837 4897 934 4964 Variae
947 4900 1104 4962 lectiones.

181 5012 415 5071 18ιιιιιιιιθιιοιιιιιι
430 5017 496 5075 Por.
514 5016 538 5055 ¹⁹
552 5014 648 5072 Festus
662 5015 722 5075 cod.
738 5013 841 5072 Pitbce.
858 5014 944 5072 Scml.
962 5013 987 5053 ²⁰
1000 5013 1177 5072 Ceterorum.
1194 5011 1279 5070 Semi.
1296 5009 1403 5068 Ponet.
1418 5008 1442 5048 ²¹
1460 5007 1535 5081 Ergo
1549 5005 1625 5080 negt.
1645 5007 1732 5066 Fron.
1757 5005 1784 5044 ²2

153 5078 292 5145 brenietur
307 5086 348 5143 nl.
362 5091 518 5163 utrumque
533 5087 660 5159 abfuisse
673 5089 747 5160 conj.
764 5087 850 5145 Semi.
865 5086 890 5126 ¹³
902 5085 1045 5145 Prolemut
1058 5088 1120 5142 but.
1133 5088 1199 5143 lna.

843 5209 1091 5277 Commentarius.

179 5337 215 5408 (6)
229 5337 363 5396 luduicus
381 5339 482 5409 [ustos.
498 5336 540 5397 Uti
568 5346 609 5395 est
623 5338 713 5395 Galat.
742 5353 770 5393 tv
797 5345 823 5394 et
837 5336 895 5394 dies
909 5346 938 5394 et
989 5343 1081 5394 rentur
1103 5329 1367 5392 adversusEcclcsiae
1381 5330 1521 5413 catbolicae
1535 5327 1619 5386 lastos
1636 5345 1642 5383 :
1660 5344 1722 5409 cum
1740 5325 1784 5381 di·

147 5420 258 5475 mensas,
277 5418 305 5465 et
332 5415 456 5480 tempora
474 5418 500 5466 et
533 5426 619 5468 annos
650 5410 835 5465 observantes.
869 5407 936 5478 Quae
989 5407 1070 5465 sertis
1086 5405 1176 5464 verbis
1202 5404 1329 5460 luduicus
1353 5408 1448 5458 auctor
1476 5408 1676 5482 interpretetur,
1703 5398 1786 5465 idque

146 5478 207 5535 tileo
222 5480 409 5551 interpretatio
431 5481 597 5541 observanda
621 5482 697 5537 venit
720 5488 813 5537 contra
835 5484 938 5537 moder·
990 5495 1047 5536 non
1067 5479 1109 5535 bie
1137 5476 1231 5545 modo,
1254 5474 1302 5531 sed
1324 5474 1405 5530 etiam
1424 5473 1503 5539 inira,
1533 5472 1582 5529 lib.
1611 5485 1636 5536 v,
1665 5483 1724 5537 cap·
1758 5466 1796 5531 6,.

147 5563 193 5607 uos
215 5550 368 5620 haereticos,
383 5551 432 5624 qui
455 5552 532 5610 illum
546 5553 634 5610 locum
649 5552 784 5610 adducere
810 5565 865 5607 uon
891 5567 939 5610 ve-
992 5548 1038 5607 ubi
1049 5551 1120 5607 bunc
1133 5549 1223 5606 locum
1238 5552 1339 5602 tractat.
1355 5544 1428 5604 Part.

247 5648 369 5709 aanor.
387 5648 424 5709 ll.
1666 5632 1701 5691 ta
