3840 6134
104 254 154 321 cll
440 248 674 326 ,lauwllltlll
694 246 828 316 clandit
846 244 929 315 llas
947 247 980 314 ll.
999 281 1035 301 -
1052 249 1168 317 sanus
1185 252 1206 324 l,
1228 250 1404 316 Potamoi.
1699 249 1755 317 alt

102 382 277 461 exspectabili
308 381 379 459 apud
405 384 515 446 Judaeos
542 384 677 445 nomincl
699 389 755 446 Nec
781 384 854 444 enim
878 383 902 441 si
917 391 940 472 fl
956 402 1043 460 quom
1055 387 1157 460 parcus·
1168 384 1219 444 toa
1234 404 1243 442 :
1258 384 1441 451 intendeiiti,
1454 389 1481 443 ct
1494 380 1603 443 ecoadi
1616 397 1681 442 euni
1693 402 1703 453 ,·
1717 397 1754 449 a,

102 493 153 535 nos
180 492 230 550 per
249 476 300 533 liei
328 477 442 552 gratiam
469 477 632 537 intellectum
647 479 789 536 consecuti
807 493 901 536 sacra·
957 476 1147 534 inobaudieris
1157 490 1241 533 cum:
1256 491 1315 532 noo
1329 475 1408 533 enim
1420 473 1604 545 reunitum,
1619 472 1755 546 quoniam

101 574 253 625 mentomm
281 566 360 635 eius,
389 567 441 624 boc
467 581 576 640 quoqne
600 582 699 622 nomen
727 565 902 641 agnoscimus
954 561 1754 637 nomenmeomsuperr'liumeat.Angelumqnidemcum

101 655 209 714 Christo
223 655 395 723 destinatum,
408 655 471 712 ideo
484 662 511 711 et
528 654 643 719 iudaeis,
653 654 755 728 quibus
776 659 902 730 adempta
955 651 1033 721 dixit,
1048 655 1083 710 ob
1098 650 1313 725 magnitudinem
1327 651 1457 707 uirtutum
1472 665 1540 722 quas
1554 654 1612 704 crat
1621 646 1754 714 editurus,

101 752 144 804 cst
156 744 300 818 sapientia,
317 753 382 803 nota
396 745 448 801 crit
469 760 522 802 res.
545 745 668 817 Denique
690 747 725 802 ad
738 744 901 803 hodiernum
954 742 982 798 ει
996 743 1031 797 ob
1044 738 1162 798 oibcium
1178 739 1327 812 prophetie,
1348 736 1496 795 nuntiantia
1516 736 1618 794 scilicet
1633 735 1754 794 diuinam

102 833 240 892 Christum
271 840 390 907 sperant,
419 849 475 892 non
510 834 626 901 iesum,·
651 841 679 890 ot
700 833 789 891 Ellam
812 834 902 906 potius
955 828 1134 895 voluntatem
1157 829 1250 886 lesum
1274 833 1374 893 autem,
1394 826 1429 882 ob
1455 824 1573 883 nominis
1598 825 1642 881 sui
1669 823 1755 882 icturi

101 925 309 999 interpretantur
326 923 474 996 Christum,
494 939 576 998 quam
597 923 700 981 iesum.
715 923 769 994 Qui
794 931 903 1000 ergoet
954 925 1159 975 sacramentum.
1183 915 1334 974 Identidem
1358 929 1456 972 nomen
1477 929 1557 970 suum
1571 911 1753 980 confirmavit,

102 1014 130 1070 iii
153 1030 186 1072 eo
200 1014 310 1071 nomine
324 1013 407 1083 venit,
423 1013 451 1069 in
471 1028 525 1087 quo
546 1012 668 1070 Christus
681 1029 735 1070 non
753 1029 901 1086 presume-
955 1007 1029 1078 quod
1052 1006 1110 1078 iim
1133 1007 1158 1062 ei
1178 1004 1330 1071 indideltlt
1359 1003 1423 1077 (lull
1456 1018 1511 1061 ¹¹⁰⁰
1538 1002 1678 1074 angelum,
1702 1015 1754 1059 Μ

101 1104 190 1172 batur,
210 1103 299 1175 potuit
312 1104 340 1158 in
355 1117 388 1160 eo
403 1100 461 1160 solo
474 1100 714 1169 nominaverim,
730 1101 901 1175 quodaolum
954 1095 1060 1163 husen,
1088 1094 1137 1152 ⁸0⁶
1161 1095 1252 1151 10⁸l¹¹¹¹
1277 1109 1340 1151 0⁰⁰¹
1365 1093 1484 1164 iuml
1506 1091 1604 1150 “indi
1630 1090 1754 1149 vocitari.

102 1192 324 1266 praesumebatur.
344 1187 432 1249 848
458 1190 602 1260 Caeterum,
624 1208 685 1250 cum
709 1192 763 1250 duo
782 1191 900 1261 miscuit,
954 1182 1029 1257 Ergo
1043 1183 1066 1240 si
1081 1192 1223 1255 utrumque
1236 1179 1322 1240 m
1333 1196 1431 1239 nomen
1440 1179 1603 1251 competitio
1616 1179 1755 1237 Christum

101 1293 240 1352 speratum
272 1288 299 1337 et
336 1279 512 1351 insperatum,
549 1286 721 1354 expugnatur
760 1289 903 1354 utrumque
954 1273 1099 1340 creatoris,
1115 1280 1188 1330 tanto
1202 1280 1347 1345 utrumque
1364 1285 1420 1328 non
1433 1269 1560 1341 competit
1573 1267 1602 1325 in
1616 1268 1755 1326 Christum

102 1368 246 1426 consilium
269 1368 340 1439 eius.
354 1367 415 1426 Siva
429 1367 502 1424 enim
515 1367 578 1426 ideo
602 1365 736 1441 Christus,
750 1374 781 1425 ut
795 1367 902 1426 interim
954 1377 1008 1420 noir
1037 1359 1182 1433 Crantoris,
1205 1360 1274 1418 sicut
1300 1375 1351 1416 nec
1377 1358 1404 1398 ⁹⁰
1436 1356 1561 1431 reliquus
1591 1356 1670 1414 ordo.
1699 1354 1755 1412 Fa·

102 1456 181 1529 quasi
192 1457 327 1513 Creatoris
347 1455 492 1528 irreperet,
509 1455 644 1526 obstrepit
660 1456 686 1496 ⁸⁶
711 1457 809 1527 Jcsns3
839 1454 902 1530 qnia
954 1449 1049 1507 cienda
1062 1456 1102 1507 εει
1123 1449 1239 1522 denique
1257 1449 1314 1519 jam
1335 1446 1398 1505 binc
1410 1446 1481 1503 inter
1494 1460 1546 1503 nos
1563 1453 1636 1503 certa
1657 1444 1709 1501 isla
1726 1451 1756 1500 et

102 1559 158 1602 non
188 1544 348 1616 sperabatur
371 1545 451 1602 iesus
474 1542 503 1600 in
523 1544 631 1602 Christo
657 1543 792 1602 creatoris
816 1562 823 1601 :
843 1545 900 1600 sive
952 1538 1027 1610 justa
1048 1537 1226 1610 prescriptio,
1248 1547 1275 1594 ct
1298 1537 1404 1611 utrique
1418 1536 1488 1609 parti
1510 1533 1674 1607 neccssaria,
1689 1533 1757 1607 quia

100 1631 174 1700 ideo,
194 1634 275 1691 iesus
287 1641 316 1690 nt
325 1630 435 1690 alterius
449 1632 604 1699 baberetur,
619 1646 675 1689 non
685 1631 750 1688 sinit
763 1631 898 1699 Christum
954 1628 1159 1685 determinatum
1187 1624 1233 1693 sit,
1268 1624 1334 1681 nibil
1370 1626 1482 1683 omuino
1515 1638 1659 1681 commuue
1692 1637 1756 1680 esse

11 1748 17 1759 ·
100 1719 234 1791 quianon
256 1719 366 1778 alterius
390 1718 551 1792 sperabatur
568 1717 701 1792 Christus,
716 1734 795 1793 quam
818 1718 900 1776 Crea·
916 1697 939 1776 Β
954 1717 1054 1774 debere
1073 1714 1184 1774 alterius
1208 1713 1251 1772 dei
1273 1713 1379 1772 Cliristo
1405 1728 1468 1772 cum
1484 1712 1592 1771 Christo
1606 1711 1753 1771 Creatoris.

102 1807 179 1865 toris.
195 1808 265 1880 Quid
279 1807 376 1883 borum
389 1814 513 1864 constare
527 1807 623 1878 possit,
639 1807 748 1882 ignoro.
763 1806 902 1865 Constabit
954 1806 1023 1863 Nam
1037 1814 1094 1862 ota
1115 1803 1194 1861 vobis
1208 1803 1324 1877 proinde
1345 1800 1490 1859 diversitas
1512 1799 1684 1859 defendenda
1699 1809 1753 1869 est,

101 1904 190 1953 autern
204 1904 350 1967 utrumque
370 1894 398 1951 iu
414 1893 521 1952 Christo
535 1895 682 1965 Crantoris,
711 1899 739 1954 in
757 1898 811 1970 qud
829 1896 902 1956 iure·
955 1893 1027 1952 sicut
1040 1911 1057 1952 a
1070 1892 1149 1951 nobis
1160 1892 1337 1967 repugnanda
1350 1900 1392 1949 est
1406 1909 1414 1948 a
1429 1890 1492 1964 quia
1512 1906 1562 1948 uec
1574 1905 1622 1949 uos
1635 1890 1755 1963 probare

101 1984 175 2041 nitur
188 1983 270 2040 etiam
295 1984 386 2040 iesus.
409 1982 563 2054 Quomodo,
577 1984 668 2058 inquis
682 1987 697 2043 l
710 1986 788 2044 Disce
806 1995 833 2042 et
856 1986 902 2043 bic
930 2042 938 2059 ,
954 1984 1086 2057 poteritis,
1101 1981 1209 2040 alterius
1231 1981 1282 2038 Ilei
1309 1980 1417 2038 venisse
1443 1979 1589 2049 Christum,
1621 1979 1674 2035 nisi
1688 1995 1755 2037 eum

101 2088 163 2129 eum
191 2072 324 2145 partiariis
347 2072 447 2130 erroris
470 2073 508 2129 tui
537 2074 648 2132 iudaeis.
666 2075 732 2133 Cum
760 2092 901 2134 successor
953 2072 1034 2146 longe
1052 2071 1134 2129 alium
1161 2068 1445 2128 demonstraveritisa
1470 2068 1578 2127 Christo
1599 2068 1751 2140 Creatoris3

101 2160 188 2234 bloysi
215 2154 396 2221 destinaretur
416 2161 507 2220 Auses
533 2161 607 2220 tilius
633 2163 715 2233 Nare,
741 2164 900 2222 transiertur
953 2178 1003 2220 nec
1016 2177 1067 2220 rios
1094 2176 1158 2216 eum
1179 2158 1316 2218 creatoris
1342 2157 1487 2228 uindicare,
1507 2157 1560 2214 uisi
1586 2157 1666 2215 talem
1685 2173 1752 2215 euin

102 2249 512 2321 oertcdepristinonomine,et
527 2251 621 2325 incipit
636 2251 899 2324 uocariiesuslibl.
954 2248 1164 2314 ostenderimus,
1192 2246 1280 2321 qualis
1304 2245 1476 2305 constituitur
1503 2261 1519 2301 a
1547 2246 1682 2303 creatore.
1710 2246 1753 2303 De

102 2336 190 2404 Certe,
209 2336 310 2411 inquis.
338 2338 412 2396 lianc
430 2339 507 2410 prius
535 2338 650 2395 dicimus
674 2337 790 2413 figuram
818 2338 902 2396 iuturi
954 2338 1110 2396 nominibus
1134 2336 1190 2406 iam
1209 2335 1383 2394 obduximus.
1399 2334 1465 2391 bllbi
1483 2334 1589 2391 uindico
1603 2334 1752 2407 Christum,

101 2424 195 2484 [uisse.
222 2425 291 2481 Nam
311 2425 375 2498 quia
395 2427 474 2484 lesus
502 2426 624 2484 Christus
646 2430 794 2484 secundum
813 2443 901 2501 popu·
954 2427 1021 2485 mibi
1034 2425 1149 2485 delendo
1161 2426 1265 2483 iesum.

98 2511 169 2580 lum,
183 2513 257 2585 quod
272 2530 366 2572 sumus
376 2530 426 2571 noa
444 2515 499 2571 nati
515 2515 541 2570 in
557 2516 648 2572 saculi
670 2516 796 2585 desertis,
820 2517 902 2573 intro·

100 2601 232 2659 ducturus
247 2603 346 2661 eratin
360 2614 456 2661 terram
474 2603 674 2678 promissionis,
694 2605 773 2662 melle
791 2614 818 2662 et
831 2604 901 2663 lacte
1245 2566 1357 2625 CAPUT
1372 2565 1459 2625 xm·

100 2698 264 2758 manantem,
280 2690 306 2746 id
326 2698 377 2760 est,
397 2690 460 2747 uitae
488 2700 595 2748 aeternae
612 2693 822 2764 possessionem,
849 2709 901 2766 qua
990 2692 1132 2767 Reliquum
1146 2691 1266 2751 ordinem
1290 2692 1351 2762 ejus
1373 2706 1433 2747 cum
1458 2689 1605 2762 seripturis
1625 2689 1752 2749 conicia-

100 2777 298 2845 nihildulcius;
324 2778 406 2852 idque
429 2793 485 2835 non
511 2795 561 2852 per
574 2780 696 2854 bloysen,
720 2779 748 2836 id
774 2788 825 2851 est,
846 2795 900 2838 non
956 2799 1025 2839 mus.
1052 2781 1237 2854 Quodcunque
1260 2780 1327 2837 iliud
1348 2780 1541 2853 corpusculum
1556 2779 1599 2850 sit,
1621 2781 1752 2852 quoniam

99 2882 150 2938 per
163 2868 244 2942 Legis
271 2867 463 2941 disciplinam
488 2869 536 2925 sed
556 2885 606 2942 pcr
618 2870 719 2933 iesum,
741 2869 768 2927 id
793 2878 836 2927 est
864 2871 899 2935 ³7,
955 2872 1083 2941 habitum,
1098 2877 1126 2928 et
1143 2871 1269 2945 quoniam
1284 2877 1455 2939 conspectum
1470 2868 1539 2938 luit;
1557 2867 1581 2924 si
1604 2867 1752 2942 inglorius,

100 2970 150 3026 per
180 2955 323 3031 Evangelii
348 2957 463 3032 gratiani
485 2955 767 3030 provenircbabebot,
781 2958 899 3016 circum·
915 2961 976 3053 ὕει
1003 2960 1142 3034 ignobilis,
1182 2958 1205 3014 si
1243 2956 1447 3024 inhonorabilis,
1489 2946 1566 3013 meus
1591 2957 1642 3013 crit
1667 2955 1753 3014 cuii-

99 3043 163 3100 cisis
174 3044 253 3100 nobis
271 3048 374 3117 petrina
397 3045 466 3116 acia,
485 3044 513 3100 id
527 3054 569 3103 est
588 3046 688 3104 Christi
702 3047 845 3121 praeceptis
862 3048 898 3104 ⁸⁸.
954 3057 1011 3108 stus
1025 3049 1083 3122 (tt)
1108 3065 1115 3106 :
1146 3047 1207 3104 talis
1227 3046 1301 3103 enim
1315 3047 1407 3103 babitu
1430 3053 1458 3102 et
1477 3053 1588 3120 aspectu
1601 3047 1754 3104 annuntia·

100 3134 187 3190 Petro
209 3135 283 3190 anim
309 3134 458 3193 Cliratus:
490 3133 553 3191 ideo
573 3135 598 3193 is
623 3136 674 3205 vir,
694 3136 741 3209 qui
764 3138 792 3194 in
819 3137 902 3207 liujus
953 3140 1041 3196 batur.
1053 3137 1138 3194 Adest
1147 3150 1240 3193 rursus
1248 3134 1752 3206 lsaias(siii‚lb):Annuntiavimua

99 3221 263 3278 sacramenti
295 3221 427 3296 imagines
458 3223 621 3295 parabatur,
665 3223 746 3282 etiam
784 3225 901 3282 nominis
953 3227 1049 3300 inquit,
1069 3225 1253 3298 cornmipso,·
1270 3224 1349 3280 uelut
1362 3222 1510 3297 puerulus,
1527 3223 1704 3280 ociutrodt‘e
1718 3225 1753 3282 iic

100 3309 231 3367 dominici
258 3310 433 3387 inauguratus
460 3319 502 3368 εει
523 3312 621 3385 ligura,
649 3313 730 3370 lesus
757 3313 899 3387 cognomi·
955 3320 1033 3373 terro
1045 3314 1168 3380 sitienti,
1184 3318 1212 3369 ct
1225 3328 1282 3369 ooo
1297 3312 1452 3385 estapeeics
1466 3312 1528 3384 ejus
1542 3310 1751 3386 occoepimus,-

99 3406 191 3456 natus.
207 3398 264 3457 iioc
276 3415 376 3458 nomen
387 3399 445 3473 ipsc
458 3399 581 3456 Christus
594 3417 675 3458 sunm
685 3402 742 3472 jam
758 3412 820 3460 tunc
840 3418 900 3460 esse
953 3408 982 3461 ct
995 3403 1118 3459 vidimus
1137 3416 1212 3466 eom,
1228 3403 1257 3456 ct
1271 3416 1328 3457 non
1344 3399 1459 3457 babebat
1471 3400 1589 3472 speciem
1602 3415 1690 3473 negas
1702 3399 1752 3456 dc-

99 3493 213 3544 tcstatns
226 3494 275 3555 est,
298 3503 359 3543 cum
380 3486 415 3543 ad
432 3487 544 3560 bloysen
557 3487 730 3560 loquebatur.
745 3488 813 3559 Quis
826 3490 900 3547 enini
953 3509 1047 3552 eorem
1058 3489 1125 3559 ried
1137 3489 1240 3562 speeies
1255 3489 1317 3560 ejus
1330 3487 1513 3553 inhonorato,
1528 3487 1660 3558 deficiam
1673 3488 1753 3545 citro

98 3577 267 3648 loquebatur,
290 3575 342 3632 nisi
353 3575 463 3647 spiritus
478 3575 624 3642 Creatoris,
639 3576 687 3649 qui
700 3585 741 3633 est
756 3578 900 3638 Christust
953 3595 1049 3637 omnes
1064 3577 1198 3635 micina.
1214 3574 1289 3633 Sicut
1302 3583 1329 3631 et
1340 3591 1421 3647 supra
1436 3574 1522 3632 Patris
1535 3576 1569 3631 ad
1584 3575 1682 3632 iiilium
1695 3591 1752 3633 vox

101 3663 167 3719 Cum
183 3679 250 3738 ergo
263 3664 388 3719 mandato
403 3663 502 3721 diceret
516 3662 616 3733 populo
630 3665 728 3732 (deod.
739 3680 823 3736 xxiii,
832 3670 898 3740 alli:
954 3670 1074 3738 (isaari,
1084 3668 1145 3735 li):
1160 3663 1395 3736 Quemadmodum
1403 3668 1588 3737 expavescent
1596 3665 1684 3722 malti
1689 3664 1752 3735 (bb)

99 3752 170 3808 dccc
183 3767 230 3823 epo
244 3753 326 3809 mitto
341 3752 474 3823 angelum
487 3767 583 3809 mcum
597 3755 666 3811 onte
679 3754 786 3826 sociem
802 3758 897 3826 tuom,
951 3770 1038 3830 super
1058 3759 1095 3822 ιε,
1116 3754 1156 3812 sic
1174 3757 1237 3812 sine
1249 3754 1340 3826 glorio
1358 3754 1415 3812 erit
1428 3753 1462 3809 cb
1476 3753 1635 3812 bominibus
1654 3756 1752 3825 fornic

100 3842 148 3914 gat
163 3844 191 3898 ιε
207 3839 349 3900 ertatodiot
365 3841 398 3896 in
420 3841 477 3906 oio,
492 3844 522 3897 ct
542 3841 707 3900 introducent
723 3844 755 3901 in
779 3849 897 3914 terrem,
953 3850 1013 3903 too.
1029 3844 1097 3901 Nam
1110 3841 1161 3900 etsi
1176 3844 1358 3916 tempestivos
1373 3842 1470 3903 decore
1492 3844 1559 3915 lib),
1574 3842 1647 3916 apud
1661 3842 1751 3901 David
1768 3896 1776 3909 ‚

773 3968 869 4033 Variae
889 3972 1048 4036 lectiones.

134 4069 486 4140 wiremuthensem.
504 4071 615 4129 Obertli.
630 4071 655 4111 ⁸³
669 4073 700 4130 ld
714 4083 756 4132 cst
768 4078 863 4135 omitt.
881 4077 967 4136 Semi.
982 4077 1008 4116 ⁸⁸
1026 4074 1170 4148 Precepus
1184 4076 1277 4134 omitt.
1291 4072 1378 4134 liheri-
1390 4073 1474 4134 Sami.
1498 4073 1608 4132 oberit.
1622 4073 1648 4111 ⁸⁹
1666 4069 1749 4129 Cela·

98 4143 139 4201 bit
156 4143 240 4204 Semi.
257 4145 322 4203 lun.
338 4143 364 4183 ⁹⁰
376 4143 437 4201 Non
451 4144 540 4202 iiico.
557 4144 642 4203 Semi.
665 4146 777 4207 otest.

796 4270 1047 4338 Commentarius.

133 4401 191 4473 (td)
207 4401 310 4474 incipit
323 4402 418 4458 vocari
431 4399 637 4484 iesca-hliudit
663 4401 697 4458 ad
709 4402 773 4460 illud
798 4405 891 4464 biatth.
911 4422 934 4500 ss
948 4406 1016 4463 Ecce
1026 4405 1180 4478 intelliget,
1192 4412 1244 4461 etc.
1263 4403 1457 4460 Imitaturuero
1471 4403 1498 4460 iii
1508 4401 1600 4460 boch.
1610 4400 1751 4459 lustinum

98 4487 118 4538 t,
134 4474 179 4554 bl,
195 4473 347 4554 acubuoaei,
359 4475 413 4528 al:
434 4471 700 4554 lilooccbtsncmen
717 4476 892 4548 ejoslcsum,
949 4478 1105 4559 martyrem,
1127 4476 1206 4549 Apol.
1224 4489 1255 4540 ii,
1271 4473 1346 4545 quod
1374 4474 1463 4532 locum
1486 4474 1562 4530 illum
1591 4473 1624 4529 dc
1651 4480 1751 4530 conlu-

97 4543 187 4599 addita
201 4550 282 4600 etiam
310 4542 429 4600 nominis
454 4550 671 4614 interpretatione
696 4560 703 4600 ε
729 4548 790 4618 ipse
818 4549 896 4606 enim
950 4548 1038 4605 meliis
1059 4545 1165 4605 Christo
1188 4544 1265 4602 iactis
1284 4545 1313 4600 in
1341 4546 1466 4616 passione
1489 4544 1629 4614 intelligat.
1651 4543 1751 4601 (trem

95 4616 206 4673 sewum
219 4615 308 4688 societ
316 4616 455 4698 populum
468 4631 581 4673 cauom
589 4616 716 4689 peccatis
726 4632 831 4675 comm.
842 4620 898 4675 Hoc
950 4628 993 4676 cst
1020 4617 1187 4688 ἐκστήσονται,
1212 4617 1285 4688 quod
1313 4616 1401 4689 magis
1427 4616 1535 4687 proprie
1558 4615 1591 4670 ab
1606 4613 1664 4670 aliis
1682 4629 1751 4671 ver-

96 4686 169 4742 enim
183 4695 224 4744 εει
238 4686 311 4759 quod
325 4685 392 4744 dicit
405 4686 453 4744 lib.
484 4685 545 4742 ode.
570 4688 712 4744 Proceom
728 4707 738 4744 :
760 4709 771 4740 ι
792 4688 896 4747 Nomen
950 4689 1014 4746 titur
1023 4691 1223 4762 obstupescent,
1238 4700 1320 4753 oriam
1331 4687 1365 4742 ab
1381 4688 1498 4744 Auctore
1511 4690 1708 4758 expavescent,
1723 4694 1751 4741 et

95 4756 174 4814 lesus
202 4757 343 4830 proprium
371 4771 442 4828 esse,
467 4757 541 4829 quod
563 4757 597 4812 ab
617 4758 717 4831 angeio
740 4757 896 4830 impositum
948 4760 1029 4817 unica
1046 4776 1097 4818 vox
1117 4765 1158 4815 est
1181 4756 1303 4830 ἀδοξήσει,
1328 4772 1432 4828 proco
1456 4760 1529 4829 quod
1557 4757 1602 4814 bic
1618 4763 1670 4824 est,
1684 4758 1751 4814 sinc

52 4814 73 4859 ⁸
95 4836 168 4885 est.»
189 4829 260 4885 Piri.
948 4833 1041 4905 glorio
1055 4832 1120 4890 erit.
1135 4829 1205 4886 Pau.

132 4899 189 4971 (lt)
219 4900 274 4956 sti
314 4899 412 4970 lorias,
436 4899 462 4955 ii
484 4899 657 4972 ignobilis,si
679 4900 894 4972 inhonorabilis,
984 4901 1043 4972 (ib)
1074 4900 1260 4973 Tempestivus
1287 4898 1394 4957 decore.
1418 4899 1463 4957 Sic
1487 4899 1586 4970 placuit
1613 4897 1749 4970 Septimio

95 4986 175 5027 meus
189 4971 246 5027 erit
269 4971 289 5028 C
310 4971 408 5027 rabios.
438 4972 511 5027 Bona
540 4970 639 5044 piaque
665 4982 755 5029 mente
781 4974 897 5031 sacrauit
949 4971 1074 5028 Graecum
1089 4970 1154 5027 illud
1177 4971 1326 5042 exprimere
1345 4970 1433 5043 dpslcr
1458 4978 1495 5045 τῷ
1520 4972 1612 5035 ammi,
1626 4970 1701 5042 quod
1720 4969 1750 5025 iii

95 5038 239 5097 formulam
252 5040 409 5115 quaCypris
424 5040 586 5114 Cupidinem
598 5058 678 5100 suum
687 5043 823 5116 uestigat:
949 5041 1059 5124 vulgata
1094 5041 1217 5124 versione
1241 5043 1400 5126 ‘speciosae
1431 5047 1533 5124 [omno.
1563 5040 1748 5122 Allcgoricam

129 5152 161 5209 Εἴ
173 5174 208 5216 τις
222 5153 257 5209 lai
268 5152 386 5227 rpiddoioa
398 5157 558 5230 πλανώμενον
572 5151 634 5211 sitsi
644 5157 736 5229 lpum,
948 5083 1557 5258 {fflgpsmffinlpgteissgg'uffieoeh02¹3:ss
1569 5127 1750 5256 9223aeAE

130 5227 282 5299 Δραπετιδας
293 5227 349 5300 ἐμός
365 5226 438 5286 ἔστιν.
450 5230 511 5300 ilia·
947 5272 1033 5329 super
1050 5257 1146 5326 semor
1161 5258 1254 5312 tuum.
1278 5255 1383 5311 Etenim
1402 5254 1446 5336 bic
1460 5255 1565 5327 gladius
1578 5261 1622 5311 cst
1638 5252 1746 5334 allego

297 5316 390 5368 Credat
407 5316 511 5368 ludum
529 5314 627 5377 Apollo.
643 5314 705 5365 ΕΜ·
742 5396 746 5403 ,
947 5327 1032 5393 ricus,
1045 5333 1072 5382 et
1087 5327 1120 5381 ad
1143 5341 1298 5382 sermonem
1320 5325 1417 5382 Christi
1431 5327 1559 5393 retertur,
1582 5325 1749 5397 allegoricus

127 5397 187 5470 (lb)
201 5396 441 5466 Quemadmodum
456 5396 755 5464 ariomanitarum.
772 5393 893 5452 emto·
947 5398 1038 5469 deror,
1067 5395 1212 5469 allegorica
1253 5413 1337 5454 arma.
1375 5396 1448 5453 Satis
1481 5397 1626 5473 ambiguus
1661 5394 1746 5451 animi

91 5483 153 5525 cum
167 5469 239 5525 bunc
248 5470 357 5526 modern
367 5467 458 5540 reperi
476 5467 529 5522 lsa.
544 5465 674 5537 iii,jurta
687 5466 775 5536 Lxx,
786 5480 834 5522 acu
848 5482 894 5539 po
947 5468 1032 5526 luisse
1057 5469 1164 5526 uidetur
1190 5469 1379 5541 Hieronymus,
1408 5484 1470 5524 cum
1503 5471 1563 5525 bac
1586 5466 1746 5539 prophetica

90 5538 146 5596 tius
161 5548 266 5598 ueteres
280 5541 386 5615 Patres,
400 5552 461 5606 niti,
476 5538 524 5613 qni
535 5536 602 5594 illud
615 5536 749 5617 incipiunt
762 5553 796 5596 eo
809 5538 890 5596 loco:
946 5539 1035 5617 attigit
1046 5539 1125 5614 epist.
1140 5540 1175 5597 ad
1197 5539 1356 5613 Principiam
1370 5538 1580 5613 virginemlllt.
1597 5538 1668 5595 Ρη.
