3840 6134
138 341 210 404 1009
804 327 904 392 LIBER
923 328 966 389 nn
984 328 1134 394 tttttttttts.
1719 343 1789 406 toto

136 468 233 543 nique,
254 476 281 526 ct
311 469 390 539 periit
409 485 416 526 :
436 470 527 539 salsus
551 466 679 540 alioquin,
716 462 761 520 uni
785 458 973 553 arbumulaefl
992 461 1311 535 (Gen.1x,2);namct
1329 464 1614 537 hocipsoquodoam
1628 470 1711 527 solam
1726 487 1788 528 car.

134 558 263 630 ieiunare
280 556 419 614 maluisset
433 557 472 627 ²²3
488 565 517 612 ut
540 559 599 627 jam
632 555 696 611 binc
710 550 834 609 animalis
866 546 934 604 fides
990 565 1052 608 nem
1068 553 1164 609 esoi³²
1180 554 1282 621 eximit,
1301 558 1379 627 cujus
1394 556 1484 612 anima
1498 572 1553 613 non
1566 575 1614 630 per
1627 561 1789 633 sauguinem

137 660 234 705 semen
257 661 337 702 suum
351 652 540 720 recognoscat,
564 642 662 700 exinde
688 641 825 699 deducens
844 651 936 694 carna·
989 639 1146 707 effunditur,
1173 644 1262 698 omnis
1287 644 1398 716 reliqna
1427 645 1516 702 carnis
1539 661 1615 701 usum
1641 649 1665 689 ³³
1679 665 1791 711 oonooo⁴

139 734 206 791 lium
232 734 434 807 appetitionem.
459 743 488 790 at
509 732 692 805 spiritualium
726 724 934 786 recusationem.
989 727 1058 786 sisse
1082 730 1253 788 manifestum
1276 739 1326 791 est.
1359 735 1404 790 Ad
1426 735 1485 791 ltaec
1508 738 1714 808 respondemus,
1734 756 1790 798 non

138 826 232 881 Teneo
260 823 344 893 igitur
363 838 381 879 a
398 821 547 893 primordio
563 821 725 891 homicidpm
754 819 857 892 gulam,
879 826 937 871 tor·
991 820 1152 891 competisse
1165 820 1273 876 onerari
1286 823 1425 879 bominem
1447 825 1537 897 aliqua
1556 828 1791 887 adbncabstinen-

137 912 240 968 mentis
259 920 339 984 atque
362 911 502 983 suppliciis
521 911 549 967 in
573 910 617 967 die
643 908 815 981 puniendam,
835 903 939 962 etiamsi
992 907 1037 963 ttae
1051 907 1122 982 lege,
1145 911 1193 982 qni
1209 926 1270 967 cum
1294 914 1412 970 maxime
1438 925 1490 970 tam
1513 916 1599 973 lencm
1622 917 1790 977 interdictio-

141 1003 220 1058 Deus
249 1001 324 1057 nulla
345 1000 452 1071 jejunia
476 999 662 1071 praecepissem
683 998 829 1055 ostendens
848 1003 938 1050 umen
993 1012 1065 1064 nem,
1092 999 1172 1055 unius
1194 1000 1296 1057 scilicet
1314 1005 1399 1073 pomi,
1420 1005 1531 1061 tolerare
1545 1020 1600 1062 non
1624 1006 1729 1078 potnit;
1746 1024 1791 1063 re.

138 1093 213 1149 unde
227 1091 263 1147 sit
275 1091 382 1147 occisus
395 1089 482 1145 Adam
495 1132 503 1157 ,
516 1089 581 1145 mibi
595 1088 741 1160 reliquerat
763 1083 940 1156 intettiqanda
993 1085 1104 1142 missum
1127 1088 1217 1160 itaque
1237 1089 1310 1145 illum
1332 1091 1457 1150 libertale
1474 1093 1534 1165 ipsa
1550 1095 1791 1152 corroborandum.

138 1180 259 1236 remedia
281 1179 401 1248 offensae,
419 1178 466 1251 qui
486 1177 617 1234 offensam
635 1178 852 1233 demonstrarat:
868 1172 939 1229 ultro
993 1174 1080 1247 AEque
1094 1175 1120 1215 ³²
1136 1187 1198 1248 post
1210 1178 1344 1237 dilnvium
1362 1180 1389 1236 in
1406 1181 1601 1240 reformatione
1614 1183 1720 1254 generis
1740 1185 1792 1240 hu-

137 1269 239 1335 cibum,
255 1268 355 1341 quibus
368 1266 457 1324 modis
471 1266 624 1340 quibusque
643 1265 812 1336 temporibus
834 1263 940 1334 potuis·
994 1265 1078 1332 mani,
1107 1266 1252 1324 suffecisse
1281 1269 1480 1327 unaminterim
1507 1273 1596 1343 legem
1619 1287 1636 1328 a
1659 1272 1792 1343 sanquine

137 1375 207 1426 um,
223 1373 274 1431 pro
293 1373 398 1414 veneno
418 1357 586 1429 deputarem,
611 1364 639 1411 et
668 1354 820 1410 antidotum
839 1350 940 1407 famem
994 1354 1160 1424 abstinendi,
1176 1356 1309 1428 permisso
1323 1359 1347 1397 ³⁵
1361 1375 1412 1415 usu
1426 1360 1451 1399 ³⁶
1461 1368 1630 1418 caeterorum.
1647 1362 1704 1418 Jam
1719 1363 1791 1419 euim

138 1463 288 1513 sumerem,
308 1462 457 1518 perquam
481 1461 629 1517 purgarem
650 1443 744 1500 mortis
762 1439 939 1513 aprimcrdio
992 1442 1122 1512 judicium
1149 1444 1281 1502 Dominus
1303 1449 1459 1505 ostenderat
1478 1464 1527 1520 per
1545 1449 1688 1519 diluvinm3
1704 1452 1791 1507 adbuc

139 1552 265 1594 caussam
281 1536 306 1577 ²⁸
320 1536 347 1592 in
362 1550 406 1591 me
423 1549 530 1607 quoque
549 1550 612 1590 curn
626 1533 797 1606 ipsogenere
813 1531 939 1585 transdu-
993 1531 1074 1588 etiam
1103 1535 1282 1591 comminatus
1308 1527 1394 1593 fuerat
1430 1554 1480 1608 per
1504 1539 1709 1610 exquisitionem
1734 1557 1794 1597 san·

138 1633 225 1693 cmm,
253 1632 345 1681 certus
373 1624 425 1681 hcc
452 1624 538 1680 Deum
566 1623 645 1687 velle,
671 1623 749 1692 qu'us
775 1619 940 1676 contrarium
994 1619 1085 1692 guinis
1098 1621 1132 1676 de
1147 1637 1228 1677 manu
1243 1623 1344 1691 fratris,
1361 1626 1433 1681 etde
1449 1641 1529 1682 manu
1549 1629 1644 1685 bestiae
1659 1630 1738 1702 [Gen.
1752 1647 1791 1698 nx,

139 1713 237 1781 noluit,
260 1712 381 1783 salisque
404 1711 546 1768 confidens
561 1710 718 1783 placituram
741 1708 781 1764 illi
803 1707 941 1764 centiuen·
996 1709 1034 1778 b).
1050 1705 1144 1764 Omnis
1158 1710 1182 1747 ³²
1197 1711 1286 1782 itaqua
1294 1713 1426 1782 justitiam
1438 1714 1534 1784 judicii
1558 1719 1791 1787 praeministrans,

141 1800 189 1856 tiae
207 1814 404 1871 curameque
425 1799 578 1855 damnatam
602 1797 797 1868 comperissem
821 1796 938 1874 inc-nnti-
995 1797 1136 1852 materiam
1157 1797 1291 1855 libertatis
1313 1801 1411 1868 emisit,
1439 1818 1487 1874 per
1511 1803 1618 1861 neniam
1645 1822 1793 1877 supparans

142 1888 245 1945 nentiae
262 1886 378 1959 eulpam.
401 1889 494 1955 Porro,
515 1903 579 1943 curn
597 1897 624 1942 et
635 1886 694 1957 ipse
707 1885 841 1958 jeiunium
856 1900 937 1940 man·
992 1888 1181 1961 disciplinam;
1198 1893 1355 1962 permittens
1369 1893 1470 1965 omnia,
1478 1902 1508 1949 ut
1518 1895 1637 1951 demeret
1646 1897 1792 1968 quiddam3

139 1978 198 2043 dei·
223 1985 252 2032 ei
274 1976 389 2031 animam
408 1983 615 2048 wnqunssnlttm
644 1973 753 2047 proprie
775 1973 867 2046 ntique
885 1971 939 2028 cibi
994 1978 1218 2050 plnsexacturus,
1244 1981 1268 2036 si
1289 1982 1351 2054 plns
1380 1983 1580 2050 commisisset;
1604 1984 1790 2042 abstinentiam

137 2065 277 2141 anqustiis
289 2064 450 2122 sacrificium
461 2064 579 2137 appellet
592 2064 677 2134 (Psoi.
694 2080 722 2132 n,
737 2063 794 2135 lt),
807 2064 869 2134 quis
882 2064 939 2133 jam
993 2065 1184 2140 imperaturus,
1207 2086 1268 2127 cum
1285 2071 1478 2145 indulgentiam
1490 2072 1665 2144 praemisisset
1679 2074 1722 2144 ³⁸3
1740 2090 1792 2146 quo
1831 2126 1833 2130 Α

138 2155 279 2213 dubitabit
311 2157 434 2212 omniurn
458 2170 524 2229 erga
551 2155 652 2212 victum
676 2154 701 2192 ²⁹
727 2153 940 2208 macerationum
993 2155 1090 2226 magis,
1107 2165 1138 2213 ut
1159 2157 1286 2225 diximus,
1303 2160 1476 2231 primordiale
1490 2161 1616 2219 delictum
1639 2163 1793 2233 expiaretur

136 2242 209 2300 hanc
228 2242 314 2300 fuisse
338 2244 480 2313 rationem,
502 2259 556 2316 qua
579 2258 676 2298 rursus
695 2240 836 2297 interdicto
853 2240 938 2307 cibo,
958 2248 963 2255 '
994 2245 1107 2315 majoris
1128 2246 1298 2304 abstinentie
1312 2249 1478 2319 operatione,
1494 2249 1522 2307 in
1542 2251 1652 2320 majoris
1676 2251 1792 2308 licentiae

137 2340 168 2389 et
189 2331 334 2389 obsematc
358 2340 509 2404 precepto,
536 2329 712 2403 primordiale
732 2331 790 2400 jam
812 2329 940 2384 delictum
993 2334 1144 2391 occasione.

136 2419 302 2493 expiaretur,
323 2428 354 2477 ut
371 2421 453 2477 homo
469 2436 516 2492 per
536 2422 659 2484 eamdem
677 2417 819 2474 materiam
836 2432 941 2474 caussae

137 2510 208 2569 satis
220 2510 277 2566 Deo
288 2510 379 2580 faciat,
391 2526 441 2581 per
452 2526 534 2583 quam
546 2508 708 2573 offenderat,
719 2506 747 2561 id
760 2515 811 2571 est,
822 2522 871 2579 per
884 2506 939 2562 cibi
1309 2479 1426 2559 CAPUT
1445 2481 1479 2537 V·

136 2596 360 2655 interdictionem
375 2616 382 2664 ;
400 2609 479 2671 aquo
493 2597 529 2653 tn
543 2595 763 2654 satutemaemuto
782 2595 864 2652 modo
879 2595 941 2651 red·
1029 2601 1160 2675 nonique,
1185 2603 1242 2674 jam
1269 2612 1298 2661 et
1331 2605 1470 2662 tamtttaris
1497 2607 1614 2679 populus
1636 2608 1715 2682 attept
1734 2608 1793 2666 neo

136 2688 303 2744 accenderet
333 2686 434 2755 inedia,
466 2685 548 2744 sicnit
571 2686 734 2743 exstinxerat
765 2685 871 2758 sagina,
891 2698 940 2755 pro
994 2689 1085 2763 coepit,
1101 2698 1128 2745 at
1149 2692 1284 2749 restitutio
1308 2693 1425 2750 hominis
1445 2694 1532 2749 imbui
1552 2696 1648 2765 potnit,
1665 2705 1728 2752 tunc
1750 2697 1794 2753 le-

136 2775 224 2834 unico
237 2774 330 2832 illicito
345 2776 422 2847 plura
433 2774 507 2832 licita
519 2775 716 2832 contemnens?
993 2793 1043 2849 ges
1070 2778 1275 2852 disciplineque
1294 2796 1389 2838 ornnes
1406 2782 1540 2854 imposita
1551 2785 1633 2838 etiam
1655 2801 1716 2855 quae
1738 2786 1793 2841 de·

446 2918 556 2975 CAPUT
584 2916 619 2972 qv
995 2878 1139 2967 nerperooo
1164 2868 1278 2941 victum,
1289 2870 1423 2941 ademptis
1446 2870 1606 2943 quibusdam
1631 2873 1713 2928 veluti
1737 2872 1792 2928 im-

622 2962 629 2975 '
995 2957 1114 3022 mundns,
1144 2972 1199 3029 quo
1232 2957 1337 3014 facilius
1351 2959 1496 3031 aliquando
1530 2960 1634 3031 Jejunia
1667 2961 1794 3019 toleraret

174 3045 239 3100 llaec
271 3045 339 3100 ratio
368 3043 526 3100 servabatur
555 3043 629 3115 apud
662 3039 860 3113 providentiam
887 3040 938 3099 Dei
955 3021 978 3101 Β
993 3045 1085 3112 homo,
1117 3051 1249 3117 perpetua
1271 3045 1299 3101 iu
1323 3047 1487 3119 quibusdam
1521 3048 1681 3106 abstinentia
1716 3067 1791 3107 usus.

135 3147 190 3205 pro
215 3133 382 3205 temporibus
409 3133 501 3188 omnia
519 3131 683 3188 modulantis
706 3132 740 3203 ³⁰,
766 3130 884 3203 nequis
908 3146 940 3187 ex

136 3221 250 3279 diuerso
285 3221 321 3277 ad
351 3222 528 3291 dejiciendam
559 3221 777 3292 propositionem
807 3226 939 3276 nostram.

135 3311 193 3368 Cur
216 3326 293 3383 ergo,
316 3311 387 3368 dicat
408 3325 462 3366 non
490 3310 583 3365 statim
604 3311 677 3365 Deus
700 3308 820 3380 aliquam
852 3308 941 3365 victus

135 3399 281 3458 constituit
298 3400 514 3472 castigationem,
539 3399 661 3472 quinimo
676 3403 705 3454 et
725 3398 801 3455 auxit
821 3397 940 3470 permis-

134 3499 242 3555 sionem
251 3499 266 3553 ?
275 3498 343 3555 llam
355 3497 384 3553 in
398 3496 545 3571 primordio
559 3497 668 3569 quidem
677 3494 822 3552 herbidum
837 3494 940 3552 solum-

136 3588 257 3644 modoet
268 3588 411 3645 arboreum
420 3584 507 3645 959
520 3585 621 3642 bomini
638 3583 765 3657 pabulum
778 3584 937 3642 addixerat:

138 3680 210 3735 Ecce
223 3678 288 3735 dedi
300 3677 374 3733 uoltis
388 3693 471 3736 ornae
480 3676 781 3747 fenumscmeutiuuna
791 3677 938 3733 seminans

137 3780 234 3823 semen
244 3765 316 3838 quod
324 3769 367 3822 est
380 3782 465 3837 cuper
475 3768 601 3829 terrum·
617 3768 645 3820 ct
654 3779 736 3822 omne
747 3766 855 3836 tionum
865 3764 938 3836 quod

140 3853 222 3909 notet
231 3854 263 3908 in
273 3855 422 3927 semetipso
432 3856 563 3923 fructum
578 3855 696 3909 seminis
704 3855 854 3910 sementivi
862 3852 937 3910 uobis

137 3945 197 3999 crit
211 3945 244 3998 iu
266 3959 358 4000 escam
377 3945 458 4013 (Gen.
483 3957 525 4010 rx,
546 3944 602 4010 29).
617 3944 710 3998 l’cstea
724 3957 790 3997 vero
810 3942 846 3997 ad
866 3943 934 4013 Noe,

996 3135 1062 3189 Nam
1082 3142 1109 3191 et
1129 3137 1231 3206 primus
1246 3138 1364 3209 populus
1387 3138 1445 3211 (lc)
1464 3139 1545 3211 primi
1560 3140 1677 3196 bominis
1691 3142 1794 3199 rescul-

995 3229 1086 3294 pserat
1104 3222 1206 3279 crimen
1230 3225 1296 3295 (ll),
1322 3225 1434 3294 pronior
1452 3227 1541 3282 uentri
1555 3243 1636 3298 quam
1654 3230 1718 3286 'Deo
1741 3232 1793 3288 dc-

995 3302 1166 3383 prehendam
1191 3327 1251 3367 cum
1271 3312 1306 3367 de
1325 3312 1423 3369 duritia
1441 3314 1573 3386 Egyptian
1594 3317 1730 3373 servitutis
1746 3334 1793 3376 ra·

994 3400 1049 3456 lida
1062 3415 1145 3456 mauu
1160 3401 1209 3457 Dei
1222 3406 1250 3455 et
1268 3400 1378 3457 sublimi
1398 3402 1508 3458 bracltio
1531 3411 1640 3475 ereptus
1663 3406 1794 3463 Dominus

994 3490 1054 3560 ejus
1067 3489 1142 3545 visus
1156 3489 1196 3560 ³⁹3
1212 3500 1239 3546 et
1254 3498 1334 3547 terrae
1348 3489 1416 3547 lacte
1428 3489 1520 3549 oct)
1533 3501 1560 3549 et
1575 3494 1654 3549 molle
1669 3496 1794 3552 mananti

994 3577 1159 3644 destinatus;
1183 3577 1272 3634 statim
1301 3588 1392 3635 antem
1416 3580 1570 3636 solitudinis
1597 3581 1714 3652 copiosae
1737 3585 1792 3639 cir·

993 3673 1151 3739 cumspectu
1176 3666 1382 3735 scandalizatus,
1408 3667 1555 3725 saturitatis
1573 3670 1709 3742 AEqyptiae
1740 3672 1792 3729 de-

993 3755 1119 3813 trimenta
1134 3757 1160 3795 ²¹⁰
1174 3756 1325 3828 suspirans,
1341 3756 1370 3810 in
1384 3758 1495 3829 bloysen
1511 3768 1538 3817 ct
1552 3759 1643 3816 Aaron
1661 3760 1793 3817 mussita-

992 3844 1044 3903 vit:
1063 3847 1176 3904 lilinum
1191 3844 1356 3905 abnuemus
1369 3847 1526 3918 perornato
1539 3850 1657 3906 Domino
1674 3851 1706 3905 t'n
1717 3855 1795 3908 terro

989 3937 1110 4009 AEqypli,
1125 3935 1239 4006 quaudo
1251 3951 1337 4009 snper
1346 3936 1417 3993 ollas
1430 3938 1563 3993 carnium
1582 3939 1752 4007 sedebamus,
1765 3944 1795 3999 ct

136 4039 293 4088 enumerata
322 4030 489 4102 subjectione
517 4029 639 4087 omnium
667 4029 815 4086 bestiarum
846 4041 933 4103 terrae,
990 4025 1117 4097 panaria
1133 4024 1347 4095 plenitudinem
1366 4024 1598 4082 comedebamus!
1616 4029 1753 4097 Quomodo
1767 4028 1791 4069 ‘¹¹
1844 4065 1850 4073 ·

136 4129 168 4179 et
192 4120 340 4177 volatilium
368 4119 439 4191 coeli,
456 4119 657 4177 etmouentium
674 4120 700 4174 in
718 4128 810 4189 terra,
834 4128 862 4174 et
896 4119 937 4191 pi·
990 4113 1795 4190 eduxistinoainltoecdeserteodinterficiendumapnnpo-

136 4200 229 4268 scium
250 4208 343 4273 maris,
364 4217 391 4263 et
405 4208 493 4264 omnis
516 4209 630 4265 viventis
651 4206 696 4275 ³²,
712 4209 816 4273 Erunt,
839 4206 937 4278 inquit,
992 4219 1056 4273 qam
1077 4203 1164 4256 istam
1180 4203 1276 4273 foma?
1295 4200 1395 4272 (Ducti.
1418 4217 1479 4270 xva,
1504 4204 1543 4271 2.)
1566 4204 1669 4260 Eadem
1693 4208 1793 4263 ventris

122 4299 215 4357 ,vobis
224 4300 454 4366 inescam‚velut
464 4299 541 4356 olera
560 4297 936 4366 soenidedivobisuniversa;
993 4287 1148 4361 praeiaiione
1168 4288 1359 4359 deploraturus
1378 4295 1437 4344 erat
1456 4292 1564 4346 eosdem
1584 4291 1667 4347 duces
1689 4309 1752 4350 suos
1766 4300 1794 4352 Di

136 4402 367 4444 ommoomom
382 4390 415 4444 in
428 4390 572 4459 sanquine
586 4389 692 4442 animno
705 4401 764 4443 snoe
780 4402 839 4442 non
854 4385 938 4444 oditis
955 4368 1041 4448 BDei
1065 4376 1189 4448 arbitros,
1219 4390 1288 4445 quos
1314 4376 1450 4433 desiderio
1481 4378 1570 4433 carnis
1597 4385 1623 4434 et
1649 4382 1791 4438 racemata

824 4555 920 4619 Variae
935 4559 1092 4622 lectiones.

174 4658 352 4717 ²²llatlnisset
371 4661 456 4718 Semi.
485 4658 511 4698 ²⁸
532 4660 630 4715 Casum
655 4659 738 4717 Semi.
753 4658 778 4699 ²⁹
792 4654 990 4721 Victus,Seml.
1007 4662 1080 4730 sorte
1099 4670 1165 4727 erqo
1194 4651 1301 4735 luu3³⁰
1323 4651 1487 4729 lloderantis
1510 4652 1597 4709 Semi.
1613 4651 1635 4691 ³¹
1651 4652 1793 4724 Serpentis

135 4731 539 4792 &autumniautumni
556 4731 581 4769 ³³
602 4731 683 4786 lisam
702 4732 770 4787 lun.
787 4732 810 4771 ³²
829 4733 917 4804 Atque
938 4732 1025 4791 Semi.
1051 4732 1130 4798 trop.
1145 4726 1170 4764 ³⁵
1190 4725 1324 4780 Permrssu
1355 4725 1438 4780 Semi.
1455 4723 1480 4761 ³⁶
1504 4722 1560 4779 Esu
1583 4724 1651 4780 fun.
1677 4727 1794 4786 uidetur

135 4803 273 4874 abfuisse.
289 4802 312 4841 ³²
327 4804 368 4859 De
384 4819 466 4858 manu
491 4801 585 4859 bestie
599 4813 702 4857 omnes.
727 4803 820 4875 ltaque
839 4794 906 4860 ficu
926 4805 1006 4874 Leop.
1028 4799 1053 4838 ³⁰
1074 4796 1242 4852 remisisset
1265 4797 1359 4876 Semi..
1376 4795 1400 4833 ²⁹
1418 4795 1529 4866 Ereptus
1550 4794 1679 4875 dominus
1704 4799 1791 4856 Serui.

135 4872 268 5015 &minus
280 4873 339 4943 ejus
353 4873 429 4933 visus
448 4881 489 4930 est
503 4875 571 4930 fun.
588 4880 615 4927 rt
636 4872 701 4930 odd.
724 4876 784 4931 cod.
809 4876 910 4936 Wouw.
937 4874 979 4930 eis
994 4872 1069 4943 conj.
1097 4871 1176 4924 Pam.
1192 4873 1219 4922 et
1233 4882 1309 4923 uncis
1323 4872 1419 4922 ntrtur.
1433 4865 1458 4903 ⁴⁰
1482 4868 1650 4923 Detrimento
1666 4869 1751 4927 Semi.
1768 4870 1791 4910 ‘¹

171 4944 334 5002 uoniamcl.

838 5023 1088 5108 Commentarius.

176 5167 236 5239 (lb)
250 5168 281 5225 Si
292 5169 345 5224 uni
359 5167 519 5224 arbusculae
531 5169 667 5238 jejunare
680 5165 838 5225 maluisset.
855 5165 940 5235 Quale

133 5236 301 5307 ieiunium?
320 5238 542 5308 quandoquidem
556 5237 659 5293 ndamo
682 5238 754 5293 Deus
769 5253 803 5293 ex
818 5239 891 5293 omni
908 5239 941 5294 li·

137 5322 199 5384 gno
226 5309 369 5366 comedere
389 5309 548 5378 indulserat,
572 5312 650 5364 unica
677 5317 778 5365 tantum
801 5309 941 5366 arbuscula

136 5385 261 5450 excepta.
278 5380 350 5436 Sane
365 5383 497 5436 adamum
520 5379 636 5450 perdidit
652 5394 705 5435 nott
720 5380 793 5448 qula,
809 5382 857 5436 sed
872 5396 941 5450 prae·

137 5457 255 5507 maturae
271 5450 417 5507 diurnitatis
438 5452 547 5522 cupido.
562 5452 626 5508 lite.
890 5514 892 5518 Α

175 5522 234 5594 (tn)
251 5523 323 5580 fio-m
337 5528 365 5582 et
384 5524 495 5596 pomus
508 5525 639 5597 populus,
659 5528 711 5578 etc.
728 5521 832 5578 Primus
844 5521 941 5595 appel-

136 5592 213 5648 latur
234 5593 351 5666 populus
371 5593 511 5662 iudaicus,
544 5595 578 5650 ad
598 5591 800 5650 distinctionem
829 5594 942 5650 secundi

135 5663 281 5722 Gentium.
297 5665 347 5723 llic
369 5679 434 5721 vero
456 5665 564 5723 videtur
587 5679 699 5737 prorsus
722 5664 888 5738 superfluum
906 5663 942 5720 il-

996 5163 1054 5226 lud,
1086 5162 1158 5233 quod
1181 5161 1249 5216 adeo
1277 5160 1430 5232 parenthesi
1454 5161 1624 5229 inclusimus,
1656 5167 1794 5223 Dominus

995 5236 1065 5307 eius.
1088 5250 1136 5288 sou
1150 5234 1238 5303 potius
1252 5234 1302 5298 eis,
1318 5234 1394 5287 nisus
1410 5238 1460 5288 cst.
1474 5234 1543 5290 Pau.

1033 5305 1187 5375 (lf)Primi
1198 5304 1647 5375 lominir'resoatpserotcrimea
1669 5306 1794 5376 Augusti-

996 5392 1047 5431 nus
1067 5379 1099 5432 iu
1126 5377 1201 5432 Psoi.
1219 5391 1248 5429 vr
1266 5393 1271 5431 :
1290 5394 1303 5426 a
1320 5375 1390 5430 Dum
1406 5378 1475 5430 enim
1501 5392 1549 5431 nos
1559 5377 1749 5444 convertimur,
1767 5378 1794 5434 id

996 5455 1048 5515 est,
1067 5447 1212 5502 mutatione
1226 5446 1322 5503 vetaris
1336 5447 1408 5510 uitae,
1426 5447 1601 5511 resculpimus
1619 5444 1753 5517 spiritum.
1780 5468 1792 5497 s

998 5517 1112 5575 Rufinus
1126 5518 1152 5572 in
1164 5519 1289 5574 eumdem
1299 5518 1341 5574 Ps.
1359 5535 1365 5573 :
1383 5537 1396 5568 a
1410 5519 1480 5572 Dum
1493 5517 1686 5584 convertimur,
1700 5516 1725 5571 id
1741 5527 1791 5584 est,

998 5589 1064 5664 dum
1083 5590 1291 5646 commutatione
1304 5588 1405 5645 veteris
1419 5588 1480 5644 vite
1496 5587 1683 5661 resculpimur.
1697 5588 1791 5648 »iiie
