3840 6134
202 278 255 343 403
552 270 774 335 uultmutluul
793 270 928 334 ouuuull
946 271 1029 334 PARS
1048 271 1082 332 ll.
1101 303 1138 319 -
1155 270 1269 334 sununs
1288 271 1309 341 Ι,
1330 270 1505 333 uouuutcl.
1798 271 1850 333 llll

199 406 276 480 ginno
290 402 425 478 smnlegii
448 403 493 474 (34
507 401 536 459 in
558 400 661 470 Deum,
689 409 792 456 nsturoe
818 398 956 455 dominnm
970 406 998 456 el
1011 417 1036 497 Ι
1050 409 1076 456 44
1091 400 1154 456 huic
1169 399 1290 456 materiae
1300 399 1355 469 (43)
1367 405 1476 470 propter
1489 393 1653 454 suaviludios
1666 403 1777 456 nostros
1789 399 1850 473 (44)

197 501 351 551 auctorem·
1051 488 1147 546 Graeoo
1161 504 1270 560 qnoque
1279 487 1349 558 stylo
1363 485 1553 542 satisfecimus.

499 639 614 697 CAPUT
629 638 675 697 vl.
1362 636 1474 693 CAPUT
1494 635 1553 693 vu.

233 772 337 849 Queris
358 772 383 812 ²⁵
408 770 490 847 igitur
511 770 559 828 Dei
582 769 696 844 legem?
719 770 803 826 babes
825 781 995 826 communem
1085 770 1199 829 Proinde
1213 770 1348 829 coronarii
1360 769 1404 827 isti
1419 779 1567 844 agnoscant
1591 769 1696 827 interim
1716 770 1774 844 (ts)
1798 788 1850 828 ns-

198 862 321 922 ‘ustomin
336 860 445 933 publico
468 858 572 923 muudi,
594 858 621 913 ill
641 859 810 915 nulllllliblll
831 857 939 923 libuli&
960 856 995 910 ad
1050 869 1117 918 lure
1131 860 1328 926 anctoritatem,
1350 860 1501 917 oonrmunis
1523 860 1664 932 sapientius
1679 861 1701 900 ²²
1725 863 1846 932 nomine,

198 969 265 1027 qnas
280 963 309 1009 et
327 950 472 1022 Apostolus
486 950 556 1005 solet
573 963 731 1020 prouocare,
746 956 775 1004 nt
793 962 855 1004 cum
880 948 907 1002 in
922 944 998 1002 uela·
1049 965 1104 1023 qua
1120 949 1252 1017 homines,
1268 950 1313 1004 sod
1334 949 1443 1020 propria
1458 947 1597 1020 religionis
1611 949 1723 1022 pignora
1736 950 1762 989 ²²
1780 953 1847 1022 (46),

199 1041 273 1098 mino
296 1038 412 1107 feminac,
424 1040 479 1095 Nec
495 1041 675 1103 mucrones,
690 1036 786 1110 inquit,
802 1036 880 1094 dcccl
894 1035 918 1106 (l
934 1036 997 1094 Cor.
1050 1053 1103 1108 uua
1117 1036 1204 1092 Deum
1233 1046 1335 1093 naturae
1357 1037 1392 1092 de
1419 1037 1542 1107 proximo
1565 1036 1589 1076 ²⁹
1604 1039 1723 1093 colentes
1743 1055 1750 1096 :
1767 1047 1849 1111 atque

199 1147 241 1199 ιι,
258 1131 323 1201 lt);
338 1135 369 1184 ut
381 1143 442 1184 cnm
460 1128 494 1182 sd
511 1128 647 1183 Romanos
661 1129 705 1196 (ιι,
730 1129 786 1197 44),
803 1134 897 1180 natura
912 1123 998 1179 locere
1051 1127 1098 1194 its,
1129 1126 1203 1182 uelut
1229 1141 1262 1182 eu
1286 1124 1433 1183 abundanti
1458 1133 1569 1181 ceteras
1596 1139 1704 1198 quoquo
1730 1125 1849 1183 rationes

200 1219 293 1277 dicens
319 1216 442 1273 nationes
465 1230 497 1271 eo
515 1231 577 1287 qnae
591 1226 656 1272 sunt
669 1216 747 1288 legis,
771 1223 798 1270 et
816 1215 905 1284 legem
922 1219 999 1285 natu·
1051 1212 1203 1286 dispiciant,
1219 1230 1280 1286 qnae
1296 1221 1388 1270 nostro
1421 1214 1543 1286 priuatim
1567 1214 1647 1287 capiti
1663 1229 1848 1272 coronamen-

200 1307 284 1365 nalem
293 1304 425 1381 suggerit,
441 1313 469 1362 el
482 1313 603 1360 naturam
621 1303 745 1375 legalem.
761 1302 812 1358 Sed
828 1301 893 1357 elin
907 1299 999 1373 priore
1052 1303 1096 1371 tis,
1121 1312 1148 1361 et
1169 1305 1279 1375 quidem
1298 1303 1424 1361 omnibns
1438 1303 1609 1360 interdicunt.
1624 1304 1692 1359 Nam
1716 1311 1742 1360 ct
1766 1321 1849 1378 urge·

200 1396 314 1469 epistola
342 1396 408 1465 (34),
433 1393 584 1449 naturalem
608 1406 687 1446 nsum
714 1389 878 1446 conditionis
900 1389 927 1445 in
945 1403 1000 1446 non
1053 1409 1113 1450 mur
1131 1392 1349 1450 ucomnrnnione
1364 1391 1492 1449 naturalis
1504 1392 1665 1464 discipline,
1680 1392 1799 1450 conuerti
1814 1393 1848 1449 ad

200 1485 353 1542 naturalem
379 1481 513 1536 masculos
530 1487 558 1535 et
584 1478 702 1535 lominus
720 1480 788 1535 inter
803 1495 832 1535 se
845 1478 1000 1535 demutusse
1052 1482 1241 1555 proprietatem
1266 1481 1424 1538 Christianae
1449 1488 1533 1538 totam
1556 1482 1614 1552 jam
1641 1480 1849 1550 defendendam,

200 1573 340 1632 adfirmans
366 1586 398 1628 ex
419 1568 600 1626 retributione
618 1568 718 1624 erroris
736 1569 763 1624 in
792 1567 876 1624 uicem
899 1582 997 1639 pocus,
1054 1587 1103 1643 per
1122 1577 1234 1628 caetcras
1257 1585 1364 1644 quoque
1386 1570 1491 1643 species
1510 1585 1685 1640 coronarum,
1705 1586 1767 1643 quse
1791 1569 1855 1626 aliis

200 1662 295 1734 utiquc
318 1657 430 1716 naturali
463 1657 526 1714 nsni
551 1657 735 1730 patrocinatur
757 1657 782 1696 ³⁶
809 1656 875 1729 (33).
908 1657 999 1728 [psum
1054 1659 1149 1716 usibus
1163 1667 1313 1731 prospectae
1335 1659 1471 1725 uidentur,
1499 1664 1530 1715 ul
1556 1657 1581 1697 ²⁰
1607 1658 1669 1715 eliis
1694 1657 1853 1717 substantiis

200 1751 289 1808 Deum
313 1749 466 1806 secundum
490 1753 613 1803 naturam
628 1745 704 1817 prins
722 1744 857 1814 nouimus,
873 1751 899 1801 el
914 1745 1001 1800 Deum
1017 1702 1040 1781 Β
1054 1749 1182 1814 structam
1198 1762 1241 1812 ne,
1260 1746 1325 1819 quis
1339 1762 1392 1803 non
1412 1762 1445 1802 ex
1458 1746 1570 1803 floribus
1586 1754 1722 1817 constant,
1736 1761 1852 1820 quornm

201 1839 371 1913 appellantes
384 1837 509 1902 deornm,
536 1838 564 1892 el
577 1836 678 1892 bonum
701 1841 906 1907 presumentes,
920 1842 947 1891 et
959 1834 1002 1904 ju·
1054 1851 1133 1894 ursum
1149 1842 1246 1890 natura
1259 1833 1375 1907 signauit
1392 1835 1430 1906 (ιιι
1449 1835 1506 1905 ipsa
1525 1837 1585 1893 haeo
1600 1836 1690 1893 laurea
1705 1835 1852 1906 militaris),

201 1927 289 1985 dicem
326 1927 510 1983 inuocantes:
541 1923 640 1996 queris
672 1939 706 1980 an
748 1921 896 1980 conditioni
940 1923 1001 1993 eius
1054 1923 1266 1979 nonorednntur
1293 1923 1435 1979 admittere
1450 1930 1531 1980 secte
1545 1924 1774 1989 interdictionem,
1790 1924 1856 1996 qnia

202 2017 324 2075 fruendae
347 2021 444 2071 nutura
470 2013 548 2070 nobis
570 2013 670 2069 debeat
692 2012 790 2084 praeire
814 2011 882 2083 (44),
906 2027 940 2067 ne
955 2010 1002 2066 ills
1052 2011 1188 2070 evamrint
1209 2019 1311 2068 naturus
1340 2011 1583 2084 praescriptionem.
1611 2012 1699 2069 Video
1723 2011 1805 2085 igitur
1827 2022 1856 2068 et

202 2106 339 2179 rapiamur
364 2119 419 2176 qua
441 2102 490 2157 Dei
505 2101 616 2158 aenrulus
640 2101 792 2157 uniumsnm
818 2099 999 2156 conditionem
1053 2099 1189 2158 curiosius
1202 2108 1230 2155 et
1252 2100 1357 2171 planius
1387 2100 1525 2174 agendum
1549 2101 1583 2156 ab
1602 2099 1755 2172 originibus
1768 2115 1855 2172 usquc
1912 2130 1918 2141 ·

202 2192 283 2250 certis
295 2192 390 2248 usibus
404 2188 508 2246 bomini
527 2188 716 2261 mancipatam,
730 2204 792 2245 oum
817 2188 878 2260 ipso
893 2187 1001 2244 bomine
1054 2189 1089 2245 ed
1118 2188 1256 2261 proiectus
1278 2197 1306 2245 et
1319 2205 1446 2246 excessus
1459 2190 1508 2246 rei.
1525 2190 1636 2246 littore
1650 2189 1685 2245 ad
1700 2191 1750 2246 boc
1765 2204 1855 2245 sueon-

201 2284 333 2356 corrupit,
348 2280 418 2336 unde
442 2295 503 2337 cam
532 2276 589 2334 sn
608 2288 635 2334 et
659 2278 807 2351 Apostolus
832 2275 944 2333 invitum
966 2277 1003 2333 sit
1055 2277 1126 2333 lares
1140 2277 1302 2333 necessarie
1316 2294 1326 2345 ;
1341 2277 1374 2331 de
1388 2277 1445 2333 suis
1458 2278 1529 2335 enim
1552 2277 1742 2334 instrumentis
1767 2291 1855 2333 saecn·

201 2368 317 2427 vanitati
336 2367 484 2424 succidisse
505 2365 561 2437 (ll)
583 2367 672 2435 (Rom.
698 2379 760 2432 uuir,
782 2362 837 2436 nol,
851 2362 928 2420 vanis
943 2363 1001 2434 pri·
1055 2365 1120 2421 laria
1149 2365 1256 2437 probari
1286 2381 1398 2423 necesse
1426 2376 1477 2422 cst.
1502 2366 1653 2436 Quantulas
1671 2366 1758 2439 attigi,
1773 2365 1855 2422 oredo

201 2475 277 2516 maun
289 2459 393 2528 usibus,
416 2467 471 2512 tum
496 2453 630 2524 turpibus,
655 2459 682 2509 el
709 2451 825 2522 iniustis,
848 2459 877 2507 ct
901 2450 1001 2523 impiis,
1055 2452 1202 2510 sullicient.
1231 2453 1260 2509 Si
1282 2452 1333 2510 init
1358 2454 1450 2526 alique
1475 2456 1604 2520 Pandora,
1633 2470 1713 2527 qnam
1738 2453 1855 2525 primam

203 2549 361 2606 annerum
376 2545 446 2601 usuc
459 2544 551 2616 itaque
565 2550 593 2598 ct
607 2541 679 2598 circa
693 2543 846 2611 voluptates
859 2549 1002 2612 spectacu-
1056 2541 1216 2598 laminarum
1239 2550 1372 2599 memorat
1399 2544 1544 2609 Hesiodus,
1574 2541 1630 2600 85
1658 2542 1709 2599 hoc
1737 2542 1855 2615 primum

203 2636 294 2694 lorum
309 2634 437 2693 infamata
450 2631 571 2689 condutio
586 2642 626 2687 est
648 2630 682 2685 ab
693 2632 733 2686 eis
752 2629 809 2701 qui,
826 2639 921 2685 natura
939 2627 1004 2700 qni·
1056 2635 1138 2699 capnt
1152 2635 1312 2686 coronatum
1326 2637 1397 2686 esta
1420 2631 1582 2702 charitibus,
1602 2647 1665 2688 cnm
1679 2632 1714 2686 ab
1728 2629 1856 2686 omnibns

204 2725 276 2793 deun
291 2724 342 2780 Dei
368 2721 458 2780 omnia
484 2721 613 2785 sentiunt,
630 2735 661 2776 es
680 2717 781 2790 quibus
794 2717 946 2790 spectaculo
959 2716 1003 2772 in·
1056 2724 1246 2773 muneraretur
1260 2717 1333 2774 unde
1356 2719 1489 2776 Pandora.
1504 2719 1590 2776 Nobis
1604 2734 1668 2776 uero
1683 2719 1790 2790 llcyses
1810 2719 1857 2788 (l'l

205 2819 377 2884 struuntur,
407 2811 518 2867 scientia
544 2819 632 2864 nuum
662 2805 787 2863 deficiunt
810 2806 873 2860 illud
897 2820 1004 2878 quoqne
1058 2806 1243 2879 propheticus,
1270 2823 1325 2864 non
1352 2808 1472 2880 poeticus
1495 2817 1586 2882 pastor
1609 2807 1677 2880 (48),
1707 2806 1855 2881 principum

205 2902 358 2976 intelligere
380 2899 449 2972 (44),
474 2897 565 2955 omnia
587 2912 647 2954 csse
672 2895 810 2952 adinbolo
824 2904 934 2952 munta.
950 2895 1005 2952 Sed
1058 2895 1184 2952 laminam
1198 2895 1281 2951 Euam
1296 2896 1401 2953 lucilius
1429 2897 1554 2970 pudenda
1576 2897 1670 2968 lolliis,
1684 2913 1766 2969 quam
1790 2902 1856 2952 tem·

889 3035 985 3101 Varia
1006 3040 1164 3102 lectiones.

238 3150 264 3190 ²⁵
277 3149 390 3220 Quaeras
404 3151 491 3206 Fron.
502 3148 594 3202 Porus.
609 3145 635 3184 ²⁵
648 3142 1019 3270 Nntnrslibnsapgtrocisntur
1031 3147 1084 3201 oct.
1100 3143 1160 3204 cod.
1178 3143 1236 3217 lurp.
1249 3143 1274 3183 ²²
1287 3145 1423 3202 Patientia
1440 3145 1527 3204 libert.
1539 3144 1750 3216 parantisl’ron.
1762 3145 1856 3201 Poris.

206 3220 233 3262 ²⁸
245 3221 364 3294 Pignore
377 3221 445 3278 lun.
461 3217 486 3257 ²⁹
500 3216 624 3274 Proxime
639 3217 701 3273 Lol.
717 3214 742 3254 ³⁰
755 3215 794 3270 Ex
888 3215 976 3271 ltten.
992 3216 1076 3273 Fron.

920 3354 1171 3420 Commentarius.

241 3470 300 3541 (33)
317 3466 443 3538 lllopinm
465 3462 619 3534 4444444944.
644 3460 713 3541 Cum
734 3466 845 3530 nspeeln
867 3458 901 3514 ad
921 3457 1009 3540 elogia
1023 3484 1045 3564 e
1060 3462 1158 3518 librum
1193 3464 1435 3535 Seclooulornm,
1452 3480 1506 3521 non
1524 3464 1608 3523 modo
1633 3465 1738 3532 Latino,
1763 3465 1810 3521 scd
1833 3473 1862 3520 et

204 3549 233 3598 et
248 3542 341 3596 titulos
355 3551 472 3600 reorum,
488 3533 521 3589 de
536 3532 635 3614 quibus
655 3540 744 3612 eapite
759 3535 794 3612 l,¹
808 3529 842 3587 de
866 3529 933 3588 idol.
950 3541 1005 3610 uta·
1060 3533 1156 3590 Gracco
1166 3481 1236 3604 styfo
1250 3550 1267 3589 n
1282 3551 1311 3590 sc
1326 3536 1467 3604 scriptum.
1479 3535 1549 3592 Ριιι.

203 3628 259 3684 qne
292 3614 366 3666 notui
393 3604 506 3662 Tertull.
532 3618 635 3661 crimen
663 3603 758 3659 sacrrle
777 3618 796 3682 ¹.¹
810 3621 820 3658 .·
833 3618 906 3672 saepe
931 3616 1003 3656 enirn
1094 3605 1152 3674 (44)
1172 3605 1349 3662 Suoviludios
1371 3610 1493 3664 nostros.
1507 3607 1701 3680 Siouocatuui
1724 3622 1757 3662 es
1780 3604 1860 3661 Clrri·

203 3699 258 3741 vox
281 3687 333 3735 ista
357 3679 385 3732 in
411 3675 520 3757 mnam,
534 3685 740 3746 partem:conc.
757 3620 1004 3745 firsparennecun-
1058 3674 1153 3730 suanis
1180 3680 1269 3732 adbuc
1297 3679 1511 3747 spectaculorum
1537 3677 1748 3736 oblectamentis
1784 3683 1861 3732 tene·

206 3753 282 3815 dmn,
307 3765 367 3819 cap.
397 3751 432 3804 ὃς
452 3768 463 3799 ι
481 3748 568 3802 Euam
589 3749 654 3802 curn
673 3751 783 3815 aspectu
805 3744 840 3800 ad
862 3758 922 3823 uns,
951 3758 1006 3799 nnn
1058 3753 1153 3804 rentur
1168 3764 1175 3804 :
1193 3746 1319 3821 intelligit
1333 3755 1425 3805 autem
1440 3748 1509 3804 duos
1523 3749 1608 3808 libros
1622 3751 1657 3809 dc
1671 3748 1859 3823 Spectaculis.

206 3818 416 3880 consecrationis
444 3819 560 3884 titulum,
585 3818 635 3874 scd
664 3814 818 3888 ignoratione
839 3814 1003 3886 elogium.»
1059 3817 1152 3876 nunu.

207 3895 277 3953 Lau.
563 3958 567 3967 ,
649 3957 654 3968 ⁸
778 3958 782 3968 Ι
908 3955 943 3967 Η
982 3956 987 3967 ‚
1096 3889 1155 3960 (43)
1169 3890 1328 3962 Aquosconl
1344 3891 1471 3947 interim.
1482 3892 1546 3948 Hac
1556 3891 1652 3949 uccnln
1661 3889 1689 3945 in
1698 3888 1863 3945 Tertulliano

243 3964 301 4046 (38)
316 3961 410 4043 Sedet
424 3961 456 4043 in
470 3974 584 4032 propruo
608 3954 737 4031 sportolo.
754 3956 836 4039 luber
854 3955 954 4020 Urarnr,
976 3971 1007 4010 en
1062 3976 1116 4015 non
1130 3959 1286 4040 accipienda
1309 3968 1352 4015 cst
1380 3961 1485 4033 uulgari
1503 3977 1593 4043 sensu,
1609 3970 1649 4043 ut¹
1665 3968 1743 4015 notet
1760 3959 1860 4042 uliquis

205 4028 1009 4171 tulullltlul‘l'llut·lulllllulurl‘ls
1062 4044 1260 4173 tltullllt
1282 4033 1888 4172 stulu„ul‘tbsttlpultfftlt‘

212 4178 363 4234 constituit.
380 4194 393 4226 s
410 4175 472 4229 liro.
585 4242 590 4253 ἣ
1064 4175 1136 4229 eninr
1151 4172 1304 4229 luculenter
1319 4176 1442 4243 probauit
1463 4179 1647 4231 sonoritatem
1670 4183 1773 4228 staturas
1788 4189 1796 4226 :
1813 4173 1860 4226 sed

247 4247 305 4320 (39)
336 4247 431 4318 illique
458 4241 589 4300 nolurolt
616 4243 681 4299 usui
708 4242 918 4316 patrocinatur.
930 4240 1012 4297 Vetus
1065 4242 1266 4300 inurimidom
1279 4248 1404 4314 estquod
1414 4247 1478 4317 jum
1490 4262 1581 4303 nuuc.
1598 4247 1665 4301 Lac.

214 4317 376 4389 exemplar:
398 4314 582 4372 Nolurolibets
594 4314 806 4387 patrocinatur.
819 4314 897 4382 Quod
919 4325 1013 4368 uerum
1103 4315 1162 4386 (43)
1180 4317 1306 4386 Propriae
1318 4316 1463 4388 relipionia
1472 4318 1600 4389 pipnoro.
1615 4315 1746 4372 liesoribit
1766 4313 1865 4369 lunius

138 4440 141 4447 .
209 4404 272 4449 esse
284 4390 407 4447 arbitror.
419 4386 485 4444 Bra.
941 4451 946 4462 ¹
1068 4387 1195 4458 pipnore,
1210 4397 1236 4441 et
1251 4385 1421 4442 alienissime
1430 4388 1557 4457 explicat,
1568 4389 1682 4443 fortusse
1696 4386 1762 4458 quia
1776 4385 1867 4441 noluit

246 4462 305 4533 (40)
320 4460 364 4515 Art
378 4458 535 4516 conditioni
545 4457 605 4528 ejus
619 4453 748 4528 frumudoe
759 4458 867 4510 coloro
881 4451 961 4532 nobes
972 4450 1015 4506 de»
1068 4463 1176 4512 sanctos
1190 4472 1336 4530 agnoscere
1355 4473 1443 4529 neque
1456 4457 1517 4513 illos
1535 4459 1586 4514 ooli
1600 4461 1741 4540 sparsione
1754 4456 1864 4513 llorum.

212 4533 277 4591 beot
290 4531 403 4604 preire.
419 4531 476 4586 lloc
493 4539 545 4595 est,
567 4544 602 4583 an
617 4529 699 4584 robus
712 4542 780 4598 quus
793 4525 866 4580 Deus
884 4521 1013 4592 concidat,
1069 4526 1121 4582 Sed
1136 4528 1229 4584 uideas
1254 4528 1422 4585 consimilem
1447 4531 1588 4600 periodum
1613 4529 1691 4586 unitio
1716 4543 1775 4600 seq.
1804 4543 1864 4596 cup.

210 4602 266 4660 frui
280 4602 483 4669 audebamus,
500 4611 529 4655 ut
539 4599 769 4657 naturamducem
776 4609 930 4667 sequemur.
941 4597 1011 4648 tlon·
1070 4598 1133 4654 lam
1147 4601 1224 4656 eni-m
1246 4599 1330 4655 audio
1345 4600 1412 4663 aiei,
1427 4615 1478 4658 010,
1500 4601 1564 4658 Luc,

212 4674 341 4731 ditionem
367 4672 433 4730 dicit
459 4673 532 4745 quod
560 4670 605 4726 slri
632 4676 793 4726 creaturum.
817 4667 862 4723 sio
876 4665 950 4720 lib.1
978 4663 1011 4722 de
1101 4669 1159 4740 (47)
1174 4670 1254 4728 Nolis
1266 4684 1327 4727 cero
1344 4671 1452 4744 Moyses,
1469 4681 1521 4728 stc.
1534 4673 1625 4728 Mosen
1637 4667 1869 4743 pastoremluisse

215 4747 377 4818 Culluscm.
389 4758 453 4816 pag.
473 4745 522 4800 173
543 4759 576 4797 :r
593 4743 643 4798 Dei
654 4739 770 4796 conditis
787 4749 828 4795 est
848 4741 943 4804 unus»
961 4738 1011 4792 luoc
1067 4737 1281 4796 indicuntlixodi
1294 4746 1374 4796 verna
1385 4757 1444 4812 cap.
1462 4745 1496 4800 l:
1510 4744 1609 4815 Moyses
1622 4745 1720 4799 colna
1733 4741 1868 4815 poscebat

213 4826 264 4889 ost,
279 4818 353 4873 Thus
366 4818 448 4872 oDao
469 4813 607 4894 conditum
621 4819 795 4882 creatumque
809 4817 859 4866 est.
875 4807 937 4890 Ruta
997 4875 1002 4887 Ι
1028 4777 1051 4857 u
1068 4827 1130 4892 ones
1144 4812 1316 4891 secernetur.
1346 4813 1430 4868 Porro
1458 4830 1506 4885 per
1529 4813 1660 4882 poeticum
1678 4821 1810 4885 pastorem
1826 4813 1870 4867 in-

250 4890 305 4962 (44)
347 4886 474 4944 l‘onlloli
501 4883 661 4966 succedisse.
702 4884 730 4937 ld
770 4886 891 4951 usurpat.
930 4882 1016 4960 inquil
1069 4880 1165 4962 telligit
1192 4883 1349 4950 llesrodum,
1380 4884 1427 4955 uui
1453 4887 1487 4941 nd
1515 4885 1670 4941 llelioonem
1695 4891 1870 4956 paternarum

214 4960 314 5025 libers..
329 4969 358 5014 ut
372 4957 432 5013 aluis
450 4956 525 5013 librts
540 4969 738 5036 septennalem,
753 4967 804 5024 pro
836 4951 1015 5030 succubuisse
1068 4965 1160 5032 orrum
1183 4954 1320 5010 custodem
1340 4970 1433 5026 ageris,
1447 4971 1511 5013 cum
1524 4957 1615 5011 Musas
1630 4955 1825 5026 conspexisset,
1842 4962 1872 5009 ct

215 5029 256 5089 uel
269 5028 428 5102 subjectum
456 5042 523 5092 esse,
549 5039 587 5080 uu
606 5027 741 5079 transtullt
759 5030 851 5102 noster
869 5029 1014 5091 interpres,
1069 5023 1103 5078 ab
1125 5040 1165 5081 ers
1185 5024 1219 5079 ad
1244 5025 1439 5094 Hippocrenen,
1456 5029 1483 5082 io
1505 5042 1547 5082 est
1571 5027 1736 5081 caballinum
1760 5025 1871 5081 iontem

212 5101 293 5158 Rom.
309 5114 371 5157 ιιιι.
387 5099 518 5171 Legimus
531 5104 622 5152 autem
635 5098 717 5166 paulo
731 5103 792 5165 post
804 5104 901 5148 uterum
915 5105 948 5145 ex
963 5105 1014 5145 ms.
1068 5095 1199 5153 deductus
1223 5094 1331 5165 inisset,
1346 5098 1438 5154 statim
1460 5097 1697 5154 excellentissimus
1712 5108 1794 5169 poeta
1809 5094 1871 5152 luc-

214 5170 288 5237 444,
304 5178 365 5225 cuo.
397 5168 589 5223 Paterniarcnsi
612 5180 639 5222 eu
654 5161 849 5237 llirsangiensi,
875 5184 887 5213 ι
902 5161 954 5230 Qui
968 5177 1017 5216 na·
1070 5173 1115 5222 tns
1130 5178 1181 5233 est,
1196 5166 1267 5221 unde
1282 5168 1347 5222 illud
1364 5169 1462 5225 Ouid:

215 5251 273 5298 tnra
304 5239 405 5304 uidem,
424 5239 475 5294 llei
492 5236 726 5294 omniasentinnt.
746 5255 758 5284 a
779 5234 848 5289 Nam
866 5234 1016 5291 144444444-
1131 5255 1186 5306 po„
1203 5254 1266 5304 milri
1281 5265 1342 5305 ,um
1354 5259 1415 5307 ,pm
1431 5256 1494 5315 0150,
1508 5255 1612 5308 clius„
1628 5270 1726 5307 „mm

216 5311 285 5370 leret
325 5319 455 5391 luenantus.
473 5311 540 5366 Poll.
647 5378 652 5388 Ι
727 5377 733 5388 ⁶
936 5375 941 5386 Ι
1148 5317 1261 5367 Servanti
1274 5319 1383 5381 pecudes
1397 5319 1516 5379 vallibus,
1534 5323 1621 5376 Ascra,
1636 5326 1695 5369 tnrs.
1712 5319 1794 5370 naun.

251 5385 310 5458 (44)
324 5382 450 5440 &nuru
463 5378 707 5460 oolcmdcfictunt
721 5376 796 5435 tllud
808 5391 915 5458 quoquc
929 5373 1016 5457 pntet-
1106 5378 1164 5450 (ts)
1175 5381 1274 5460 ldopscs
1281 5381 1537 5455 prophetissarum
1548 5384 1676 5456 poeticus
1684 5387 1792 5456 postor.
1808 5382 1874 5438 lllo-

218 5455 316 5530 lt'pers.
331 5452 469 5511 Deliornnt
482 5452 648 5523 iintelligerc,
663 5449 715 5506 boc
729 5459 837 5506 estnon
853 5447 1014 5519 rutellrguut.
1069 5457 1148 5505 seset
1157 5450 1291 5507 llesrodns
1301 5454 1381 5509 ambo
1391 5452 1469 5510 luere
1479 5460 1602 5526 pastores
1615 5471 1621 5512 :
1634 5452 1873 5528 illspropbeticus,

219 5526 357 5585 [inliciunt
367 5523 479 5582 scientia
496 5520 722 5603 quaintellipnnt.
737 5520 798 5603 llic.
944 5587 950 5599 Ι
1070 5521 1115 5577 bic
1129 5522 1334 5593 poeticusllm.

251 5600 307 5672 (43)
324 5595 376 5658 Sed
392 5601 420 5654 44
444 5592 509 5654 lunis
524 5597 665 5656 44444444.
688 5591 790 5651 Alludrt
803 5589 874 5648 hand
888 5588 968 5647 dulne
981 5585 1016 5645 ad
