3840 6134
151 296 186 355 75
287 293 289 297 ’
711 279 930 344 'tuutbttttttt
950 279 1082 341 aestuat
1102 280 1185 342 1³th
1205 284 1237 342 11.
1763 285 1798 344 75

148 417 444 494 perstringentem
465 413 538 471 euim
555 410 685 469 Iudaismi
714 409 858 466 hereticos
875 407 942 476 (ab),
961 425 984 504 ss
1001 408 1057 463 suis
1080 407 1277 479 institutam,a
1300 408 1425 465 daemoue
1445 423 1476 464 se
1497 408 1642 467 oberrante
1666 410 1703 478 ³⁵,
1725 413 1801 485 qnia

146 510 314 578 Dositheum,
339 507 459 580 inquam,
474 499 728 573 Samaritanumqui
743 498 847 572 primus
857 513 942 553 ausus

146 607 187 654 est
206 598 361 673 propbetas,
377 594 451 668 quasi
466 607 521 649 uon
545 590 572 645 ia
594 589 694 661 Spiritu
719 596 811 644 saneto
828 587 942 652 locutos,

146 684 296 760 repudiare.
312 687 398 742 Taceo
412 681 599 746 Sadduccaeos,
620 679 667 751 qui
682 694 714 734 er
738 676 822 746 hujus
845 674 944 732 erroris

145 775 236 833 radice
250 780 399 848 surgentes,
417 768 476 826 ausi
498 775 560 824 suut
582 767 616 822 ad
640 767 708 820 lianc
722 763 845 821 haeresim
861 762 943 818 etiam

144 861 364 919 resurrectionem
390 857 478 914 earnis
506 869 615 928 negare.
642 850 818 907 Praetermitto
846 849 943 905 Phari-

144 965 223 1020 saeos‚
247 949 292 1021 qui
319 947 499 1002 additamenta
528 943 650 1013 quasdam
675 939 731 1011 legi
756 939 902 995 astruendo
928 952 943 991 a

142 1036 243 1093 ludaeis
255 1035 335 1094 dirisi
351 1041 412 1090 suut
426 1053 435 1088 .·
451 1033 522 1087 aude
539 1030 617 1085 etiam
638 1030 689 1085 hac
710 1028 831 1099 accipere
855 1026 943 1098 ipsum

143 1125 215 1196 quod
229 1126 328 1181 bahent
347 1137 457 1188 nomen,
479 1119 554 1193 digni
567 1119 677 1174 luerunt
692 1134 698 1171 :
713 1131 774 1172 cum
797 1116 839 1169 bis
862 1114 943 1169 etiam

141 1214 318 1279 Herodianus,
334 1211 383 1286 qui
402 1209 539 1266 Christum
564 1206 695 1263 Herodem
723 1220 784 1260 esse
807 1203 942 1259 dixerunt.

423 1296 538 1354 CAPUT
567 1295 664 1350 XLVI.

143 1391 245 1449 Danda
259 1405 303 1445 eos
323 1389 456 1449 recenset,
473 1384 522 1456 qui
533 1400 569 1439 er
579 1382 728 1453 Evaapelio
744 1379 874 1436 haeretici
886 1395 943 1436 esse

177 1479 337 1541 uoluerant,
350 1477 490 1531 Simonem
501 1471 622 1542 Mecum,
631 1469 827 1533 Menandrum,
847 1469 944 1525 Satur·

177 1569 291 1631 ainana,
309 1563 468 1632 Basiliden,
484 1559 641 1616 Nicolaum.

177 1655 220 1709 td
235 1667 281 1708 eos
296 1666 339 1706 me
352 1655 480 1705 converto
496 1645 552 1717 (28)
570 1645 615 1716 qui
635 1659 668 1699 ex
692 1641 839 1715 Evangelio
855 1643 940 1698 baare-

1000 505 1071 553 esset
1102 498 1242 568 sapientia,
1282 496 1454 554 descendisse
1498 485 1675 569 quaerendum
1721 501 1795 566 apud

1000 586 1110 642 ludaeos
1137 588 1204 656 (30),
1238 603 1267 642 se
1295 588 1321 641 in
1347 588 1534 657 phantasmate
1567 587 1617 643 Dei
1646 603 1700 645 noa
1728 606 1778 661 pas

999 690 1059 728 sum
1098 675 1167 744 (31),
1183 675 1230 730 sed
1267 691 1326 730 esse
1362 676 1439 744 quasi
1476 690 1595 746 passum.
1621 676 1684 732 Post
1720 679 1795 733 bunc

1000 763 1145 818 Menander
1158 764 1310 835 discipulus
1325 762 1420 835 ipsius,
1436 764 1559 820 similiter
1572 780 1678 838 magus,
1699 767 1794 823 eadem

997 851 1090 908 dicens
1111 868 1172 924 quae
1193 853 1287 908 Simon
1301 853 1378 924 ipse:
1398 853 1527 925 quidquid
1546 869 1574 909 se
1599 854 1692 911 Simon
1713 857 1793 912 dixe-

998 949 1048 1004 rat,
1070 942 1121 996 hoc
1143 957 1173 997 se
1196 941 1340 997 Menander
1358 958 1417 998 esse
1442 943 1558 1011 dicebat,
1573 960 1677 1016 negans
1691 946 1793 1002 babere

997 1044 1080 1100 posse
1113 1046 1276 1102 quemquam
1311 1032 1437 1096 salutem,
1465 1032 1516 1087 uisi
1545 1032 1573 1086 ia
1601 1034 1708 1089 nomiae
1743 1051 1792 1092 suo

997 1117 1151 1189 baptizatas
1170 1119 1275 1174 luisset.
1292 1121 1408 1177 Secutus
1421 1128 1463 1176 est
1481 1131 1544 1191 post
1567 1122 1625 1177 haee
1638 1131 1665 1177 et
1694 1121 1792 1178 Satur-

997 1206 1089 1270 ninus,
1111 1216 1138 1262 et
1162 1208 1204 1263 hie
1218 1191 1340 1265 similiter
1354 1208 1458 1279 dicens,
1481 1209 1664 1266 innascibilem
1686 1213 1712 1251 ³³
1733 1210 1792 1269 ὅθ

997 1294 1134 1360 virtutem,
1154 1295 1181 1349 id
1197 1306 1238 1352 est
1255 1297 1350 1366 Deurn,
1363 1298 1388 1352 in
1408 1298 1521 1352 summis
1534 1308 1560 1355 et
1573 1298 1628 1354 illis
1642 1300 1665 1338 ³³
1682 1299 1793 1357 infinitis

996 1381 1118 1452 partibus
1142 1391 1169 1438 et
1191 1384 1218 1438 iu
1242 1385 1424 1455 superioribus
1447 1400 1568 1450 tttauere,
1589 1385 1672 1459 louge
1700 1396 1791 1441 antem

995 1468 1126 1526 distantes
1156 1473 1189 1525 ab
1219 1472 1268 1526 troc
1290 1472 1399 1542 angelos
1423 1471 1577 1529 interiorem
1610 1474 1634 1511 ³⁸
1663 1475 1790 1528 mundans

997 1557 1096 1613 iecisse
1123 1559 1208 1629 (32):
1239 1557 1265 1614 et
1291 1562 1354 1631 quia
1388 1561 1514 1631 splendor
1542 1561 1650 1632 quidam
1680 1562 1791 1616 luminis

994 1645 1136 1700 desursum
1160 1646 1187 1701 in
1217 1647 1388 1705 interioribus
1414 1645 1572 1717 refulsisset,
1597 1652 1629 1705 ad
1660 1649 1789 1708 similitu·

140 1743 260 1800 treiesse
287 1740 451 1795 voluerunt:
475 1733 620 1804 exquibus
642 1740 683 1788 est
702 1729 940 1802 primusomnium
994 1733 1082 1788 dinem
1105 1733 1177 1788 itiam
1204 1737 1369 1805 superiorem
1398 1746 1508 1808 propter
1531 1737 1603 1794 illius
1632 1737 1742 1795 luminis
1765 1739 1790 1779 ³⁹

140 1829 234 1888 Simon
248 1828 341 1898 Magus
356 1827 422 1894 (19),
442 1822 530 1895 quiin
546 1820 620 1877 betis
634 1819 820 1891 apostolorum
842 1818 939 1874 eondi-
994 1822 1330 1897 (33)ange10shominem
1353 1825 1504 1888 instituere.
1520 1825 1632 1899 angelos
1658 1843 1786 1884 curasse:

140 1934 222 1992 gaam
246 1915 344 1971 meruit
362 1914 396 1968 ab
417 1903 541 1985 apostolo
556 1910 805 1979 Petrojustamque
828 1914 939 1964 senteu-
995 1910 1065 1966 huuc
1102 1925 1184 1980 super
1216 1920 1314 1967 terram
1348 1913 1464 1982 jacuisse
1496 1923 1644 1987 reptantem
1673 1933 1681 1971 ε
1710 1918 1789 1985 eujus

142 2007 216 2063 tiam.
232 2004 280 2059 ttic
294 2018 376 2058 ausus
390 2010 431 2058 est
446 2015 578 2056 summam
593 2014 624 2055 se
648 1999 738 2055 dicere
754 1997 890 2063 virtutem,
911 1999 938 2053 id
993 1998 1082 2053 lumen
1101 1997 1166 2053 illud
1182 2007 1207 2054 et
1227 1999 1352 2056 uirtutem
1368 2002 1574 2058 misericordiam
1594 2003 1628 2068 ⁴⁰,
1644 2000 1787 2057 scintillam

141 2104 184 2153 est
206 2109 339 2151 summurn
371 2093 466 2160 Deum,
493 2091 624 2147 muudum
655 2097 744 2144 autem
772 2090 806 2143 ab
835 2088 940 2161 angelis
994 2085 1785 2163 1111111111(31),1111111111111111111111.01111111111

829 2185 924 2248 Variae
949 2189 1103 2249 lectiones.
1528 2226 1533 2233 ‹

178 2266 675 2327 35111111111111111.1111111111
692 2280 769 2319 suum
784 2276 917 2321 errantem
933 2267 1001 2322 lun.
1016 2264 1050 2318 ad
1065 2265 1191 2320 Cnnoeam
1207 2281 1236 2321 se
1255 2267 1433 2333 aberrantem,
1451 2282 1511 2337 quae
1527 2267 1588 2338 (pro
1603 2265 1679 2336 quid)
1696 2267 1784 2323 Semi.

141 2360 174 2400 ex
190 2341 282 2398 lrenaei
297 2340 320 2408 1,
335 2343 380 2395 23.
395 2338 420 2378 ³⁶
434 2337 593 2400 lunobilern,
610 2338 678 2393 lun.
694 2335 720 2389 in
737 2338 849 2390 summis
864 2337 915 2392 illis
930 2347 965 2400 at,
980 2336 1079 2394 ,111113Ἰ
1095 2337 1150 2390 titis
1165 2344 1191 2390 et
1206 2339 1273 2392 lun.
1290 2337 1314 2376 ³³
1328 2337 1472 2394 litteriores
1487 2339 1571 2394 Semi.
1587 2338 1612 2376 ³⁹
1625 2336 1787 2392 Similitudi-

142 2429 205 2471 uem
220 2412 296 2466 iilius
309 2410 427 2477 luminis,
443 2413 472 2464 et
487 2408 561 2465 mihil
576 2406 788 2470 intermedium,
805 2408 890 2464 Seml.
906 2406 931 2445 ⁴⁰
951 2409 1032 2464 l'crba
1042 2407 1122 2463 mode
1136 2409 1263 2478 neclecta
1279 2408 1324 2464 laic
1338 2411 1439 2464 inserit
1454 2410 1562 2465 Semler
1574 2424 1604 2464 eo
1618 2408 1785 2465 1111111111-

143 2495 225 2542 tutem
245 2484 317 2538 ittam
333 2481 498 2552 superiorem
513 2488 625 2550 propter
639 2480 729 2532 nriser.
746 2478 922 2535 lartiuscero
938 2480 977 2534 sie
992 2477 1075 2534 habet
1093 2480 1152 2533 :cui
1170 2482 1259 2533 tamen
1270 2479 1336 2534 illud
1351 2494 1377 2535 11
1391 2482 1516 2534 virtutem
1532 2481 1603 2535 illam
1617 2478 1785 2548 superiorem

140 2562 250 2682 &apter
272 2552 486 2608 inisericordiam
506 2551 567 2610 sitae
581 2548 723 2606 scintillam
737 2550 900 2619 immisisse3
917 2552 984 2604 hanc
999 2549 1141 2604 scintillam
1155 2551 1254 2606 salvam
1270 2566 1349 2620 esse,
1367 2562 1492 2607 caeterum
1509 2551 1626 2607 hominis
1645 2550 1744 2621 perire.
1761 2553 1784 2589 ³¹

188 2639 272 2681 teram
288 2624 375 2682 1111111.

834 2691 1085 2755 Commentarius.

139 2804 315 2874 Hieronymo,
349 2807 380 2858 ut
403 2799 530 2857 iudicabit
551 2796 696 2870 Rigaltius,
720 2796 934 2863 adductuse›t;
991 2796 1056 2855 edit.
1072 2813 1185 2867 suapro
1201 2797 1285 2854 veteri
1309 2798 1438 2867 scriptura
1456 2800 1623 2870 inferiorem
1640 2799 1672 2855 111
1693 2799 1783 2859 altius.

142 2876 196 2931 imo
215 2873 329 2929 fortasse
342 2871 506 2927 Tertulliano
521 2868 573 2940 ipsi
586 2868 727 2940 abOptato
741 2869 768 2924 ia
784 2869 834 2922 tib.
850 2868 935 2936 primo
991 2869 1061 2948 Cum·
1074 2883 1136 2924 tero
1166 2876 1267 2936 postea,
1294 2871 1321 2924 in
1349 2884 1407 2939 cap.
1426 2873 1452 2934 3,
1472 2892 1483 2920 r
1500 2871 1610 2944 angelos
1638 2816 1785 2927 miseriores
1809 2921 1818 2938 ,

138 2948 177 3003 Me
193 2944 349 3002 8111111111
363 2943 581 3000 Donatistarum
594 2940 762 2996 attributus:
783 2940 854 2995 haud
872 2939 936 2994 satis
990 2941 1126 2994 hominem
1153 2940 1262 2995 finxisse
1285 2941 1412 2997 »scribat
1439 2940 1482 2996 hic
1508 2950 1610 3010 auctor,
1639 2942 1783 2998 lectionem

138 3026 228 3071 tamen
246 3014 391 3070 convenire
411 3014 482 3068 idern
506 3013 612 3068 videtur
634 3027 694 3067 cunr
716 3026 797 3078 opere
824 3027 839 3065 a
866 3011 935 3065 'ser-
990 3013 1101 3066 atteram
1126 3012 1258 3068 revocati.
1278 3010 1365 3066 Habes
1384 3010 1463 3076 inira,
1483 3031 1495 3064 r
1513 3015 1539 3067 in
1562 3012 1664 3068 ultimis
1675 3013 1783 3084 quidem

138 3086 253 3142 tulliano
267 3101 350 3155 supra
370 3086 513 3156 promisso,
529 3083 555 3136 iu
577 3095 631 3152 quo
655 3083 769 3153 singulis
791 3081 937 3135 haeresibus
953 3080 974 3158 e
990 3080 1103 3153 augelis,
1131 3091 1157 3137 et
1180 3083 1225 3154 qui
1245 3083 1316 3135 hunc
1343 3083 1463 3139 lecerunt
1489 3083 1633 3153 mundam3
1661 3103 1673 3136 1
1704 3094 1785 3151 atque

138 3172 168 3212 se
190 3171 383 3227 responsurum
402 3171 461 3210 esse
476 3153 528 3219 ait;
544 3167 594 3207 nec
610 3151 662 3205 rim
689 3155 812 3223 salesque
831 3153 937 3207 oratio·
992 3151 1068 3206 initio
1084 3168 1143 3223 cup.
1167 3155 1221 3218 1,·
1249 3152 1360 3223 angelos
1386 3161 1467 3222 atqua
1493 3155 1616 3222 virtutes,
1641 3171 1711 3225 quos
1738 3156 1781 3210 di·

138 3228 181 3284 uis
204 3227 376 3298 Septimianae
399 3223 463 3279 satis
486 3222 651 3293 assequitur.
675 3221 752 3277 Certe
770 3237 835 3295 pars
856 3223 938 3291 bajas
992 3231 1095 3278 ararites
1124 3223 1205 3297 longo
1231 3238 1248 3276 a
1276 3223 1459 3293 superioribus
1487 3224 1631 3280 virtutihus
1654 3225 1784 3282 mundum

138 3297 220 3354 libelli
238 3300 276 3353 Me
298 3297 514 3368 Proesmiptione
529 3309 583 3348 uon
599 3295 876 3363 est;aequeahupo
892 3304 938 3348 aut
992 3291 1072 3347 istum
1101 3294 1127 3348 iu
1157 3292 1334 3350 interioribus
1362 3295 1482 3366 partibus
1509 3295 1782 3354 condidisserdieit.

137 3369 293 3435 Thomasio,
304 3368 349 3435 qui
366 3377 427 3436 post
440 3363 547 3434 Rigaltii
569 3371 688 3433 tempora
701 3363 773 3418 hunc
794 3364 827 3420 de
841 3365 935 3420 Praes-
991 3365 1116 3418 Attaraen
1149 3364 1175 3419 ia
1215 3380 1274 3433 ears.
1311 3369 1339 3430 t,
1367 3365 1466 3420 rrrerrtio
1497 3375 1537 3421 est
1574 3365 1664 3419 muudi
1699 3383 1784 3437 supe-

138 3441 276 3512 criptionc
289 3437 441 3501 ediderunt,
452 3433 529 3489 libris
538 3432 594 3487 suis
609 3434 751 3488 conclusus
764 3442 816 3491 ost.
827 3433 935 3490 1111111.
990 3433 1070 3489 rioris
1083 3444 1165 3505 atque
1180 3435 1327 3492 interioris.
1343 3435 1429 3507 Supra
1443 3436 1538 3492 lunius
1551 3437 1664 3504 coniecit
1684 3454 1782 3493 enien-

175 3509 232 3581 tat)
251 3511 332 3566 Taceo
347 3509 424 3563 enim
433 3505 574 3579 judaismi
589 3502 745 3561 hereticos.
758 3504 821 3561 Haec
834 3506 937 3577 legerat
989 3505 1116 3568 (1111111111,
1140 3527 1151 3556 r
1167 3507 1194 3561 iu
1210 3507 1322 3562 summis
1336 3505 1389 3561 iltis
1411 3516 1437 3562 et
1451 3506 1560 3564 infinitis
1575 3508 1704 3578 partibus,
1722 3523 1780 3579 pro,

138 3579 327 3652 Hieronymus,
365 3594 426 3633 cum
453 3577 582 3630 adsersus
618 3574 803 3631 Luciferiauos
838 3592 932 3650 agens,
989 3575 1015 3630 in
1040 3577 1152 3632 summis
1180 3585 1206 3631 et
1233 3577 1286 3631 illis
1311 3577 1464 3644 induitis»
1494 3582 1542 3634 set
1572 3581 1686 3635 tortasse
1716 3579 1780 3634 nihil

82 3652 89 3663 ¹
142 3651 276 3715 «Taceo,
304 3648 401 3719 inquit,
430 3648 463 3702 de
489 3644 617 3716 judaismi
646 3647 788 3714 haereticis,
808 3648 853 3718 qui
873 3659 934 3703 anta
988 3647 1146 3703 mittundum
1167 3649 1341 3705 cst.Roura.

139 3721 282 3776 adveutum
295 3719 393 3773 Christi
409 3718 496 3789 legem
522 3715 644 3772 traditam
665 3717 837 3790 dissiparant,
860 3717 933 3790 quod
1022 3717 1129 3789 (hdirld
1143 3719 1365 3776 sirnilitudirrem
1374 3721 1456 3777 illius
1467 3708 1595 3777 luminis.
1607 3721 1669 3775 Post
1678 3722 1782 3776 simili·

139 3790 280 3847 Sositheus
296 3790 523 3845 Samaritanorum
538 3787 664 3857 princeps
688 3789 833 3860 prophetas
854 3805 933 3861 repa·
988 3790 1779 3915 1111111111111111111111111111111111111111,11111111πὲ1-

139 3861 234 3931 davia,
252 3881 263 3909 1
281 3861 414 3916 111.1111.
988 3863 1091 3916 riorum
1111 3865 1238 3934 propter,
1258 3878 1326 3933 quas
1349 3863 1468 3932 quidem,
1498 3874 1527 3915 ut
1550 3878 1581 3915 ex
1604 3863 1726 3931 sequenti
1749 3880 1781 3917 us

173 3932 230 4004 (28)
254 3933 294 3988 Ad
308 3934 552 3991 eosmeronverto.
564 3928 825 3998 Mierouymasmod.
843 3949 850 3984 ι
868 3929 932 3986 «Ad
988 3948 1126 4003 perperam
1152 3934 1203 3988 buc
1228 3932 1379 3998 translatas,
1404 3933 1595 4002 expungendas
1616 3933 1695 4000 jussi.
1712 3934 1780 3988 Dein

139 4003 270 4060 eosreuio
281 4005 430 4067 haereticos,
441 4005 488 4072 qui
498 4000 641 4070 Evangelia
651 3998 826 4056 laniaverunt.
845 4001 930 4058 rRtu.
987 4017 1037 4056 vox
1059 3999 1172 4075 arrpelos
1200 4005 1268 4057 male
1296 4002 1410 4073 repetita
1436 4000 1520 4057 luisse
1546 4005 1674 4071 videtur,
1701 4017 1783 4076 prout

174 4074 278 4131 Adeas
304 4076 508 4140 machanaria,
536 4080 588 4125 ete.
621 4070 785 4144 Aggreditur
813 4073 866 4143 jam
898 4073 932 4128 ad
987 4072 1130 4128 1111111111
1150 4077 1206 4144 jam
1225 4075 1406 4138 adnotaverat,
1431 4081 1458 4128 et
1486 4085 1619 4141 posteum
1643 4074 1780 4130 111111111-

139 4145 282 4202 dicendum
298 4147 332 4202 de
347 4144 489 4207 haereticis,
502 4142 548 4212 qui
566 4157 582 4195 a
601 4141 707 4196 Christo
732 4152 795 4197 nato
818 4143 930 4198 exstite-
986 4143 1078 4198 riusia
1093 4145 1780 4219 1111111111111111131111111.11111111111111111111

138 4226 210 4283 runt,
226 4216 327 4288 quique
346 4214 459 4271 insanie
482 4228 539 4268 suae
558 4222 717 4285 argumenta
735 4216 932 4282 posterioribus
985 4215 1048 4284 quid
1068 4216 1130 4271 huic
1153 4217 1280 4272 clausulae
1304 4217 1395 4286 habes,
1410 4232 1490 4288 quam
1520 4217 1668 4274 Victorinus
1683 4232 1779 4273 corro-

139 4285 273 4344 baeretieis
288 4285 463 4352 reliquerunt.
480 4283 517 4338 ta
532 4283 581 4338 Pu.
949 4303 971 4380 n
987 4286 1083 4340 horare
1097 4289 1209 4343 curavit.
1225 4288 1333 4343 Ronru.

175 4357 392 4431 (29)anuibus
402 4361 445 4413 est
456 4356 568 4426 primus
579 4356 707 4411 omnium
718 4357 814 4412 Simon
826 4356 931 4427 Manus.
1008 4358 1076 4437 lit)
1095 4358 1180 4428 Cujus
1197 4359 1293 4414 11111111
1311 4359 1392 4421 illud,
1404 4361 1433 4413 et
1447 4360 1584 4414 virtatem
1599 4360 1681 4415 illam
1696 4375 1780 4430 sape·

139 4428 256 4483 Primum
279 4428 402 4484 omnium
425 4431 548 4483 numerat
577 4424 711 4482 Simonem
742 4431 849 4496 Magum
871 4442 931 4482 eum
985 4443 1089 4485 rsuram
1102 4433 1218 4502 propter
1244 4429 1476 4495 miscricordiam,
1492 4430 1651 4485 scintillam
1670 4430 1780 4485 saluam

138 4500 251 4566 Irenaeo,
264 4501 422 4572 Epiphanio,
437 4506 488 4554 eta.

173 4573 228 4640 (30)
245 4573 265 4628 Α
281 4571 408 4627 daemone
421 4584 450 4624 se
464 4569 612 4625 oberrante
627 4566 696 4639 quid
709 4571 778 4623 esset
792 4570 932 4640 sapientia

138 4640 309 4699 Mseendisse
332 4640 513 4716 quaerendum
536 4639 611 4711 apud
637 4637 756 4694 ludaeos.
785 4639 848 4693 Haec
870 4647 933 4695 sunt

137 4712 353 4784 corruptissima,
369 4729 418 4770 uec
442 4713 538 4783 jurant
566 4708 752 4778 manuscripti.
776 4709 930 4783 Leqeudum

139 4783 367 4839 1111111111111
387 4803 399 4834 ι
424 4782 464 4836 Ad
484 4797 549 4838 oves
562 4782 718 4837 aberrantes
736 4796 774 4847 se,
791 4780 837 4852 qui
860 4789 931 4838 esset

138 4853 280 4925 sapientia,
301 4854 473 4910 alescendisse
497 4851 684 4924 quaerendam.
709 4850 790 4923 Apud
822 4851 931 4909 ludaeos

139 4939 168 4979 se
190 4924 217 4978 in
250 4927 443 4996 phantasmate,
472 4945 482 4974 s
509 4935 561 4978 etc.
595 4922 781 4992 Hieronymus,
807 4922 929 4980 ludiculo

137 4995 257 5052 hares:
277 4996 422 5071 »Ideoque
445 5012 473 5051 se
495 4995 665 5049 descendisse
686 4994 782 5066 inquit,
800 5005 828 5048 ut
852 5010 928 5050 orem

136 5067 252 5122 salvaret
267 5068 409 5192 peir‘ditam.
431 5065 566 5124 Christum
591 5065 663 5136 apud
676 5063 784 5120 Judaeos
800 5079 854 5120 nou
869 5081 929 5121 esse

153 5152 281 5192 assum.»
323 5155 360 5195 rc.

135 5154 152 5208 p
169 5208 226 5279 (31)
242 5211 276 5267 Se
292 5211 322 5265 ira
330 5211 531 5283 phantasmate
541 5208 590 5261 Dei
600 5221 656 5262 raon
665 5221 790 5276 passam.
803 5204 927 5261 Fortasse

133 5279 221 5337 Deum
246 5283 442 5353 reponendam,
457 5293 518 5332 eum
544 5278 594 5331 hoc
612 5276 850 5345 interpretamento
873 5293 927 5332 :se

131 5351 212 5407 modo
236 5351 406 5425 imaginario,
421 5350 462 5404 1111
487 5347 616 5419 putativo,
637 5355 667 5400 ut
682 5347 802 5416 loquitur
816 5348 925 5403 Tertul-

127 5419 227 5487 lianus,
253 5442 266 5473 1
301 5436 354 5477 noa
387 5433 506 5491 passum,
529 5417 576 5472 sed
607 5433 667 5472 essa
696 5417 773 5488 quasi
803 5434 922 5487 passam,

126 5492 201 5548 Deus
214 5510 274 5549 cunr
289 5491 378 5547 fuerit.
396 5511 408 5542 1
425 5490 535 5546 Boura.

159 5564 217 5638 (32)
235 5557 775 5636 Anqelasinterioresmandurusecisse.
786 5559 877 5617 Posuit
895 5559 922 5617 ia

986 4513 1055 4554 esse.
1078 4500 1121 4555 Sic
1144 4501 1219 4555 editt.
1244 4510 1304 4554 ante
1330 4499 1485 4569 Rigaltiurn,
1501 4500 1546 4568 qai
1566 4500 1672 4571 quidem
1696 4516 1779 4555 voces

985 4570 1067 4625 illam
1076 4574 1248 4643 superiorem
1256 4575 1373 4641 propter
1382 4569 1480 4624 omisit.
1490 4568 1542 4624 Sed
1554 4571 1640 4627 locum
1652 4586 1778 4626 mancum

984 4647 1011 4695 et
1038 4648 1195 4721 corruptum
1220 4640 1314 4694 lunius
1343 4642 1393 4695 hoc
1421 4644 1503 4695 niodo
1532 4642 1779 4724 simultatiumque

985 4715 1137 4767 emendarit
1166 4711 1241 4767 :Cui
1260 4713 1379 4765 11111111
1407 4711 1471 4766 illud
1496 4721 1522 4765 et
1548 4723 1673 4770 uirtutem
1703 4712 1780 4767 illam

984 4782 1150 4852 superiorem
1176 4791 1285 4852 propter
1299 4781 1511 4837 nriseriaordiam
1528 4803 1541 4831 1
1557 4783 1619 4839 vitan
1634 4781 1781 4839 scintillam

985 4853 1155 4918 immississe;
1173 4853 1244 4906 traua
1270 4852 1443 4909 «scintillam
1456 4852 1557 4910 salvant
1574 4869 1646 4909 esse.
1667 4874 1680 4904 s
1703 4855 1780 4910 Con-

985 4923 1056 4979 venit
1084 4923 1142 4980 haec
1164 4923 1316 4980 ernendutio
1341 4932 1394 4979 tarn
1410 4941 1470 4979 eum
1497 4925 1538 4997 iis,
1562 4941 1624 4996 quae
1639 4928 1665 4980 in
1681 4941 1742 4996 cap.
1764 4930 1780 4981 3

984 5004 1144 5065 sequuntur,
1159 5012 1238 5067 quam
1251 5011 1314 5051 eum
1329 4995 1495 5051 Tertulliano
1511 4998 1535 5050 iu
1551 4997 1599 5052 lib.
1615 4998 1648 5054 de
1676 4997 1781 5054 dnirrra

983 5082 1042 5133 cap.
1055 5070 1099 5130 23,
1111 5075 1192 5138 atque
1201 5067 1304 5124 Irenaeo
1314 5067 1361 5124 tib.
1371 5081 1391 5136 1,
1404 5067 1507 5126 Contra
1519 5068 1647 5132 hareses,
1660 5083 1720 5137 cap.
1734 5072 1779 5135 ⁶22,

982 5136 1029 5192 ubi
1044 5136 1076 5193 de
1091 5137 1228 5193 Saturnini
1243 5138 1319 5194 scitis
1333 5138 1431 5211 agitur.
1450 5140 1552 5194 luterea
1566 5156 1581 5194 a
1594 5139 1673 5196 lunio
1690 5140 1780 5192 loeruu

983 5210 1111 5275 praeclare
1140 5208 1298 5264 ernendante
1336 5210 1452 5274 rectius,
1483 5209 1511 5263 ui
1546 5209 1632 5275 fallor,
1660 5207 1779 5280 positum

981 5279 1228 5338 lutssesciatillora
1240 5282 1316 5349 aare,
1329 5296 1408 5351 qnam
1426 5282 1492 5338 uitoe
1500 5282 1670 5351 scintillam,
1687 5279 1779 5350 siqui·

979 5349 1041 5406 dem
1065 5361 1174 5422 propter
1200 5351 1229 5404 rh
1258 5351 1451 5424 dpererttrarcs,
1481 5369 1528 5408 seu
1552 5353 1780 5410 vocisscintillae

980 5425 1178 5492 repetitions-m,
1204 5424 1317 5480 omissio
1350 5438 1443 5478 rocam
1479 5423 1681 5494 interjectarum
1709 5437 1777 5477 con-

978 5491 1073 5565 tigisse
1105 5493 1236 5550 adeatur.
1261 5494 1335 5558 Dixi,
1365 5493 1462 5548 similia
1498 5504 1604 5553 asstare
1630 5499 1659 5552 iu
1688 5493 1779 5563 capite

977 5566 1098 5634 proxime
1111 5577 1248 5638 sequente.
1265 5566 1374 5622 111111.
