3840 6134
157 243 191 303 71
719 235 945 299 ttswtuttttt
961 231 1096 297 UUfflUll
1113 234 1200 297 Pttts
1215 237 1251 298 ll.
1776 248 1813 310 72

158 366 305 442 astrologis
326 367 377 440 (ὅ),
390 381 455 425 cmi
478 361 657 437 pbilosophis,
677 361 827 421 curiositati
850 362 955 421 scilicet
971 377 995 459 g
1012 359 1234 436 discipliceant)
1256 360 1291 416 ud
1310 362 1497 434 probationem
1522 365 1645 426 vedum
1663 370 1816 452 acceduntg

159 457 270 516 deditis:
279 470 419 523 etiamn,
428 450 752 526 armantsrtanbiqne
762 451 953 507 meminerunt.
1011 465 1093 521 aqua
1116 450 1249 507 divertere
1265 450 1368 508 nemini
1385 453 1503 528 expedit,
1526 453 1573 531 qni
1592 457 1746 515 meminerit
1767 458 1812 517 iu·

156 547 235 605 Adeo
256 553 284 604 ot
316 547 351 602 de
376 557 476 616 genere
503 540 715 598 conversationis
743 539 860 612 qualitas
894 539 957 597 fidei
1010 537 1063 594 turi
1074 537 1168 609 judicii
1181 554 1237 611 quo
1251 553 1346 598 omnes
1364 556 1416 598 nos
1429 558 1540 602 necesse
1559 552 1602 602 est
1625 546 1695 617 apud
1710 546 1809 605 Christi

157 635 285 693 mummi
319 638 410 704 potest
441 648 448 685 :
477 631 608 687 domnina
636 630 714 686 iodea
750 628 775 670 ¹⁸
812 628 956 701 discipline
1010 626 1124 683 tribunal
1150 636 1247 697 astare,
1274 629 1418 688 reddentes
1451 635 1583 690 rationein
1611 632 1734 707 inprimis
1762 636 1809 708 ip-

157 734 197 783 est
209 727 259 796 (7).
275 721 482 796 Negantiieum
505 719 672 790 timendnm;
687 719 778 792 itaque
792 718 955 776 liberasuut
1008 716 1065 773 sius
1084 714 1161 772 fidei.
1176 717 1247 787 Quid
1268 734 1332 793 ergo
1353 718 1445 777 dicent
1465 722 1511 795 qni
1529 723 1603 779 illam
1626 724 1809 794 stupraverint

155 808 313 866 illisomnia
326 816 353 865 et
366 806 466 865 soluta.
487 807 538 863 Ubi
561 814 651 862 autem
672 805 745 863 Deus
759 822 813 862 non
835 806 952 874 timetur,
1007 804 1139 861 adulterio
1163 805 1289 863 haeretico
1324 807 1457 881 virginem
1485 810 1609 866 traditam
1633 827 1649 867 a
1674 812 1808 875 cbristo?

154 899 208 956 nisi
221 899 267 955 ubi
282 913 336 954 non
350 897 417 953 esti
434 896 487 952 Ubi
501 895 574 951 Deus
589 911 642 951 non
657 905 708 965 est,
724 911 772 952 nec
786 895 886 951 veritas
899 895 954 952 ulla
1006 894 1105 961 Credo,
1120 893 1285 966 allegabunt,
1306 893 1372 951 nihil
1395 912 1517 969 uuquam
1540 899 1591 954 sibi
1607 902 1641 955 ab
1655 900 1701 958 illo
1715 905 1757 960 vel
1771 903 1807 960 ab
1829 921 1835 933 ·

154 994 211 1056 est3
226 986 273 1042 nbi
286 986 389 1043 veritas
403 984 477 1041 nulla
499 991 540 1040 est
565 983 598 1054 ¹²,
622 984 718 1041 merito
742 992 769 1041 et
792 983 853 1039 talis
869 982 953 1040 disci·
1006 982 1132 1055 apostolia
1146 985 1208 1051 eius
1230 982 1265 1039 de
1289 983 1358 1040 seris
1373 985 1398 1024 ²⁴
1411 995 1438 1040 et
1456 987 1591 1056 perversis
1605 988 1733 1046 doctrinis
1748 993 1806 1062 (16)

152 1076 228 1150 plina
242 1082 293 1134 est.
308 1076 346 1132 At
359 1073 405 1131 ubi
418 1074 503 1139 Deus,
517 1071 555 1126 ibi
577 1081 664 1129 metus
679 1074 706 1129 in
728 1073 827 1140 Deum,
841 1072 890 1144 qui
911 1078 952 1129 est
1004 1067 1103 1125 futuris
1137 1071 1406 1151 praenuntiatumet
1436 1072 1471 1129 de
1496 1073 1622 1130 cavendis
1644 1077 1805 1135 abominan-

152 1164 260 1224 initinm
273 1164 422 1237 sapientie.
440 1162 491 1218 Ubi
511 1172 601 1219 metus
619 1161 647 1218 in
663 1162 759 1230 Deum,
779 1161 818 1216 ibi
831 1159 952 1233 gravitas
1004 1157 1099 1230 disque
1122 1157 1148 1196 ²⁵
1180 1168 1356 1232 preceptum.
1381 1161 1539 1234 Agnoscent
1561 1162 1587 1201 ²⁶
1600 1179 1677 1220 suam
1715 1168 1807 1236 potius

152 1255 265 1313 honesta
277 1253 311 1326 11,
336 1263 363 1310 et
384 1251 524 1328 diligentia
548 1251 660 1307 attonita
684 1252 735 1323 (8),
754 1259 782 1307 et
795 1265 860 1306 cura
873 1247 950 1306 solli-
1003 1246 1113 1318 culpem
1140 1263 1222 1320 quain
1250 1248 1370 1318 illomm,
1385 1250 1431 1323 qui
1446 1265 1496 1308 nos
1520 1259 1594 1308 tanto
1617 1257 1680 1310 ante
1693 1253 1718 1293 ²²
1735 1272 1805 1326 prae-

151 1343 214 1415 cita,
239 1352 267 1400 et
292 1341 396 1399 allectio
418 1353 439 1399 si
457 1341 594 1411 explorata
618 1341 671 1411 (9),
697 1347 724 1395 et
743 1338 950 1397 communicatio
1003 1346 1169 1393 struxerunt.
1185 1337 1320 1406 Adiicient
1335 1347 1465 1409 preterea
1487 1341 1572 1397 multa
1596 1342 1629 1397 de
1644 1345 1804 1405 auctoritate

151 1432 302 1489 deliberate
315 1432 418 1501 (lb),et
432 1427 566 1500 promotio
578 1429 765 1498 emerits(tl),
777 1425 835 1485 511
847 1435 875 1483 et
884 1427 950 1484 sub·
1002 1425 1133 1496 cujusque
1153 1423 1271 1481 doctoris
1289 1425 1427 1493 baeretici;
1454 1427 1514 1484 illos
1542 1429 1658 1486 maxime
1671 1431 1802 1491 doctrinar

148 1520 232 1591 lectio
255 1519 385 1592 religioso
408 1518 477 1589 (12),
498 1525 526 1573 et
552 1515 686 1588 apparitio
709 1515 804 1573 devota
827 1515 896 1584 (13),
922 1522 950 1571 et
1002 1528 1058 1568 sure
1081 1510 1163 1568 iidem
1186 1511 1360 1570 confirmasse
1374 1514 1409 1584 ²⁹,
1432 1525 1552 1573 mortuos
1575 1518 1731 1586 suscitasse,
1750 1522 1800 1579 de·

151 1608 291 1680 processio
304 1609 427 1664 modesta
440 1611 462 1649 ²¹
481 1605 552 1676 (11),
572 1607 600 1661 et
613 1603 735 1661 Ecclesia
747 1605 833 1672 nnita,
854 1611 882 1660 et
899 1603 949 1660 Dei
964 1605 987 1683 Β
1002 1599 1072 1655 biles
1102 1599 1278 1673 reformasse,
1299 1602 1388 1658 lutura
1416 1601 1596 1676 significasse,
1632 1606 1670 1661 uti
1704 1611 1802 1668 merito

150 1698 253 1755 omnia.
1002 1690 1118 1762 apostoli
1131 1691 1308 1748 crederentur
1333 1691 1406 1764 (17).
1421 1693 1505 1762 Quasi
1533 1710 1585 1751 nec
1607 1696 1659 1753 boc
1671 1697 1799 1768 scriptum

433 1778 545 1835 CAPUT
567 1777 663 1835 xilv.
1000 1779 1045 1844 ait,
1074 1788 1202 1836 venturos
1224 1780 1322 1835 multos
1347 1780 1395 1854 qui
1422 1781 1504 1838 etiam
1532 1783 1646 1840 virtutes
1669 1788 1800 1847 maximas

149 1894 289 1950 Postremo
303 1888 330 1946 si
343 1891 417 1959 sorte
425 1886 687 1959 praescriptionibus
694 1885 739 1942 his
749 1901 808 1942 con
816 1901 948 1945 movean-
1001 1867 1113 1925 1111111111
1135 1867 1171 1937 ²⁹2
1187 1868 1221 1923 ²²¹
1236 1866 1367 1925 1111111111
1392 1871 1565 1927 1111111111
1580 1882 1715 1946 1011111111
1729 1892 1801 1948 1²²oe-

183 1960 398 2034 lancinatori
402 1957 510 2043 judicii
523 1962 633 2015 metuet
646 1963 672 2015 ct
688 1959 832 2015 hereticos
845 1974 948 2029 provo-
1001 1954 1150 2014 dicationis.
1174 1957 1268 2028 ltaque
1284 1956 1392 2013 veniam
1416 1959 1612 2017 merebuntur?
1626 1961 1678 2030 Qui
1695 1963 1721 2003 ³⁰
1734 1980 1798 2023 roro

183 2039 239 2099 cai»
256 2036 285 2090 11
300 2045 505 2104 1011111111·11
520 2028 662 2086 1111111111
675 2028 903 2087 11111111111-
1000 2060 1135 2102 memores
1151 2044 1347 2102 dominicarum
1371 2055 1398 2103 et
1421 2047 1629 2118 apostolicarum
1655 2050 1798 2111 denuntia-

182 2137 299 2196 Proinde
317 2139 376 2194 hec
403 2135 544 2207 pressioris
570 2135 595 2175 ¹³
621 2135 693 2207 apud
720 2150 771 2192 nos
794 2133 948 2191 testimonia
1001 2135 1104 2191 tionum
1130 2136 1158 2190 in
1183 2133 1237 2190 lide
1249 2133 1348 2209 integri
1365 2135 1390 2175 11
1409 2137 1541 2206 steterint,
1562 2139 1643 2196 oredo
1656 2139 1690 2196 de
1716 2142 1798 2200 venia

826 2232 926 2295 Variae
954 2236 1113 2295 lectiones.

183 2345 206 2383 ¹²
217 2343 303 2401 ludex
318 2344 378 2454 R}
401 2343 493 2399 l'crtct.
509 2340 571 2397 inde
585 2340 672 2399 Rhesi.
687 2339 807 2396 doctrino
833 2339 914 2395 index
932 2339 1082 2412 discipline
1097 2341 1188 2396 Poris.
1206 2339 1230 2378 ¹⁹
1243 2339 1276 2395 V.
1293 2339 1339 2395 ubi
1352 2340 1453 2398 veritas
1473 2340 1548 2398 nulla
1572 2350 1614 2398 est
1636 2344 1739 2403 want
1761 2351 1794 2405 (η

146 2416 233 2474 iiten.
249 2416 316 2474 cdii.
371 2415 506 2470 Honestas
519 2413 605 2470 hum.
622 2412 646 2450 ²¹
661 2411 788 2482 Adiectio
803 2411 890 2469 lihesi.
907 2411 932 2450 ²²
946 2411 1088 2467 Moderato
1116 2413 1206 2468 Paris
1223 2411 1248 2450 ²³
1277 2412 1416 2468 Pressiors
1443 2413 1530 2470 libert.
1547 2418 1688 2473 ubemuis
1716 2421 1794 2477 obest

145 2490 231 2544 Fron.
247 2489 337 2543 Poris.
355 2487 379 2524 11
391 2484 477 2541 Saeuis
490 2484 577 2542 liban.
595 2483 688 2540 sceris
703 2485 771 2540 lun.
787 2483 812 2521 ²⁵
826 2481 897 2551 Quid
912 2482 999 2541 libert.
1016 2482 1041 2521 ²⁶
1055 2484 1214 2556 Agnoscunt
1228 2482 1316 2541 Rhesi.
1332 2490 1480 2552 agnoscent
1494 2485 1610 2543 Scmler.
1626 2487 1650 2525 ²²
1665 2489 1696 2544 iri
1717 2491 1790 2549 Veri.

146 2564 221 2613 tento
234 2559 319 2616 deest.
327 2557 414 2616 hiera
425 2555 468 2613 cd.
484 2570 537 2612 non
552 2561 616 2610 ante
631 2556 655 2614 le
675 2595 681 2608 .
698 2556 788 2611 Puris.
800 2557 886 2612 Fron.
899 2569 966 2611 anua
979 2557 1117 2612 sutelas.
1129 2555 1155 2592 11
1168 2553 1286 2610 Aauinm
1299 2554 1429 2611 doctrinae
1442 2571 1499 2611 suae
1513 2556 1689 2615 confirmasse
1701 2561 1791 2618 ilion.

144 2628 170 2668 ²²
183 2629 336 2685 Edideruct
350 2628 439 2686 hicn.
454 2626 480 2666 ³⁰
494 2626 524 2683 Si
538 2626 627 2684 libert.
643 2572 791 2698 ³q1ntegrc
805 2626 894 2683 libert.

842 2724 1093 2799 Commentarius.

143 2840 201 2905 tur,
221 2833 271 2890 sed
284 2832 396 2889 minime
407 2827 602 2887 discedendum
616 2828 734 2884 arbitror
747 2836 833 2888 a-vet.
844 2830 905 2886 cod.
923 2852 937 2881 a
1028 2830 1085 2911 (11)
1104 2830 1243 2903 subjecto
1267 2830 1409 2903 religiose.
1433 2831 1546 2902 Propter
1558 2829 1688 2890 Ecclesiae
1703 2836 1789 2893 bono·

142 2908 206 2962 lloec
221 2906 278 2963 ille.
289 2901 402 2975 Recepit
416 2917 481 2960 vero
495 2902 579 2968 istud,
597 2900 750 2975 qucsiAlit'
765 2901 937 2973 lutevugcit·
992 2917 1058 2970 rem,
1075 2902 1161 2972 inquit
1188 2900 1246 2974 (lib.
1273 2900 1307 2957 ds
1333 2900 1438 2976 bapt),
1467 2916 1522 2973 quo
1543 2901 1615 2960 salvo
1636 2905 1711 2960 salva
1732 2924 1785 2978 pst

143 2981 202 3044 tur,
217 2975 245 3031 in
260 2976 324 3032 edit.
341 2991 418 3030 snam
442 2970 610 3029 Christianus
631 2971 744 3044 Lupus3
760 2971 937 3028 nihilominus
953 2953 974 3031 e
988 2979 1040 3029 est.
1062 2973 1204 3042 subjectus
1222 2971 1319 3028 dicitur
1348 2972 1397 3044 qni
1425 2988 1527 3029 morem
1556 2973 1631 3029 alteri
1657 2977 1737 3046 gerit,
1753 2988 1784 3034 ut

141 3063 203 3105 cum
218 3046 336 3120 Rigaltio
350 3046 413 3102 tacit
424 3043 596 3100 Thomtsius.
612 3044 652 3100 ln.
991 3042 1063 3098 iilius
1082 3045 1161 3114 patri.
1177 3043 1222 3100 Sic
1235 3045 1261 3098 in
1276 3044 1411 3118 Apulum:
1427 3065 1438 3094 s
1455 3042 1552 3100 Filium
1566 3045 1621 3116 jam
1636 3048 1789 3116 subjectum

176 3120 215 3191 (6)
225 3120 295 3177 Cum
304 3119 394 3199 magis
403 3116 701 3188 quamplurimarum
710 3114 937 3181 meibomius,
992 3123 1068 3186 pater
1084 3124 1156 3170 retro
1172 3115 1279 3187 paticus
1293 3114 1437 3171 abdicavit.
1454 3133 1467 3167 a
1484 3116 1546 3172 llic.

140 3206 205 3247 cum
227 3189 385 3260 astrologus.
401 3183 511 3242 Nemini
532 3183 656 3256 ignotum
671 3183 699 3239 in
713 3184 827 3240 historia
853 3185 939 3240 eccle·
1027 3184 1085 3257 (13)
1099 3186 1365 3258 Appuritiodevotu.
1380 3188 1518 3266 Apparent
1531 3185 1667 3267 episcopis
1681 3189 1792 3262 presby·

140 3261 248 3317 siastioa
266 3258 395 3329 tantisper
418 3264 533 3325 versuto,
556 3254 659 3336 priores
682 3255 825 3310 haereticos
849 3253 939 3325 magia
992 3255 1056 3322 teri,
1072 3255 1187 3311 diaconi.
1203 3258 1247 3328 Ap
1267 3265 1344 3312 arent
1362 3255 1563 3329 magistratibus
1581 3263 1687 3322 scribis,
1716 3276 1789 3352 prae·

139 3332 255 3386 infames
280 3329 365 3384 luisse
393 3335 441 3381 aut
463 3341 525 3381 cum
557 3339 647 3396 megia
672 3326 866 3381 commercium
893 3325 938 3381 ba·
990 3340 1082 3396 eones,
1098 3327 1217 3383 accensi.
1259 3327 1339 3383 losse
1352 3326 1499 3391 Philoxeni.
1516 3327 1700 3398 Apparitores,
1730 3327 1789 3386 Ea:

139 3402 241 3458 buisse.
256 3399 337 3454 Talea
346 3396 456 3454 inerunt
465 3394 598 3463 Gnostici,
614 3394 825 3465 Carpocratiani,
841 3404 868 3451 et
880 3396 936 3454 alii.
990 3397 1112 3451 ᾶιὸασται.
1141 3395 1210 3451 Εἰσὶν
1242 3397 1269 3451 δὲ
1302 3398 1350 3452 trra
1366 3398 1420 3451 tras
1457 3399 1510 3457 τοῖς
1551 3399 1668 3469 ἄρχουσιν
1699 3420 1790 3473 apoca-

139 3473 183 3529 Ab
204 3468 331 3529 licolesiie
354 3465 543 3523 communione
568 3473 687 3522 semotos
708 3466 818 3522 eusdem
841 3482 937 3539 magos
990 3468 1124 3538 upriustri.
1151 3469 1302 3539 Apparitio,
1364 3465 1452 3523 sitias
1472 3469 1509 3529 dr.
1536 3469 1578 3524 Eo
1605 3484 1688 3525 sensu
1723 3474 1791 3529 dicit

138 3543 319 3599 indubitatum
342 3553 460 3612 quoque,
480 3543 511 3592 ut
538 3536 645 3606 mimos,
671 3537 804 3607 ludiones,
827 3537 939 3595 circula·
990 3539 1135 3609 Septimius
1160 3547 1254 3597 noster
1278 3540 1359 3604 (libro
1386 3540 1418 3596 dc
1442 3490 1639 3612 ipsemecum,
1661 3556 1739 3598 aures
1762 3552 1789 3600 et

138 3623 219 3682 tores,
234 3617 355 3695 agyrtas,
378 3608 541 3664 comoedos:
559 3617 654 3665 contra
675 3624 746 3679 quos
768 3610 937 3682 Augustinus
989 3610 1084 3666 oculos
1097 3626 1229 3682 apparere
1252 3611 1360 3683 spiritui
1380 3627 1388 3668 :
1406 3629 1419 3664 i
1435 3612 1502 3668 Cum
1519 3611 1624 3683 spiritui
1639 3624 1789 3683 appareant

138 3692 166 3740 et
181 3684 331 3754 Cyprianus
345 3679 437 3735 multis
451 3678 477 3733 io
492 3678 569 3750 locis,
585 3689 611 3735 et
625 3680 749 3736 concilia.
771 3686 810 3735 ba
825 3680 873 3737 Pa.
989 3696 1069 3736 aures
1082 3691 1109 3738 et
1131 3681 1221 3753 oculi3
1238 3697 1290 3739 nec
1305 3681 1391 3751 possit
1410 3683 1529 3739 mundus
1551 3686 1684 3754 praestari,
1700 3687 1787 3755 cujus,

173 3755 214 3827 (7)
228 3754 371 3811 uocatae
393 3749 481 3807 indere
494 3749 648 3823 disciplina
670 3754 721 3808 ert.
736 3750 884 3823 Disciplina
907 3751 935 3807 in
988 3754 1158 3824 apparitores
1173 3753 1359 3824 inquinantur.
1379 3775 1392 3802 s
1408 3754 1472 3810 liic.

136 3824 190 3881 hoc
212 3832 334 3894 auctore,
357 3837 467 3890 semper
486 3836 537 3892 pro
561 3823 641 3876 rebus
660 3819 734 3889 fidei,
760 3822 936 3880 sacramentis
1024 3823 1632 3895 (it)1²rocessiomodcsrc.Procedebantin
1668 3825 1788 3882 oblicum

137 3904 184 3952 sut
204 3910 300 3952 eorum
323 3909 384 3962 usu,
404 3891 502 3949 ritibus
525 3900 553 3948 et
573 3893 749 3963 caeremoniis,
775 3895 934 3967 ceterisque
987 3893 1133 3951 Christiani
1150 3898 1274 3952 modesto
1286 3895 1380 3950 habitu
1405 3894 1546 3965 vultuque.
1563 3840 1685 3960 810(ίῶ
1705 3910 1735 3950 ti.
1754 3899 1788 3954 iis

136 3982 197 4040 quas
211 3983 245 4023 ex
259 3964 402 4037 preceptis
416 3964 515 4019 Christi
536 3965 719 4030 observamus,
742 3979 934 4038 ivoonunquam
990 3966 1077 4022 Cultu
1092 3967 1260 4037 seminam:
1278 3983 1292 4016 s
1312 3963 1396 4020 Vobis
1415 3973 1504 4019 autem
1529 3963 1602 4018 nulla
1622 3968 1786 4035 procedendi

136 4037 216 4094 etiam
230 4052 279 4108 pro
297 4036 411 4109 ipsamet
424 4033 478 4090 lide
490 4042 647 4105 usurpatur.
664 4036 783 4092 Auster.
987 4051 1069 4092 causa
1083 4053 1137 4094 non
1159 4036 1262 4093 tetrica.
1287 4035 1343 4091 Aut
1364 4034 1515 4090 imbecillus
1529 4034 1626 4105 aliquis
1640 4051 1671 4088 ex
1690 4036 1783 4093 iratri-

170 4109 211 4180 (8)
225 4109 380 4182 Diligentius
387 4107 523 4165 attonitu.
533 4105 706 4178 Diligentiam
721 4106 861 4164 attonitam
868 4107 933 4165 dicit
986 4109 1036 4163 bus
1050 4108 1183 4176 visitatur,
1194 4115 1238 4163 ant
1252 4104 1414 4163 sacrificium
1427 4103 1552 4174 offertur,
1568 4115 1615 4161 ant
1629 4106 1678 4161 Dei
1694 4123 1786 4167 sermo

133 4195 197 4252 quae
212 4196 320 4250 semper
333 4185 374 4234 est
390 4177 418 4232 in
434 4185 508 4233 metu
520 4192 553 4233 ne
571 4184 671 4248 peccet.
688 4175 753 4236 Rrs.
985 4179 1197 4245 administratur,
1217 4185 1270 4234 eto.
1288 4199 1299 4227 s
1317 4179 1379 4235 liic.

135 4250 209 4377 οῐ((9)
233 4250 353 4308 Adiectio
367 4250 524 4330 exploratu.
551 4247 762 4319 Allegendorum
775 4249 876 4305 scilicet
904 4250 932 4305 in
1021 4249 1079 4321 (15)
1087 4250 1237 4307 Pressioris
1251 4248 1420 4322 discipline.
1437 4248 1545 4304 licceat
1559 4248 1632 4319 quod
1647 4248 1785 4320 inApoto·

186 4320 256 4377 inem
280 4321 503 4377 ecclesiasticum.
527 4319 584 4374 ilos
601 4319 673 4375 enim
695 4329 756 4376 ante
778 4319 928 4377 ordinatio·
945 4323 1071 4415 melico
1089 4322 1182 4377 dixit:
1210 4340 1223 4374 r
1250 4320 1323 4377 Uisci
1344 4321 1423 4376 tinam
1443 4335 1530 4390 prece
1552 4332 1639 4375 torum
1661 4320 1786 4377 inculca·

132 4406 196 4447 nem
221 4391 362 4464 praedicari
386 4405 447 4447 mos
469 4399 535 4446 orat.
560 4390 717 4447 Prtedicatio
739 4399 829 4447 autem
848 4389 929 4447 tiebat
983 4393 1100 4449 tionibus
1123 4391 1306 4449 densamus.»
1325 4337 1392 4461 llice
1420 4390 1501 4444 etiam
1516 4336 1562 4445 iila
1575 4405 1635 4463 quae
1650 4405 1722 4460 saepe
1735 4407 1784 4449 uc-

132 4463 289 4520 nominibus
310 4478 402 4520 eorum
427 4460 584 4534 propositis.
608 4462 873 4544 admonito-populo,
898 4471 928 4519 ut
981 4472 1106 4530 currunt,
1130 4463 1273 4534 disciplina
1300 4460 1431 4525 timenda,
1466 4461 1608 4587 disciplina
1636 4461 1783 4530 custodita,

132 4534 156 4592 si
170 4535 233 4607 quis
246 4535 378 4592 adversus
391 4549 440 4591 eoa
449 4533 515 4605 quid
529 4533 639 4588 baberet
651 4532 785 4601 criminis,
802 4533 927 4604 probaret
980 4533 1130 4607 disciplinae
1145 4542 1242 4602 terror,
1258 4531 1405 4600 disciplinae
1430 4538 1517 4588 tenor.
1557 4531 1582 4587 ic
1609 4541 1712 4597 contra,
1728 4533 1786 4589 dis-

132 4606 283 4664 manilestis
306 4608 397 4663 rebns.
422 4605 501 4674 Quod
523 4612 553 4660 ut
578 4603 655 4660 lieret
676 4603 704 4658 in
730 4606 926 4675 provinciarum
978 4604 1076 4676 ciplina
1089 4604 1257 4672 mollissima,
1272 4603 1417 4658 laxissime.
1434 4601 1495 4658 llic.

130 4678 281 4735 rectoribus
297 4675 464 4743 ordinandis,
487 4675 612 4746 exemplo
627 4674 840 4732 Christianorum
864 4691 927 4732 sua·
1017 4677 1074 4746 (16)
1089 4677 1128 4731 De
1151 4678 1220 4732 sciis
1245 4677 1273 4730 ct
1290 4674 1432 4748 perversis
1453 4674 1604 4731 doctrinis.
1619 4671 1664 4727 Sic
1679 4674 1786 4742 optime

131 4747 201 4804 sisse
214 4749 400 4806 Alexandrum
421 4747 550 4804 Senecam
566 4756 656 4804 narrat
670 4746 850 4816 Lampridius.
877 4748 927 4803 'la-
979 4746 1049 4802 liber
1064 4745 1165 4816 Ursini,
1180 4747 1268 4800 Antea
1282 4747 1365 4803 saevis
1380 4743 1454 4799 nullo
1481 4759 1574 4800 sensu.
1590 4744 1669 4800 Seras
1681 4742 1786 4801 doctri·

131 4816 164 4870 lis
178 4817 259 4891 igitur
272 4821 343 4892 apud
357 4818 507 4876 Ecclesiam
530 4819 580 4875 init
598 4819 706 4874 allectio
721 4820 858 4891 explomtn
873 4837 880 4877 :
898 4828 927 4874 ut
979 4832 1028 4872 nus
1041 4815 1107 4874 dicit
1121 4816 1291 4887 satiemini,
1303 4816 1383 4887 cuius
1393 4825 1514 4887 tempora
1529 4813 1645 4897 excipiet
1657 4828 1785 4870 consum-

130 4895 232 4956 contrn,
248 4890 320 4958 apud
335 4889 478 4946 haereticos
501 4888 685 4947 ordinationes
710 4890 859 4947 temerarie
878 4903 926 4945 no·
978 4887 1063 4943 matio
1086 4887 1189 4946 saeculi.
1213 4888 1275 4943 Tria
1299 4894 1419 4959 tempora
1439 4887 1467 4943 in
1489 4886 1648 4943 Tertulliani
1674 4886 1785 4956 scriptis

130 4964 221 5014 tantur
235 4975 326 5027 snpra.
341 4961 402 5018 liic.
978 4970 1090 5016 cunctas
1105 4960 1245 5015 bominum
1259 4965 1350 5014 aetates
1369 4957 1501 5022 dividunt,
1521 4958 1638 5020 Naturae,
1653 4956 1733 5029 Legis
1757 4965 1785 5014 ct

167 5030 225 5101 (10)
238 5031 461 5088 communicatio
471 5031 637 5088 deliberata.
649 5031 926 5089 communicationem
978 5030 1128 5104 Evangelii.
1153 5031 1244 5103 ltaque
1274 5030 1397 5087 ultimum
1426 5040 1466 5085 est
1492 5027 1633 5100 Evangelii
1662 5038 1783 5097 tempus,

130 5099 348 5173 intelligitquam
364 5102 463 5174 ipsein
478 5103 653 5175 Apologctico
667 5102 803 5167 describit,
829 5118 925 5174 nempe
978 5105 1142 5174 subrepente
1168 5102 1334 5158 Antichristo
1347 5112 1375 5157 et
1388 5101 1478 5156 seculi
1500 5098 1565 5154 tine.
1592 5101 1653 5154 Rau.
1670 5127 1703 5139 -
1720 5102 1785 5156 ilaec

129 5171 261 5228 orationis
278 5183 305 5227 et
323 5179 474 5229 conventus
496 5176 524 5228 et
537 5172 626 5229 omnis
648 5173 734 5228 suncti
758 5173 922 5231 commercii.
979 5171 1119 5246 Rigaltius,
1136 5175 1183 5244 qni
1210 5174 1280 5229 seris
1296 5171 1409 5244 recepit.
1435 5171 1572 5234 Attamen,
1603 5177 1726 5226 exstante
1756 5170 1784 5227 in

129 5243 172 5300 Ad
186 5259 244 5298 eum
258 5257 323 5297 vero
346 5258 400 5298 non
419 5243 629 5299 admittebantur
652 5243 704 5299 nisi
728 5245 925 5302 deliberatione
980 5243 1192 5327 precedentibus
1210 5244 1372 5300 editionibus
1400 5243 1491 5309 sevis,
1514 5240 1587 5296 baud
1616 5243 1782 5313 spernendo,

128 5313 204 5387 prius
217 5313 307 5370 habita
324 5312 513 5382 probatissimi.
532 5315 593 5370 llic.
979 5332 1033 5370 imo
1047 5315 1232 5382 amplectanda
1256 5323 1308 5383 est,
1324 5313 1480 5382 coniectura
1495 5312 1568 5369 lunii
1582 5314 1679 5369 scoevis
1699 5327 1783 5380 repo·

163 5387 221 5458 (li)
235 5388 377 5444 Promotio
390 5386 521 5443 emerito.
545 5385 606 5455 lpse
621 5383 664 5442 sui
677 5385 813 5460 interpres
825 5387 925 5444 eodem
978 5385 1078 5441 nentis.
1089 5385 1197 5442 Glossae
1211 5385 1285 5444 liett.>
1298 5385 1393 5453 Σκαιάς,
1410 5399 1526 5448 sooevus.
1548 5401 1647 5449 uanus,
1664 5399 1780 5457 prunus.

127 5459 301 5533 Apotogstico
316 5473 357 5514 :a
379 5455 525 5515 Praesident
547 5457 653 5530 probati
670 5458 770 5530 quique
791 5460 923 5528 seniores,
979 5456 1342 5516 Soeumineditionemsuam
1353 5455 1667 5522 revocavitlbomasius,
1679 5455 1782 5527 ascrip·

127 5527 261 5589 bonorem
272 5531 355 5589 istum
370 5542 426 5587 iton
439 5529 538 5600 petio,
558 5528 607 5587 ssd
621 5528 775 5588 testinnonio
791 5529 892 5605 adepti.
909 5549 924 5582 s
978 5538 1004 5586 ta
1017 5528 1101 5584 altera
1113 5528 1228 5586 lectione
1240 5529 1310 5586 acris
1323 5528 1356 5582 ad
1371 5542 1457 5582 oram.
1471 5524 1580 5583 llouria.
1746 5595 1752 5605 .

126 5596 192 5657 urs.
1015 5599 1071 5670 (17)
1087 5598 1383 5672 Utimeritoopostcli
1396 5596 1653 5658 communaliis
1667 5597 1780 5653 nonnisi
