3840 6134
130 321 186 380 109

865 313 907 375 tte
925 312 1064 377 CORONA.
1729 321 1780 382 110

127 448 213 504 dies:
240 445 286 503 Sic
308 453 335 501 et
358 453 388 500 tu
403 458 543 514 coronare,
560 442 663 499 licitum
677 448 729 498 est.
754 443 855 498 Tamen
878 458 929 499 neo
944 457 967 536 Α
984 443 1111 498 sentiunt.
1138 439 1190 497 Sed
1219 449 1294 497 vacat
1320 447 1414 506 totum,
1434 448 1462 497 et
1485 451 1525 498 est
1561 444 1648 515 ipsum
1671 464 1778 520 quoque

127 537 202 593 illam
241 535 387 605 impietatis
419 532 619 589 eontrrmeiiosae
651 546 779 588 coronam
812 531 928 603 populus

128 623 264 680 conscivit
292 625 359 692 (69).
388 623 571 676 Romanorum
606 620 720 675 militnm
748 628 927 675 commentum

127 713 192 774 fnit,
217 729 250 767 ex
271 727 321 766 usn
345 710 383 766 rei
407 709 551 776 saecularis,
572 725 653 781 quem
676 709 791 780 populus
812 708 863 762 Dei
877 724 927 764 nec

127 802 247 875 publicae
262 816 379 870 unquam
407 798 514 864 laetitias,
531 813 580 855 nec
599 798 725 870 ingenita
747 797 860 852 luxurie
875 814 927 854 uo-

128 893 203 946 mine
226 889 354 955 admisit3
370 887 475 944 facilius
503 902 563 942 cum
592 888 725 959 tympanis
747 895 773 942 et
800 887 875 942 tibiis
901 896 928 942 et

127 977 266 1050 psalteriis
294 986 431 1033 revertens
449 976 483 1030 de
496 977 650 1047 captivitate
663 973 831 1045 Babylonia,
846 990 927 1047 quam

128 1085 190 1124 cnm
205 1067 315 1123 coronis
326 1067 351 1136 (f
359 1064 438 1121 Esdr.
454 1079 473 1118 tt
489 1072 515 1119 et
533 1068 576 1135 ιιι)
593 1083 600 1119 :
616 1074 644 1120 et
658 1069 720 1135 post
733 1065 824 1120 cibum
839 1073 866 1119 et
881 1079 928 1135 pe-

127 1165 185 1212 tum
214 1170 365 1228 exsurgens
385 1152 419 1207 ad
446 1152 593 1207 ludendum
617 1153 676 1208 sine
699 1152 806 1209 coronis
825 1152 925 1223 (faed.

127 1248 226 1314 nrm).
242 1244 311 1298 Nam
326 1256 412 1312 neque
428 1240 526 1296 latitia
541 1241 694 1312 descriptio,
711 1257 799 1313 neque
813 1242 927 1297 lusuriae

127 1335 269 1391 denotatio
292 1334 326 1388 de
339 1346 447 1388 coronae
461 1332 558 1387 decore
571 1341 618 1387 aut
638 1330 769 1386 dedecore
791 1332 924 1389 tacuisset.

126 1424 206 1480 Adeo
231 1432 259 1479 et
278 1422 360 1478 isaias
383 1421 474 1493 (xxtv,
491 1422 518 1491 9)
536 1438 542 1475 :
572 1421 720 1489 Quoniam,
744 1420 844 1492 inquit,
863 1438 928 1479 cam

129 1514 277 1587 tprnpanis
293 1516 321 1566 ei
332 1512 408 1568 tibiis
423 1515 450 1568 et
462 1510 606 1583 psalteriis
620 1509 717 1567 bibant
731 1511 830 1567 vinam
844 1531 852 1564 :
869 1510 926 1566 dic-

127 1611 205 1658 turus
220 1611 295 1656 esset
308 1599 389 1655 etiam
409 1616 476 1657 cam
492 1601 609 1666 coronas,
625 1599 648 1655 si
662 1615 782 1671 unquam
797 1598 840 1656 bio
862 1615 928 1657 usus

128 1689 229 1747 fnisset
242 1688 272 1745 in
292 1688 342 1745 Dei
356 1689 448 1745 rebus.

982 545 1052 603 opus
1076 538 1221 602 mortuum,
1247 539 1376 601 quantum
1405 533 1432 584 in
1460 530 1558 600 idolis;
1586 536 1676 591 vivum
1700 537 1778 607 plane

982 620 1155 691 quantumin
1174 619 1324 685 daemoniis,
1341 619 1374 673 ad
1393 634 1454 690 qnae
1477 621 1596 689 pertinet
1614 627 1776 694 superstitio.

983 708 1228 773 idolomatt'otmm,
1241 708 1329 781 inquit
1339 708 1422 763 David
1435 709 1522 777 (Psoi.
1534 725 1611 775 extit,
1627 713 1667 781 f),
1679 731 1777 785 arpert-

982 802 1076 854 tumet
1086 816 1191 854 ttttvrttttt
1203 819 1211 853 .·
1222 799 1315 854 oculos
1324 798 1613 868 habeat,tteeat'tlertt;
1625 818 1716 866 stares,
1728 821 1777 860 aec

982 886 1158 953 odoraalar;
1172 905 1287 950 triarios,
1302 903 1353 943 aec
1367 890 1554 945 contrectant.
1572 889 1621 944 Per
1635 889 1693 944 hac
1707 890 1779 946 enim

982 975 1093 1032 floribus
1118 976 1172 1031 frui
1196 969 1246 1032 es't.
1269 975 1348 1044 Quod
1369 977 1391 1029 si
1417 976 1482 1030 tales
1504 976 1585 1030 edicit
1610 977 1714 1033 futuros
1732 982 1778 1051 qui

983 1063 1054 1120 idola
1090 1064 1263 1130 fabricantur,
1288 1064 1356 1121 tales
1387 1062 1443 1136 jam
1469 1074 1531 1119 sunt
1553 1066 1599 1137 qui
1629 1069 1778 1123 seeundum

982 1152 1113 1208 idolorum
1146 1162 1269 1208 ornatum
1303 1153 1368 1225 quid
1394 1160 1515 1209 utuntur.
1550 1154 1646 1210 Omnia
1679 1159 1779 1214 munda

982 1242 1089 1297 mundis
1113 1242 1180 1312 (tte.
1214 1260 1234 1311 ι,
1261 1245 1316 1311 15),
1346 1242 1432 1298 itaet
1459 1242 1598 1298 immunda
1616 1245 1706 1301 omnia
1729 1249 1778 1302 im·
1882 1282 1889 1293 ι

981 1330 1110 1387 mundis:
1136 1330 1202 1384 nihil
1227 1340 1319 1385 antem
1341 1330 1507 1385 immundius
1528 1330 1618 1386 idolis.
1645 1334 1778 1392 Caetcrum

981 1419 1137 1474 substantiae
1149 1420 1265 1484 mundas,
1283 1426 1312 1473 ut
1325 1419 1374 1473 Dei
1390 1433 1442 1485 res,
1457 1427 1485 1473 et
1496 1420 1545 1473 hac
1560 1436 1608 1475 sua
1625 1424 1778 1483 conditione

982 1523 1141 1566 communes
1161 1508 1218 1561 usui
1241 1507 1310 1562 :sed
1326 1505 1411 1576 ipsius
1433 1521 1499 1559 usus
1522 1506 1719 1568 administratio
1733 1513 1776 1568 in·

984 1605 1074 1655 teresl.
1089 1599 1158 1652 Nam
1173 1608 1200 1652 et
1213 1612 1265 1668 ego
1276 1596 1342 1650 mihi
1356 1594 1535 1669 gallinaceum
1551 1608 1647 1669 rnaeto,
1664 1615 1718 1656 non
1733 1605 1777 1659 mi·

982 1701 1129 1758 nusquam
1151 1684 1306 1756 AEsculapio
1322 1683 1445 1740 Socrates
1457 1683 1514 1755 (ta)
1530 1701 1538 1739 ε
1560 1695 1586 1742 ot
1608 1689 1629 1742 si
1655 1706 1696 1746 me
1710 1693 1778 1749 odor

983 1776 1098 1847 alicuius
1111 1774 1163 1830 loci
1175 1772 1329 1842 offenderit,
1340 1769 1447 1828 Arabiae
1461 1771 1561 1844 aliquid
1571 1775 1685 1833 incendo
1700 1783 1775 1852 [73);

444 1830 560 1890 CAPUT
580 1833 618 1888 X·
946 1849 968 1926 Β
984 1867 1102 1922 sednon
1118 1863 1215 1920 eodem
1228 1862 1291 1931 ritu,
1306 1876 1357 1917 nec
1379 1860 1475 1917 eodem
1490 1860 1594 1930 habitu,
1610 1879 1660 1921 nec
1683 1867 1779 1924 eodem

127 1960 132 2012 ἴ
168 1957 208 2013 lta
223 1971 283 2013 conr
294 1955 394 2013 idcirco
408 1957 538 2029 proponis
550 1954 664 2010 deorum
676 1954 845 2012 saecularium
854 1969 932 2011 orna.v
985 1963 1124 2029 apparatu,
1141 1967 1194 2026 quo
1206 1951 1293 2025 agitur
1307 1951 1378 2024 apud
1390 1950 1474 2007 idola.
1486 1949 1514 2005 Si
1524 1953 1594 2007 enim
1607 1953 1691 2011 verbo
1706 1956 1779 2014 nudo

128 2056 221 2105 menn
241 2045 322 2102 eriam
344 2045 415 2118 apud
430 2045 517 2102 Deum
535 2045 713 2116 deprehendi,
729 2052 759 2101 ut
781 2044 850 2100 inter
874 2045 932 2102 haee
986 2043 1041 2114 (tt)
1057 2042 1175 2099 conditio
1191 2041 1330 2113 polluitur,
1346 2048 1374 2096 ut
1396 2039 1542 2111 Apostolus
1561 2041 1639 2098 docet
1655 2061 1661 2099 :
1678 2044 1705 2101 st
1719 2046 1780 2117 quis

134 2149 268 2193 eoronam
292 2149 404 2206 quoqne
430 2132 526 2205 capitis
548 2132 683 2190 communi
707 2132 768 2190 usui
792 2131 929 2202 vindices3
987 2141 1076 2190 autem
1100 2131 1222 2188 dixerit:
1238 2131 1294 2188 Hoc
1317 2129 1497 2201 idolothytum
1517 2138 1568 2199 est,
1584 2147 1619 2188 ne
1634 2136 1781 2208 contigeris

128 2227 187 2298 ipse
202 2225 253 2281 fibi
275 2225 332 2294 jam
347 2221 499 2295 mmihi,
519 2237 573 2278 m„
596 2222 748 2277 habendum
767 2222 795 2276 pn
810 2237 932 2278 commu.
985 2224 1044 2297 (75)
1058 2239 1066 2293 3
1080 2221 1165 2277 multo
1181 2219 1268 2292 magis
1282 2235 1343 2275 cum
1359 2217 1521 2275 saltitaveris
1530 2220 1554 2257 ‘¹²
1565 2221 1668 2288 habitu,
1684 2233 1711 2279 et
1724 2225 1780 2281 ritu

129 2315 243 2372 1110an
267 2329 337 2369 usus
355 2313 390 2379 11,
417 2311 490 2384 quod
514 2325 569 2367 non
592 2311 744 2369 inveniatur
763 2313 791 2367 in
812 2311 861 2367 Dei
885 2327 931 2368 re·
985 2321 1012 2369 et
1026 2319 1158 2382 apparatu
1182 2308 1394 2379 idolothytorum
1411 2308 1619 2367 contaminatur.
1634 2312 1674 2367 lta
1688 2320 1716 2369 et
1729 2329 1779 2370 co-

128 2405 189 2461 bus.
204 2403 279 2474 Quid
300 2404 376 2456 enim
391 2410 446 2457 tam
461 2401 602 2473 indignum
616 2401 750 2472 beo(70),
766 2417 846 2471 quam
861 2402 931 2474 quod
987 2415 1054 2458 rona
1068 2399 1247 2471 idolothytum
1260 2397 1385 2453 eflicitur.
1402 2397 1459 2453 Hoc
1473 2397 1544 2452 enim
1560 2399 1622 2466 ritu,
1632 2391 1664 2455 ¹et
1677 2402 1779 2472 habitu,

128 2495 244 2566 dignum
259 2489 360 2547 idoloi
373 2489 439 2563 quid
454 2497 543 2545 autem
558 2498 610 2544 lam
624 2489 736 2561 dignum
754 2487 837 2560 idolo,
852 2505 932 2561 quam
987 2498 1014 2545 et
1033 2494 1162 2561 apparatu
1176 2485 1249 2542 idolo
1265 2487 1421 2541 immolatur
1443 2486 1597 2542 auctoribus
1616 2490 1671 2545 suis
1687 2507 1693 2545 :
1710 2509 1780 2563 quo-

131 2584 206 2657 quod
236 2594 265 2638 et
290 2580 419 2638 mortuo?
437 2582 507 2636 Nam
533 2588 561 2637 et
575 2587 741 2636 mortuorum
760 2587 803 2635 est
828 2582 865 2636 ita
883 2595 933 2638 oo·
988 2594 1047 2635 rum
1062 2593 1095 2633 eo
1115 2577 1158 2632 vel
1176 2576 1292 2631 maxime
1311 2575 1437 2646 proprius
1455 2584 1497 2630 est
1511 2592 1587 2642 usus,
1603 2593 1638 2633 ne
1662 2582 1689 2634 in
1703 2597 1781 2636 eom-

129 2673 220 2730 ronari
238 2670 297 2744 (tl)
319 2687 326 2724 ε
352 2669 481 2742 quoniam
501 2677 528 2724 et
551 2669 602 2739 ipsi
623 2669 697 2724 idola
717 2669 805 2724 statim
821 2669 888 2724 fiunt
906 2678 934 2725 et
986 2667 1143 2725 munionem
1161 2667 1248 2737 possit
1274 2663 1388 2729 admitti,
1414 2663 1531 2736 1111011111
1554 2665 1602 2721 Dei
1622 2669 1704 2726 rebus
1727 2686 1782 2728 11011

131 2763 226 2818 babitu
247 2767 276 2815 et
300 2759 376 2815 cultu
393 2756 615 2823 consecrationis,
634 2773 695 2828 quae
719 2759 788 2829 apud
814 2773 865 2814 nus
887 2775 932 2815 se.
988 2755 1133 2812 iuvenitur.
1159 2753 1308 2822 Propterea
1338 2751 1483 2822 Apostolus
1507 2751 1658 2808 inclamat:
1687 2760 1783 2831 Fapite

129 2852 220 2908 cunda
235 2847 393 2904 idololatria
407 2854 458 2902 est.
474 2846 559 2918 Igitur
573 2845 620 2918 qui
639 2861 723 2903 sensu
737 2856 853 2918 careant,
868 2847 933 2904 illo-
988 2844 1180 2902 idololatriam
1196 2844 1220 2912 (f
1235 2843 1295 2899 Cor.
1308 2856 1337 2905 x,
1350 2841 1394 2912 tl)
1406 2857 1413 2913 3
1425 2856 1534 2897 ⁰¹¹¹¹¹0¹1¹
1545 2842 1635 2915 1111111111
1648 2854 1674 2900 θῑ
1688 2857 1780 2904 10111111·
1824 2900 1829 2914 ι

131 2956 192 2997 mm
207 2937 264 2993 eri,
277 2935 390 3007 winde
412 2935 449 2990 up
464 2951 495 2990 ea
519 2950 549 2991 ,e
566 2935 644 3004 ffljus
659 2943 765 2991 carpana
788 2952 880 3003 sensu,
895 2948 935 2993 aa.
990 2933 1118 3003 Recogita
1142 2931 1251 3001 silvam,
1267 2937 1295 2984 et
1321 2938 1428 2999 quantae
1454 2929 1558 2986 latitant
1585 2933 1681 3005 spinas.
1707 2937 1782 2994 Nihil

137 3042 189 3098 qne
211 3028 237 3083 si
260 3024 339 3079 abuti
365 3040 396 3079 ea
423 3024 530 3089 vellent,
560 3025 583 3079 si
610 3039 689 3079 sensu
716 3039 771 3080 non
796 3035 932 3087 carerent,
990 3023 1109 3077 dandum
1129 3019 1212 3089 idolo,
1229 3017 1268 3074 sio
1291 3032 1340 3071 nec
1363 3017 1525 3072 sumendum
1548 3022 1581 3075 ab
1601 3023 1686 3079 idolo.
1709 3025 1736 3080 Si
1755 3026 1783 3082 itt

141 3114 212 3169 stulu
240 3125 317 3167 sero
339 3111 459 3167 distantia
473 3123 515 3168 est
529 3111 669 3180 abutendi,
688 3129 749 3170 eum
764 3115 863 3170 veritas
880 3113 940 3171 so
993 3109 1077 3165 idolio
1101 3106 1258 3162 recumbere
1281 3106 1400 3158 alienum
1422 3118 1462 3159 est
1477 3121 1493 3159 a
1511 3105 1572 3176 fide,
1593 3111 1657 3180 quid
1675 3113 1702 3167 in
1717 3114 1785 3171 idoli

146 3208 225 3257 eesat
250 3198 355 3265 utendi,
378 3209 493 3256 cessante
516 3209 612 3257 natura
630 3201 781 3272 sentiendi3
802 3220 855 3275 qua
877 3205 936 3260 tuit
991 3193 1559 3266 habitariaeritquae⁰⁰mm¹¹⁰l0sshfi⁸²0
1574 3197 1629 3268 (76)
1645 3203 1783 3262 1111111111

138 3295 199 3365 puis
218 3292 359 3357 abutatur,
376 3305 436 3345 cum
458 3306 512 3346 non
527 3290 626 3346 habeat
648 3308 700 3362 qua
723 3291 836 3347 utatur?
850 3293 936 3348 Nobis
990 3298 1018 3346 et
1031 3288 1093 3343 ideo
1112 3283 1205 3356 fugite.
1228 3284 1350 3355 Longum
1374 3282 1445 3337 enim
1460 3282 1602 3339 divortium
1626 3289 1734 3345 mandat
1750 3294 1784 3347 ab

132 3392 224 3437 sutem
239 3378 317 3434 abuti
341 3379 412 3450 apud
427 3381 586 3450 Apostolum
601 3394 657 3436 non
672 3381 743 3447 licet,
759 3380 862 3439 facilius
879 3398 935 3439 non
989 3376 1157 3447 idololatria;
1179 3377 1205 3431 in
1221 3374 1296 3432 nullo
1310 3373 1432 3448 proxime
1446 3375 1589 3447 agendum·
1603 3379 1689 3437 Dl³⁰⁰
1703 3383 1784 3442 eiiam

128 3471 168 3527 nti
192 3471 352 3537 docentem,
376 3468 427 3523 nisi
454 3469 525 3541 quod
554 3484 604 3526 nec
626 3469 772 3526 abutuntur
799 3472 847 3544 qui
868 3472 935 3528 nihil
989 3482 1111 3528 terrenus
1123 3467 1157 3523 de
1168 3465 1316 3539 longinquo
1330 3462 1454 3521 homines
1467 3464 1563 3538 spiritu
1577 3467 1703 3527 absorbet
1714 3474 1772 3546 (tt)

818 3569 913 3635 Variae
931 3575 1087 3638 lectiones.

163 3653 188 3692 11
201 3648 284 3721 hpud
298 3664 350 3706 nos
362 3649 469 3705 inserit
481 3646 566 3706 Semi.
583 3647 609 3687 11
624 3647 791 3706 Saltitaveris
804 3650 911 3709 abesto
925 3656 1005 3709 Pam.
1021 3653 1102 3722 Leop.

836 3723 1086 3791 Commentarius.

165 3833 224 3901 (69)
239 3831 343 3885 famen
353 3843 405 3884 nec
418 3826 501 3883 illam
511 3830 668 3901 impietatis
675 3829 885 3888 contumeliosae
894 3848 935 3889 co·
988 3824 1168 3888 transterendi
1187 3822 1309 3882 dominii.
1327 3822 1371 3882 Sic
1385 3840 1450 3901 ergo
1469 3826 1569 3884 nudum
1588 3832 1700 3890 verbum
1719 3836 1780 3910 erit,

96 3931 98 3934 ·
132 3901 933 3973 mampopalaseoaseioit.Populus,hocest‚ludaei,itta.
987 3918 1041 3974 quo
1055 3899 1116 3972 quis
1131 3899 1291 3954 admonetur
1303 3896 1338 3950 ab
1353 3899 1461 3954 homme
1486 3901 1512 3955 in
1529 3917 1585 3971 quo
1599 3905 1671 3961 nulla
1685 3920 1782 3967 ancto-

164 3974 227 4048 (7⁰)
243 3971 318 4039 Quid
336 3972 414 4027 emim
431 3973 491 4026 tam
505 3973 655 4054 iadiprtam
667 3976 739 4032 Deo?
755 3973 841 4042 liujus
854 3991 934 4047 argu·
987 3979 1053 4030 ritas
1067 3969 1241 4038 admonendi,
1257 3970 1333 4041 quasi
1349 3969 1400 4026 tale
1426 3969 1460 4026 sit
1475 3973 1576 4028 nudum
1591 3978 1664 4032 omni
1678 3982 1782 4036 autori-

133 4048 215 4107 menti
241 4045 330 4097 forma
351 4043 491 4099 collection
508 4051 550 4098 est
571 4059 599 4097 ιιι
627 4046 795 4115 exemplari:
825 4067 836 4098 ι
861 4047 933 4116 Quid
986 4052 1039 4102 tate
1053 4054 1080 4099 et
1093 4041 1190 4098 fulcro.
1205 4041 1271 4100 lm.

134 4123 203 4178 enim
216 4121 277 4169 tam
290 4112 432 4185 indignum
445 4113 512 4185 Deo,
526 4130 607 4186 quam
619 4118 692 4190 quod
708 4116 819 4189 dignum
833 4117 933 4176 idolo?
1022 4118 1078 4187 (ts)
1093 4113 1149 4170 lfoc
1161 4113 1416 4186 idolotbptamest,
1433 4130 1470 4171 ae
1487 4119 1639 4191 coatiperis
1654 4121 1728 4176 istud
1749 4140 1782 4181 ex

135 4209 214 4267 mam
230 4185 309 4255 quoti
326 4192 354 4239 et
370 4184 498 4240 mortuo?
517 4206 528 4234 ι
544 4186 606 4242 ttrc.
986 4187 1121 4259 Apost.,1
1144 4184 1217 4251 Cor„
1234 4186 1270 4251 X,
1295 4189 1338 4250 28,
1355 4184 1400 4240 ubi
1414 4185 1524 4244 retinuit
1543 4206 1638 4246 vocem
1659 4192 1782 4252 Graecam

168 4258 416 4331 (tlufortaorttm
430 4261 474 4315 est
488 4258 867 4318 itaeoroaari.Scribitenim
881 4262 932 4318 Pii·
985 4259 1170 4327 εἰδωλόθυτον,
1195 4271 1243 4326 pro
1268 4271 1300 4312 eo
1332 4256 1405 4328 quod
1434 4258 1568 4330 interpres
1591 4273 1682 4319 noster
1702 4269 1783 4323 vertit

135 4336 193 4392 nius
209 4363 212 4367 .
231 4341 352 4384 coronas
384 4327 569 4399 sepulcrorum
600 4340 629 4386 et
654 4332 774 4387 manium
800 4333 931 4389 honorem
946 4295 970 4373 ὓ
985 4331 1167 4389 immolatam
1176 4327 1383 4383 teotmelli-um
1393 4334 1433 4382 est
1442 4337 1531 4385 autem
1541 4337 1781 4411 quomodolegat:

135 4406 230 4464 fuisse·
249 4400 350 4455 1111111·
985 4405 1046 4461 llm
1061 4400 1222 4471 coctipesis,
1237 4413 1300 4452 oum
1314 4398 1410 4452 Graece
1425 4400 1460 4454 sit
1476 4402 1511 4474 pi
1527 4401 1625 4476 ἐσθίετε,
1638 4411 1712 4478 quod
1728 4425 1783 4466 non

165 4471 930 4549 (72)QtaamAEscalapioSocratesllocjussitquumin
985 4477 1062 4531 aliter
1095 4469 1235 4527 transferri
1254 4474 1342 4540 potest
1360 4483 1441 4540 quam
1469 4473 1548 4528 sicuti
1579 4484 1674 4532 noster
1692 4479 1783 4535 inter.

136 4561 245 4608 earcere
254 4550 338 4610 esset,
354 4543 507 4611 paulopost
524 4544 657 4601 bibiturus
675 4559 819 4603 venenum.
835 4546 929 4603 linere.
984 4561 1056 4620 pres,
1072 4559 1109 4600 ae
1121 4541 1315 4599 manducaris.
1327 4540 1396 4594 Pstt.

166 4625 226 4693 (ts)
243 4613 357 4673 Arabia
366 4613 477 4695 ahquid
490 4615 619 4672 iacendo.
631 4616 699 4672 Cum
708 4616 742 4673 de
757 4632 787 4672 se
801 4616 930 4690 loquitur,
1023 4620 1079 4701 976)
1091 4617 1162 4683 Quae
1175 4612 1335 4671 commocio
1345 4609 1466 4689 Cheisto,
1478 4617 1530 4670 eto.
1547 4614 1646 4670 Dilatat
1660 4618 1784 4691 cognatis

136 4694 212 4749 etism
229 4684 366 4744 vocabulo
386 4686 478 4741 tharra
492 4688 530 4740 uti
552 4688 718 4744 reformidat.
734 4688 809 4745 Dixit
831 4699 930 4746 autem
985 4689 1044 4744 aliis
1059 4690 1170 4757 brogon
1189 4685 1307 4756 episcop.
1325 4683 1446 4739 Hostren.
1461 4683 1529 4740 hliis
1544 4685 1702 4756 Cassianus,
1716 4689 1782 4747 Cot.

138 4766 248 4822 Amln'oe
258 4776 277 4815 a
296 4759 302 4769 '
320 4755 370 4812 aid
383 4756 524 4825 maeotim
538 4757 590 4814 hoo
605 4768 654 4830 est,
670 4760 774 4832 aliquid
787 4761 875 4818 thuris
888 4761 932 4817 vel
988 4761 1039 4818 lat.
1054 4774 1106 4824 stt,
1121 4772 1181 4826 cap.
1197 4761 1246 4815 lo.
1270 4756 1338 4812 bac.

138 4838 226 4894 odoris
249 4832 292 4887 Ar
329 4827 374 4882 ici.
396 4827 432 4882 Et
455 4825 524 4883 ltbro
551 4828 681 4887 adsersus
698 4832 817 4900 ludens,
843 4834 933 4907 spotia
1033 4833 1077 4898 Ἡ)
1092 4833 1181 4887 broco
1195 4831 1280 4885 ettam
1296 4831 1425 4885 terrenas
1440 4826 1473 4883 dc
1489 4829 1639 4903 toamaqao
1656 4830 1783 4895 homines

136 4909 248 4965 Arabim
272 4902 475 4969 interpretatur,
491 4914 585 4954 aarum
604 4911 630 4959 et
651 4903 761 4958 odores.
780 4905 863 4961 Vetus
881 4921 932 4960 au·
987 4905 1093 4978 spirita
1115 4900 1250 4959 absorbet.
1271 4899 1407 4954 Pamelius
1425 4898 1532 4958 edidit:
1556 4923 1567 4953 ι
1593 4904 1679 4961 braca
1701 4909 1784 4966 ettam

137 4988 188 5036 ram
201 4970 429 5100 apudflllestum:
447 4970 637 5044 eratenim,
654 4973 742 5045 idest,
758 4990 792 5032 ex
805 4975 934 5033 odoribus
986 4985 1111 5033 terrenus
1133 4977 1166 5029 do
1181 4970 1329 5045 longinquo
1358 4985 1411 5026 non
1429 4971 1518 5027 minus
1542 4973 1638 5046 spiritu
1656 4980 1785 5039 absorbet

137 5053 261 5108 arabicis.
302 5057 343 5098 1⁶·

165 5127 225 5195 tta)
256 5113 446 5176 tartonam.
472 5112 559 5172 Credo
583 5116 669 5175 virum
691 5116 883 5191 peritissimum
906 5117 934 5175 in
988 5133 1020 5176 co
1048 5118 1132 5174 refert
1157 5114 1287 5182 isidorus,
1313 5113 1424 5169 draconi
1456 5115 1564 5174 minime
1586 5124 1785 5181 convenientia.

137 5183 200 5268 inne,
216 5187 350 5250 allusisse
371 5188 406 5241 ad
429 5184 560 5243 formulas
582 5204 642 5261 quae
660 5190 689 5244 in
713 5192 776 5259 jure
798 5198 872 5260 sunt,
888 5190 935 5245 ubi
987 5191 1080 5265 Longe
1093 5189 1170 5244 aliter
1183 5187 1303 5243 ediderat
1316 5186 1477 5243 Rhenanus:
1497 5205 1509 5240 e
1525 5190 1612 5248 Draco
1630 5195 1709 5250 etiam
1730 5207 1786 5253 ter.

189 5257 486 5332 nenterleges,aatlo
524 5264 647 5327 assessis,
668 5262 745 5318 cado
763 5264 933 5334 proprietas,
991 5278 1073 5319 renus
1093 5261 1126 5317 de
1149 5260 1296 5332 longinquo
1329 5256 1448 5315 hominis
1475 5259 1585 5330 spiritus
1607 5263 1744 5322 absorbet,
1771 5287 1784 5320 ‚

139 5355 157 5394 s
224 5333 320 5397 ratio,
345 5328 423 5386 cada
443 5332 471 5387 tr
509 5333 583 5402 itio,·
599 5331 724 5389 videlicet
737 5334 873 5406 possessio
893 5333 939 5389 cui
992 5333 1073 5404 Quod
1099 5329 1221 5404 proxime
1242 5328 1345 5387 accedit
1363 5330 1397 5384 ad
1424 5346 1516 5388 veram
1543 5334 1683 5392 lectionem
1706 5353 1789 5409 quarn

140 5423 189 5467 non
212 5404 373 5482 proprietas
400 5399 516 5483 admista
531 5405 715 5483 :proprietas
741 5418 836 5488 atqua
863 5405 941 5464 abest
994 5404 1161 5464 restituimus
1182 5417 1198 5459 e
1219 5402 1313 5460 codice
1328 5400 1488 5474 agobardi:
1517 5407 1602 5464 Draco
1630 5407 1711 5462 etiam
1734 5417 1791 5465 ter·

139 5481 315 5541 nnsfrnctm
332 5490 340 5531 s
355 5473 434 5542 ratio,
449 5473 499 5530 abt
518 5475 628 5547 aliquod
641 5474 762 5533 debitum
776 5493 804 5534 m
822 5477 941 5536 rationes
995 5478 1069 5536 renis
1094 5477 1128 5535 de
1145 5473 1304 5549 longinquo,
1328 5474 1453 5533 hominos
1480 5491 1493 5531 s
1513 5477 1590 5535 initus
1612 5478 1748 5536 absorbet.
1776 5501 1789 5532 ι

139 5553 262 5622 martur,
278 5561 344 5609 cnm
358 5553 449 5603 tamen
467 5544 542 5604 nulls
554 5558 636 5606 eausa
650 5550 823 5622 praecesserit
834 5549 944 5609 debitis
995 5551 1065 5610 Nam
1082 5550 1127 5609 tric
1150 5547 1207 5624 agit
1224 5546 1404 5607 Tertullianus
1425 5543 1460 5605 do
1495 5550 1613 5624 unienda
1630 5547 1793 5622 idololatria,

142 5627 241 5692 numo
260 5640 327 5708 qaae
350 5632 408 5681 ιιοιι
426 5617 510 5681 babet
525 5621 667 5698 insumet
683 5622 810 5685 idoneam
832 5640 944 5688 canaan
998 5640 1033 5687 ex
1058 5623 1192 5686 Partim
1218 5619 1371 5682 cormelias
1407 5634 1552 5702 praecepto,
1582 5631 1610 5685 ct
1635 5623 1797 5702 fugiendam

987 5048 1073 5103 alites.
1091 5068 1103 5097 ι
1118 5043 1185 5112 Quae
1205 5053 1313 5114 sumpta
1330 5041 1455 5100 videntur
1467 5039 1501 5099 eri
1515 5043 1549 5100 iis
1563 5062 1625 5118 qnae
1636 5049 1670 5105 de
1680 5053 1787 5111 basilis·
