3840 6134
131 263 200 324 1215

664 261 711 322 df)
729 261 878 323 GBNUle
895 259 1120 323 'ffifibeLfiNf
1138 265 1246 326 aetat

1712 269 1781 331 titt

129 395 228 455 menta,
253 386 314 459 quis
337 403 408 454 rem,
434 395 485 443 tam
513 385 665 458 perspicue,
692 395 746 442 tam
770 381 964 465 constanter}
1015 386 1056 443 Al
1078 388 1238 460 simplicem
1252 392 1360 455 actum,
1377 402 1428 462 pro
1448 388 1577 460 simplici
1591 392 1684 459 cetui,
1699 391 1782 448 ablu·

129 478 265 544 traditam,
280 479 307 532 in
325 478 437 533 dubium
460 476 620 536 reuocabit‘l
633 478 710 533 Certe
724 477 748 531 si
766 484 820 531 tam
842 476 927 531 densa

130 566 238 624 testium
270 567 365 637 nubes,
395 575 448 620 tam
481 581 593 622 concors
626 572 748 620 veterum
782 563 924 633 sententia,

128 671 180 728 pro
202 655 321 724 cujusvis
346 656 447 727 ingenii
470 655 574 727 pruritu
598 654 632 709 sit
656 654 812 718 vellicanda,
835 661 924 708 actum

129 743 181 798 erit
195 744 301 815 penitus
317 743 350 797 dc
372 744 518 813 primorum
538 743 696 800 saeculorum
717 743 859 809 memoria,
873 755 926 796 nee

129 831 252 902 cuiquam
276 833 344 886 ultra
369 847 445 887 suam
470 839 576 886 aetatem
600 847 696 901 sapere
720 831 818 888 licebit.
846 851 859 882 n
885 832 925 886 fta

128 919 257 973 nimirum
280 920 388 990 quidam
407 935 439 973 ex
459 919 629 975 heterodoxis
651 920 759 986 nostris,
774 936 834 975 cam
857 933 923 989 pro-

129 1008 187 1076 pria
210 1022 258 1059 sua
280 1005 385 1074 iudicia
408 1007 522 1062 ubilibet
544 1023 593 1080 pro
618 1008 732 1064 veritate
760 1007 923 1077 obtrudant,

129 1108 192 1150 cuna
215 1102 253 1149 tot
276 1095 484 1151 contumeliosas
507 1105 601 1152 eontra
625 1096 781 1169 religionem
804 1105 924 1152 nostram

129 1182 232 1238 fabulas
263 1186 381 1255 undique
411 1185 568 1250 corradant,
602 1186 698 1256 partim
732 1185 783 1257 ipsi
814 1199 924 1258 quoque

129 1272 300 1343 excogitent3
322 1272 403 1329 fidem
423 1275 476 1329 sibi
494 1273 550 1330 dari
573 1275 645 1331 illico
668 1276 812 1346 postulant,
824 1275 925 1346 quibus

128 1375 215 1432 neque
244 1370 299 1416 tota
326 1362 467 1434 antiquitas
495 1379 543 1433 par
569 1372 621 1432 est,
641 1364 676 1419 ad
702 1363 781 1418 fidem
809 1364 843 1419 ab
871 1362 924 1419 illis

129 1456 222 1504 mutuo
247 1444 577 1520 impetrandam'ferum
601 1469 663 1508 cum
688 1454 818 1508 hactenus
840 1452 925 1508 ferme

130 1544 205 1591 extra
229 1536 343 1593 instituti
368 1540 454 1596 nostri
480 1540 579 1596 limites
605 1541 710 1614 abrepti
733 1541 875 1605 fuerimus,
901 1540 925 1596 si

981 476 1069 531 tionis
1083 477 1216 532 videficet.

1020 565 1079 620 Vise
1097 565 1234 630 sordium,
1250 566 1268 620 i.
1285 583 1310 622 e.
1326 569 1435 633 iustam·
1451 565 1493 623 vel
1510 569 1566 625 loco
1586 568 1728 623 sordium.

1014 652 1046 706 ln
1071 655 1183 725 spiritu,
1206 671 1253 709 seu
1275 657 1309 711 in
1327 659 1441 722 αηιιιιῑις
1462 667 1599 723 precatam
1623 654 1698 710 caim
1724 656 1781 711 sola

977 739 1115 797 voluntate
1136 751 1315 812 perpetratur,
1331 751 1358 799 et
1371 744 1397 798 ia
1414 746 1501 797 uitam
1522 745 1668 799 sacculum
1690 747 1779 816 spiri-

979 830 1095 895 tualem,
1115 846 1175 902 quae
1199 831 1371 887 Scholasticis
1388 835 1540 905 peccatum
1559 832 1706 889 baliluafc
1727 833 1779 890 dici

977 915 1057 979 tolet,
1075 917 1210 990 relinquit.

1014 1007 1143 1063 Rectum.
1172 1007 1304 1079 Equidem
1339 1010 1438 1064 nullam
1468 1024 1546 1074 caro,
1579 1023 1629 1065 seu
1666 1025 1776 1081 corpas,

977 1095 1083 1167 culpam
1112 1097 1221 1167 proprie
1253 1099 1354 1154 dictum
1387 1097 1536 1164 contrabit,
1570 1113 1662 1168 neqm
1689 1102 1778 1169 tamor

977 1183 1031 1248 ille,
1047 1199 1101 1255 quo
1115 1201 1182 1241 coro
1203 1188 1377 1258 concupiscit
1396 1186 1527 1242 adversus
1545 1187 1684 1258 spirltum
1703 1188 1776 1254 (cat.

976 1287 1007 1342 v,
1049 1273 1094 1343 tt)
1136 1274 1250 1344 peceati,
1293 1275 1346 1330 nisi
1390 1275 1537 1346 improprie
1577 1275 1655 1339 dicti,
1695 1277 1777 1331 ratio·

977 1375 1039 1416 nem
1072 1361 1174 1433 babet;
1204 1362 1270 1433 quia
1302 1373 1402 1430 tamen,
1432 1372 1462 1417 ut
1493 1378 1586 1418 rursus
1620 1363 1649 1416 in
1678 1363 1778 1419 sobolis

978 1446 1135 1519 loquuntur,
1152 1452 1279 1505 actiones
1294 1454 1363 1505 sunt
1381 1451 1605 1521 suppositorum,
1621 1464 1653 1504 ac
1668 1449 1778 1520 proinde

979 1550 1033 1590 non
1048 1536 1106 1591 sola
1120 1540 1229 1602 anima,
1249 1539 1295 1593 sed
1310 1547 1382 1594 totus
1397 1539 1487 1606 bomo,
1505 1554 1555 1593 eeu
1570 1538 1662 1607 ipsum
1677 1554 1779 1610 suppo·

128 1624 189 1695 quis
207 1626 318 1697 insuper
338 1629 416 1698 plura
439 1631 583 1695 desideret,
598 1632 669 1700 apud
689 1632 839 1686 Calmetam
856 1645 924 1686 nos·
979 1625 1069 1689 Situm,
1085 1641 1118 1680 ex
1131 1643 1245 1698 corpore
1265 1636 1292 1682 et
1311 1629 1411 1683 auimo
1432 1634 1570 1690 constant,
1585 1626 1615 1680 iss
1638 1641 1735 1692 iamt·
1749 1643 1780 1683 δῦ

127 1715 199 1767 trum
218 1713 245 1767 in
259 1715 329 1768 Dies.
346 1717 476 1786 peculiari
490 1717 523 1775 le
538 1720 641 1776 itincre
659 1721 782 1778 Romano
797 1721 826 1777 S.
847 1721 927 1776 Petri
942 1699 965 1777 Β
979 1729 1030 1787 ptr
1054 1729 1171 1769 carnem
1199 1722 1301 1784 ottoni.
1327 1715 1387 1769 inde
1411 1714 1502 1779 eiiam·
1526 1721 1638 1784 ιιῐθιιῑθΓ
1659 1713 1780 1768 inum

128 1799 238 1867 abunde
254 1802 382 1862 Inveniet.

166 1897 323 1968 Philippus,
332 1899 378 1970 qui
392 1900 566 1958 communius
577 1902 695 1959 creditur
705 1918 759 1959 non
770 1906 924 1977 apostolas,

130 1983 258 2037 sedunus
272 2001 304 2040 ex
320 1995 422 2060 septem
437 1990 531 2059 primis
546 1993 681 2058 diaconis,
695 1996 754 2049 Act.
772 2008 813 2063 vt,
830 1997 859 2062 5,
876 1994 928 2049 elc-

129 2068 189 2135 ctiS,
205 2071 297 2130 fuisse.

166 2166 307 2232 Fortuita,
325 2169 343 2224 i.
360 2186 384 2224 e.
401 2175 522 2243 fortuito
536 2175 639 2231 oblatu.

168 2264 285 2319 Retulit.
319 2270 381 2323 Haec
412 2271 504 2341 utique
535 2275 664 2328 sententia
697 2274 810 2329 ironiam
846 2275 925 2347 sapit.

131 2347 263 2406 Caeterum
284 2369 337 2408 ιιοιι
362 2356 405 2409 hic
427 2358 605 2414 Tertullianus
628 2362 795 2433 Baptismum
812 2380 828 2417 a
848 2365 927 2420 Petro

979 1803 1075 1857 animae
1089 1818 1149 1857 cum
1163 1817 1278 1873 corpore
1299 1804 1429 1858 unionem
1448 1803 1589 1872 nimirum,
1601 1812 1660 1856 tum
1677 1805 1778 1874 culpe,

980 1897 1036 1945 turn
1057 1907 1147 1962 poence
1170 1901 1259 1946 reatus
1281 1891 1479 1963 quodammodo
1501 1891 1536 1945 ad
1559 1890 1651 1958 ipsum
1669 1906 1776 1962 corpus,

980 1993 1027 2032 seu
1043 1995 1168 2047 caraem,
1186 1981 1364 2047 protenditur,
1381 1980 1450 2034 adeo
1467 1985 1496 2034 ιιι
1514 1993 1570 2033 non
1591 1979 1704 2049 quidem
1719 1993 1778 2034 cor·

979 2084 1031 2138 pus
1054 2084 1106 2140 per
1127 2085 1165 2133 sc,
1182 2077 1209 2125 et
1232 2074 1348 2143 propter
1369 2086 1407 2135 sc,
1424 2069 1472 2123 sed
1495 2067 1587 2123 anima
1607 2067 1636 2121 in
1656 2082 1777 2141 corpore,

979 2163 1008 2212 et
1022 2173 1073 2230 per
1087 2174 1198 2231 corpus,
1214 2159 1306 2229 itaque
1325 2166 1397 2215 totus
1413 2159 1503 2222 bomo,
1518 2156 1564 2229 qui
1584 2157 1718 2227 peccarit,
1733 2171 1777 2228 pu·

978 2245 1079 2300 ulatur.

1017 2333 1054 2390 Ob
1082 2336 1287 2390 ministerium.
1317 2335 1404 2405 Igitur
1432 2342 1512 2389 antea
1542 2333 1617 2389 dicta
1644 2336 1777 2406 praecipue

31 3598 35 3609 =
130 3598 185 3640 nou
198 3604 250 3658 per
266 3606 294 3644 se
308 3591 463 3646 conferebat
480 3593 669 3650 remissionem
683 3607 864 3666 peccatorum,

130 2437 258 2493 collatum
281 2457 342 2496 curn
365 2444 502 2516 baptismo
524 2449 644 2516 loannis,
668 2451 714 2520 qui
734 2451 832 2521 prioris
855 2454 927 2508 dun·
978 2436 1043 2476 Μ
1064 2431 1128 2478 ⁸⁰⁰²
1149 2423 1175 2476 in
1197 2426 1323 2522 peffflm
1343 2425 1514 2489 malim
1531 2439 1580 2479 ⁸⁰¹¹
1603 2441 1666 2495 (ΨΒ
1690 2438 1777 2523 ⁰⁸9⁶·

132 2531 204 2579 taxat
217 2528 316 2594 μηρὼ
333 2529 444 2587 1150
462 2535 585 2604 quaedam
604 2536 702 2611 figura,
719 2545 745 2591 e,
760 2538 836 2608 quasi
849 2556 927 2611 pm,
978 2523 1064 2580 eaque
1082 2511 1284 2582 quomodolibet
1304 2512 1413 2568 demum
1433 2520 1623 2580 concurrente,
1636 2512 1779 2583 perficiun-

131 2614 465 2689 cursiofuerat‚penilus
484 2639 624 2695 exaequare
644 2626 822 2696 (ananifestam
842 2633 924 2700 enim,
984 2603 1040 2652 Μ·
1081 2689 1086 2699 ,
1140 2688 1145 2700 ,
1314 2687 1357 2700 ,,
1439 2691 1444 2702 ,
1606 2691 1611 2702 ,
1661 2692 1667 2703 ,
1752 2691 1757 2701 .

131 2715 219 2772 neque
244 2704 359 2775 unicam,
386 2708 454 2763 inter
476 2717 620 2781 utrumque
645 2712 720 2768 illum
746 2715 925 2772 differentiam
1016 2686 1778 2761 mmm⁰⁰⁰d⁰qm⁸'¹'e'wtut‘mdwmmm'

131 2786 201 2845 infra
225 2807 284 2863 cap·
310 2799 353 2864 10,
370 2797 476 2868 ponit„
501 2800 548 2854 sed
568 2800 596 2855 id
619 2801 747 2858 duntaxat
768 2805 926 2861 confirmare
979 2774 1055 2870 utin
1080 2776 1246 2873 naturalibus
1270 2785 1331 2831 sunt
1355 2778 1683 2879 elammetpctdutae.
1710 2778 1780 2834 filias

131 2878 225 2944 voluit,
264 2899 451 2957 quamcunque
490 2903 601 2959 aquam,
642 2906 689 2957 per
725 2892 818 2947 orbem
856 2895 927 2948 huuc
980 2861 1780 2966 ⁹5¹³m¹⁵⁸dsfr¹u⁸,’ps⁰ve⁷²e”⁰m⁸9m¹⁵⁰lmif¹¹sum

132 2977 254 3022 nostrum
268 2969 404 3039 diffusam,
421 2982 512 3044 utpote
526 2993 587 3031 cum
606 2979 766 3052 primigenia
785 2982 828 3036 illa
849 2998 927 3051 pror·
975 2963 1040 3002 '¹¹⁰³
1061 2949 1211 3007 chamum
1230 2969 1295 3021 ΜΨ·
1317 2954 1403 3010 mm
1423 2955 1560 3010 ’Μάκαρ
1573 2969 1589 3007 e
1603 2970 1673 3012 was
1697 2953 1781 3010 mh·

132 3067 179 3107 ws
206 3056 345 3122 eamdem¹
377 3075 454 3131 aeque
482 3078 497 3116 a
525 3065 627 3134 Spiritu
654 3078 745 3124 sanem
772 3070 827 3138 jam
855 3085 927 3126 nune
940 3013 1036 3094 c'tum
1051 3051 1110 3090 esse
1125 3038 1217 3106 refert,
1232 3048 1258 3093 et
1273 3040 1386 3095 Siliusl.
1403 3041 1505 3110 vr,tela
1521 3040 1667 3098 medicata
1681 3058 1779 3101 vemat

132 3140 283 3211 adaptatam
300 3144 392 3212 fuisse,
409 3150 569 3207 adsalutem
588 3153 927 3230 hominibusquocumque
977 3123 1063 3179 ‘anit'
1318 3214 1324 3225 .
1421 3218 1425 3227 .
1462 3219 1467 3229 .
1663 3221 1667 3229 .

131 3228 239 3285 demum
265 3233 346 3289 modo
374 3236 563 3295 conferendam
594 3259 601 3294 ;
632 3244 681 3298 etsi
708 3245 800 3316 utique
828 3263 928 3318 negan·
1017 3214 1778 3290 'mmmmm'Anudnadpmmmprobatum&

131 3316 196 3372 dam
219 3334 272 3374 aon
295 3322 339 3391 sit,
365 3324 526 3396 baptismum
555 3338 689 3399 nostrum,
714 3341 807 3402 utpote
831 3335 928 3391 Sacra·
981 3316 1036 3372 ΨΜ
1046 3302 1128 3402 ,1οΨ
1147 3320 1176 3371 ν’
1193 3311 1222 3400 et.
1235 3304 1332 3401 mer
1345 3322 1407 3376 ω’
1423 3322 1480 3376 ⁵⁰4
1497 3321 1530 3375 ψ
1533 3306 1633 3363 emus'

132 3417 252 3463 mentam
275 3426 291 3464 a
314 3412 422 3468 Cbristo
451 3415 514 3485 ipso
543 3415 704 3486 institutum,
730 3420 811 3494 longe
835 3423 928 3480 eflica-
1016 3391 1156 3460 Mmmr’
1185 3393 1288 3447 sancet
1319 3403 1430 3464 pmpoer
1460 3408 1521 3449 ω’]
1558 3395 1670 3466 ⁰u¹p³m
1706 3406 1780 3466 qm

131 3495 212 3551 cieris
226 3498 329 3556 virtutis
344 3501 435 3568 faisse,
452 3520 532 3574 quam
548 3505 720 3578 baptismum
739 3510 866 3578 lacunis,
883 3512 928 3582 qui
979 3493 1155 3621 mma*
1169 3487 1197 3534 εἰ
1211 3482 1367 3552 mmmm
1389 3499 1423 3537 “⁶
1450 3482 1599 3539 senam
1615 3485 1778 3555 ‘’mma'’

881 3599 929 3654 sed
1097 3606 1105 3620 ⁴
1189 3596 1193 3604 “

130 3671 217 3725 solum
233 3674 266 3727 ad
282 3684 357 3728 aelus
372 3678 550 3746 poenitentiae,
569 3698 617 3751 per
637 3684 765 3753 quasilla
788 3684 869 3740 stabat
886 3702 928 3741 re·

130 3757 237 3826 missio,
252 3763 382 3816 excitabat
403 3781 410 3817 :
432 3782 484 3835 qua
507 3768 540 3821 de
565 3786 593 3824 re
616 3769 774 3838 interpretes
796 3789 828 3829 ac
851 3774 928 3830 theo-

130 3841 184 3916 logi
205 3846 289 3899 nostri
311 3849 411 3916 passim
433 3852 517 3907 rideri
537 3865 661 3923 possunt,
677 3873 781 3931 nosque
800 3876 849 3916 auo
868 3862 928 3919 foco

131 3930 241 3986 uberius
255 3935 482 3993 confirmabimus.

165 4029 364 4101 Praeropullaa.
393 4034 587 4108 Partieipantes
615 4040 753 4110 nimirum,
780 4048 852 4102 velut
878 4066 928 4122 per

131 4117 352 4187 transfusionem,
369 4124 538 4197 privilegium
553 4126 630 4194 illud,
647 4138 672 4186 et
686 4147 764 4206 aquae
783 4134 856 4192 illius
869 4137 928 4208 pri·

130 4205 232 4263 mitirae
248 4209 375 4266 indolem.

166 4305 244 4360 Sacc.
259 4310 504 4379 sanctificationis,
521 4329 569 4369 seu
584 4318 726 4375 occultam
740 4320 824 4392 illam,
835 4326 929 4398 acepi-

130 4393 268 4450 ritaolem
283 4397 407 4453 virtatem
423 4400 604 4458 sanctificandi
620 4407 747 4464 annnam.

165 4489 293 4547 lnuocalo
326 4498 390 4552 Deo.
423 4496 491 4564 Quae
524 4502 663 4561 invocatio
689 4505 720 4560 fit
746 4505 774 4560 in
801 4508 927 4566 lenedic-

131 4576 208 4633 liorae
222 4582 310 4648 scutis
325 4583 501 4655 baptismalis
512 4608 521 4642 .·
531 4605 610 4659 quem
621 4592 701 4647 ritum
707 4595 761 4662 jam
771 4597 927 4654 Tertulliani

130 4668 296 4736 temporibus
310 4672 458 4729 adlrrbitum
472 4674 567 4742 fuisse,
583 4685 609 4732 et
624 4681 810 4740 verisimiliter
819 4687 853 4740 ab
863 4687 929 4758 ipsis

130 4755 262 4823 apostolis
276 4757 463 4830 descendisse,
478 4761 522 4817 ref
536 4778 569 4819 ex
584 4765 642 4821 solo
657 4768 710 4824 boc
723 4767 782 4826 loco
797 4772 862 4828 setis
876 4776 929 4831 col·

131 4839 235 4914 ligitur.

166 4941 251 5013 etquis
265 4951 403 5017 superest,
418 4962 466 5003 seu
480 4965 567 5020 super
583 4966 667 5022 aquas
686 4961 738 5025 est,
758 4957 845 5030 iisque
855 4960 928 5021 refut

131 5040 298 5098 supernatat.

170 5118 346 5177 Camillum.
375 5126 416 5180 An
444 5124 502 5182 baec
530 5126 614 5184 virtus
641 5131 676 5186 sit
697 5149 761 5193 rere
786 5141 874 5197 realis
896 5157 929 5196 ac

127 5207 245 5280 physica
268 5226 283 5264 a
306 5211 406 5282 Spiritu
431 5213 459 5272 S.
489 5215 565 5288 aquis
595 5217 737 5290 impressa,
759 5233 785 5281 et
815 5230 928 5300 pbpsicc

130 5307 245 5351 causans
258 5300 372 5370 gratiam
386 5299 583 5372 baptismalem,
599 5321 633 5361 an
648 5313 767 5368 marolis
787 5315 926 5386 duntaxat,

130 5381 159 5438 in
178 5393 211 5440 tr.
237 5385 270 5444 dc
293 5389 436 5460 Baptismo
460 5390 629 5449 vehementer
651 5398 789 5469 disputant
813 5401 926 5463 Schola·

130 5472 202 5531 utici.

1018 3654 1179 3709 llundctur.
1197 3656 1239 3709 Ab
1253 3671 1285 3710 ea
1299 3654 1423 3712 videlicet
1442 3656 1557 3726 macula,
1575 3675 1663 3731 quam
1677 3662 1710 3716 ιἰι
1723 3659 1778 3716 cai·

980 3758 1038 3807 ma,
1053 3745 1103 3798 sibi
1116 3742 1209 3798 intime
1222 3744 1332 3811 innexa,
1349 3745 1492 3804 contraxit.

1243 3882 1320 3937 Nolae
1334 3880 1370 3936 aa
1384 3887 1471 3957 caput
1490 3885 1518 3940 V.

1018 4001 1230 4072 Spiriluolium,
1241 4003 1258 4056 i.
1270 4020 1295 4060 e.
1304 4004 1444 4062 destituta
1453 4009 1533 4062 omui
1543 4008 1709 4078 intellectu,
1720 4015 1773 4072 etc..

980 4095 1008 4142 el
1026 4090 1135 4144 noarrisi
1156 4092 1286 4147 caracalla
1310 4093 1454 4163 sapientes.
1477 4095 1546 4150 Fors
1569 4097 1631 4152 haec
1652 4096 1774 4154 seuteat'n

979 4174 1017 4230 ita
1035 4177 1191 4249 interpungi
1215 4188 1306 4247 posset
1322 4198 1330 4235 ε
1349 4201 1361 4232 a
1382 4182 1529 4238 Extraneae
1543 4185 1580 4238 ab
1606 4186 1683 4240 omui
1705 4184 1775 4240 iutel-

980 4261 1062 4330 lectu,
1076 4265 1256 4333 spiritualium
1273 4276 1431 4339 potestatem
1451 4269 1511 4341 [seu
1533 4271 1678 4346 virtutem]
1695 4272 1774 4330 amaa

941 4327 1110 4419 neffteacia,
1134 4376 1145 4405 a
1162 4362 1216 4410 etc.

1017 4441 1254 4508 Staiualnistruut,
1271 4459 1320 4499 sea
1335 4447 1513 4504 attribuunt.

1021 4529 1125 4594 t'llats,
1141 4529 1160 4584 i.
1177 4547 1202 4586 e.
1220 4531 1366 4602 inanibus,
1382 4547 1413 4588 ac
1429 4534 1503 4588 omni
1528 4535 1668 4602 ejusmodi
1691 4536 1774 4592 naute

980 4613 1125 4670 destitutis.

1017 4704 1188 4761 fuitiaatur.
1208 4706 1340 4772 lailiarc,
1356 4708 1470 4763 verbum
1494 4708 1520 4762 in
1540 4711 1629 4766 sacris
1648 4710 1775 4782 praecipuc

980 4790 1119 4857 usitatum,
1133 4801 1175 4847 est
1197 4810 1371 4861 consecrare,
1392 4811 1441 4851 seu
1466 4798 1555 4855 sacris
1580 4800 1719 4867 imbuere,
1739 4802 1775 4853 ιιι

981 4876 1070 4947 potius
1084 4882 1117 4931 ad
1134 4880 1229 4935 eadem
1253 4882 1381 4938 idoneum
1407 4884 1531 4940 reddere.
1550 4906 1562 4936 ι
1584 4887 1669 4943 Erant
1689 4885 1775 4960 (iuquit

980 4966 1133 5025 Casaubon.
1149 4968 1177 5023 in
1200 4970 1330 5029 Albcaoei
1344 4973 1361 5028 l.
1378 4988 1459 5041 v1,c.
1476 4972 1522 5044 15)
1544 4974 1658 5045 quidam
1683 4974 1773 5049 gradus

981 5054 1010 5109 in
1034 5055 1240 5127 participatione
1267 5059 1456 5129 mysteriorum
1484 5061 1661 5118 observandi.
1690 5062 1769 5119 erim

983 5143 1081 5202 15ss
1097 5146 1217 5202 omnium
1249 5146 1329 5214 tutat
1364 5149 1480 5220 aiacpme
1507 5149 1685 5223 (purificatio
1712 5161 1773 5222 qo&

981 5232 1052 5298 dam,
1064 5249 1112 5302 per
1124 5243 1210 5291 certas
1220 5235 1347 5291 nimirum
1359 5238 1518 5294 oblationes
1527 5236 1676 5309 facienda),
1688 5232 1771 5294 canu

981 5322 1163 5390 sequebantur
1181 5327 1317 5396 mysteria
1333 5341 1434 5396 parua,
1455 5326 1556 5396 quibus
1574 5327 1771 5383 instituebantur

981 5416 1010 5463 ct
1028 5412 1245 5483 praeparabantur
1264 5414 1297 5468 nd
1315 5412 1440 5482 maiora;
1457 5422 1616 5485 postremus
1633 5427 1692 5471 erat
1708 5422 1770 5471 acttt

983 5499 1175 5571 mysteriorum
1188 5503 1331 5575 majorum,
1345 5510 1374 5558 et
1399 5502 1456 5575 illa,
1477 5518 1538 5575 quae
1557 5504 1714 5561 dicebantur
1726 5500 1772 5555 lsa-
