3840 6134
110 276 177 338 1301
520 268 788 335 renuntiat-
807 265 838 326 u.
857 261 1046 327 mutinum
1069 266 1191 330 THOMAE
1212 267 1333 332 atuor.
1684 270 1757 337 13οἳ

107 400 273 470 placeamus,
289 400 368 474 eique
382 400 467 472 prati,
483 397 510 452 id
525 404 575 463 est,
597 394 706 467 accepti
720 393 816 450 simus.
831 391 902 448 lisso
917 381 943 464 st
958 390 1056 460 omnia,
1073 400 1102 451 ut
1115 392 1199 453 Stoici
1213 395 1352 467 putabant,
1362 414 1445 471 parra
1458 413 1530 468 esse,
1544 399 1595 458 sed
1608 399 1638 458 id
1651 401 1753 471 solum,

107 490 179 544 enim
204 488 344 558 reperitur,
364 488 420 561 qui,
444 503 506 543 cum
529 483 608 540 alteri
625 480 787 538 benetioinm
809 479 900 545 iaciat,
958 496 990 536 ex
1018 481 1079 553 hoc,
1100 483 1172 551 qnod
1195 483 1248 540 alio
1268 487 1399 544 carnalia
1418 486 1481 556 sint,
1500 487 1552 546 alis
1576 489 1753 562 spiritualia,

108 586 157 632 ant
184 593 236 632 non
267 578 374 648 placere
399 576 497 646 cupiat,
528 581 574 630 out
597 588 652 627 non
672 569 778 642 aliquod
799 575 901 640 speret,
958 586 1006 626 seu
1033 571 1086 627 alia
1109 589 1222 647 corpore
1246 585 1447 649 perpetrantur,
1473 581 1507 636 irs
1529 580 1628 635 anima
1642 585 1670 634 et
1694 578 1756 647 ejus

107 673 248 737 captetque
263 665 485 730 emolumentum,
500 662 534 717 ad
548 677 578 717 se
601 659 761 716 rediturum.
786 658 827 712 lta
854 671 904 713 uo-
958 661 1094 718 voluntale
1112 663 1169 719 sols
1183 662 1344 733 subsistant,
1360 682 1417 722 non
1429 666 1493 724 inde
1507 670 1635 739 majorem
1650 667 1754 740 peoaeti

106 765 189 811 strum
207 754 321 811 ubilibet
335 753 501 823 nimiumque
515 757 636 806 amantes
650 764 753 804 sumus.
959 749 1041 805 unius
1054 767 1109 823 pne
1124 751 1208 808 altero
1221 757 1390 826 pravitatem
1405 756 1595 814 dimetiendam
1610 773 1680 814 esse.

144 844 280 908 llartalis,
295 844 312 900 i.
337 858 361 898 e.
378 841 543 912 temporalis,
560 848 586 896 et
602 837 747 910 aliquando
769 834 902 902 desitura,
994 841 1188 912 lnjudieium.
1198 843 1273 916 ignis
1287 843 1409 901 videlicet
1423 845 1535 913 aeterni;
1550 862 1669 918 namque
1678 847 1755 920 jnda-

108 940 161 988 tam
175 933 270 1004 qratia
286 948 393 1000 nempe,
409 929 641 1003 quaminqratia.
958 931 1035 986 cium
1062 931 1108 986 bia
1132 931 1246 1002 opponit
1276 934 1354 999 attae,
1377 941 1484 990 aeternae
1516 934 1653 996 nimirum.
1682 935 1752 992 vide

146 1019 317 1093 Compendii.
333 1020 388 1077 Seu
409 1023 533 1094 questus
549 1025 574 1075 et
587 1016 662 1074 lucri
671 1035 681 1084 ,·
695 1021 725 1071 ut
739 1011 833 1085 optimi
849 1016 904 1068 Au·
951 1017 1020 1090 ‘quae
1032 1018 1150 1075 diximus
1164 1019 1191 1075 in
1206 1019 1225 1075 1.
1241 1020 1274 1077 de
1298 1023 1380 1095 Bapt.
1405 1038 1465 1095 cap.
1482 1026 1526 1079 10.
1551 1031 1609 1082 nat.
1628 1023 1754 1096 injudi-

107 1111 198 1167 thores
210 1108 310 1181 passim
325 1109 433 1164 habent.
958 1108 1045 1164 aium.

143 1198 309 1264 Debitorem,
327 1197 454 1254 Mercedis
474 1193 612 1251 nimirum.
994 1199 1043 1256 Eo.
1058 1198 1110 1255 Pro
1124 1204 1281 1274 eapropter.

145 1288 259 1351 Matura,
276 1289 369 1343 Peene
382 1286 487 1357 utique.
995 1285 1165 1358 impendere.
1187 1288 1280 1362 ltaque
1298 1289 1331 1345 ad
1350 1289 1537 1363 poenileutism
1560 1307 1669 1366 quoque
1692 1306 1753 1351 cor·

144 1379 358 1440 Rernunerutor,
374 1374 393 1430 i.
408 1388 433 1429 e.
449 1373 614 1431 retributor.
960 1390 1011 1446 pus
1026 1383 1168 1432 concurret
1182 1393 1294 1436 necesse
1316 1387 1368 1446 est,
1388 1395 1437 1452 per
1462 1382 1606 1439 semibiles
1625 1381 1753 1437 nimirum

144 1466 272 1531 Sanciat,
288 1481 338 1533 pro
353 1468 484 1531 statuat;
500 1469 641 1519 estantem
655 1461 778 1525 sancire,
792 1454 903 1528 aliquid,
960 1475 991 1517 ac
1007 1467 1137 1521 aeternos
1152 1472 1227 1521 actus
1241 1474 1268 1522 et
1291 1467 1449 1526 allisiones
1468 1470 1647 1544 corporales:
1664 1469 1755 1527 anima

107 1553 180 1626 quod
194 1554 302 1625 impune
316 1553 409 1613 violari
424 1552 528 1625 nequit,
543 1550 720 1608 constituere.
959 1565 1025 1607 vero
1040 1569 1089 1624 per
1102 1554 1249 1613 internum
1267 1557 1399 1624 dolorem,
1415 1565 1468 1615 etc.

145 1643 339 1700 Praestandum
358 1659 426 1701 esse.
446 1642 607 1714 Supremum
617 1639 664 1711 jus
686 1637 756 1708 ejus,
772 1649 822 1708 per
836 1648 904 1704 pea-
997 1639 1146 1698 emtarum
1165 1648 1216 1700 est.
1241 1646 1278 1701 Ut
1300 1646 1372 1702 enim
1394 1647 1519 1707 actiones
1540 1649 1666 1706 dicuntur
1693 1665 1755 1707 esse

109 1740 167 1788 cata
181 1731 285 1799 laesum,
301 1732 479 1790 satisfactione
494 1729 655 1800 reparando.
923 1703 1181 1801 flsuppositorum,
1197 1730 1237 1788 sic
1254 1748 1304 1789 nec
1326 1749 1425 1805 corpus
1440 1743 1534 1807 peceat
1552 1737 1651 1808 solum,
1667 1751 1756 1812 neque

148 1822 303 1877 Privatum.
325 1820 444 1875 Latinius
457 1821 603 1893 priuatum
622 1818 705 1886 delet,
720 1823 850 1887 tanquam
864 1813 906 1869 in-
961 1816 1052 1872 anima
1064 1817 1132 1887 sola,
1148 1819 1195 1875 sed
1210 1823 1305 1889 Homo,
1320 1822 1366 1894 qui
1388 1824 1554 1896 compositus
1568 1833 1609 1882 est
1631 1842 1668 1882 ex
1689 1840 1755 1883 cor-

111 1908 183 1980 signi
199 1908 263 1964 alias
284 1908 344 1965 loco
368 1909 558 1965 obscuritatem
572 1906 712 1964 atterens:
730 1913 823 1976 stega
838 1904 906 1960 citra
961 1921 1029 1978 pore
1043 1915 1069 1961 et
1083 1909 1181 1979 anima,
1197 1908 1223 1964 in
1239 1926 1321 1967 unum
1334 1913 1522 1985 suppositum,
1534 1930 1582 1971 seu
1594 1931 1756 1987 personam,

110 1996 303 2053 alleudiculum
333 1997 443 2053 retineri
466 2014 548 2070 posse
563 1996 695 2064 existimo,
710 2003 738 2051 et
762 1995 907 2067 privatum
963 2010 1131 2069 exsurgens3
1146 1997 1210 2055 huia
1233 1998 1305 2054 enim
1333 2001 1464 2068 actiones,
1480 2009 1536 2058 tam
1561 2003 1651 2075 bonae,
1674 2019 1755 2076 ιῐιιιιιι

111 2087 154 2140 hic
175 2093 300 2155 tanquam
314 2087 464 2159 proprium
489 2086 621 2161 intelligo,
641 2093 670 2140 ut
683 2083 783 2140 Noster
797 2083 824 2138 in
838 2081 857 2140 l.
874 2082 908 2140 de
963 2083 1052 2155 malae,
1067 2084 1243 2157 imputantur.

112 2175 205 2246 Spect.
222 2189 246 2229 c.
264 2178 307 2240 lo,
323 2173 482 2243 explicatius
496 2175 560 2232 dicit
580 2195 586 2232 :
603 2191 667 2248 que
680 2173 784 2244 privata
797 2175 826 2230 et
841 2185 907 2241 pro·
998 2172 1110 2245 Aqitnr.
1126 2173 1233 2231 Scilicet
1245 2189 1327 2246 opere
1348 2176 1467 2248 quodam
1481 2182 1600 2238 eatena
1614 2193 1646 2237 ac
1666 2180 1758 2238 sensi·

112 2258 169 2331 pria
184 2266 253 2316 sunt
274 2277 375 2329 scena,
391 2271 444 2316 etc.
460 2263 492 2317 Et
517 2261 573 2317 Cic.
590 2260 608 2336 1.
631 2276 664 2317 ιιι
683 2262 717 2319 de
739 2261 831 2317 Finit.
847 2258 906 2314 sit:
963 2259 1020 2316 bili.

113 2372 124 2402 a
147 2349 245 2407 Verbis
260 2360 347 2406 tamen
372 2350 399 2404 in
415 2350 531 2406 dicendo
556 2350 634 2422 qnasi
648 2350 768 2422 priuatis
785 2355 908 2420 utuntur,
1000 2349 1155 2421 depiletur.
1171 2350 1295 2424 Marsque
1309 2352 1388 2410 intra
1401 2359 1527 2410 mentem
1542 2354 1683 2413 retinetur.

112 2453 143 2496 aa
155 2440 252 2497 sats.»
1000 2437 1132 2508 Continui
1159 2438 1252 2498 babet.
1273 2442 1407 2513 Continpi
1427 2441 1472 2497 bic
1493 2458 1548 2499 non
1572 2443 1689 2500 sumitur
1706 2458 1758 2517 pro

150 2527 291 2599 Officium.
304 2525 381 2594 Quod
400 2532 491 2582 antem
511 2523 618 2580 malitiae
632 2524 761 2595 effidem
775 2537 837 2579 esse
854 2536 907 2596 po-
962 2524 1021 2583 solo
1048 2540 1129 2582 sensu
1153 2530 1256 2596 tactus,
1287 2528 1336 2584 sed
1364 2529 1479 2586 aliorum
1499 2546 1610 2603 quoque
1628 2547 1758 2590 musanus

113 2623 175 2683 test,
186 2615 238 2669 nisi
253 2615 279 2669 in
293 2614 336 2681 iis,
348 2614 382 2669 de
396 2612 528 2684 quibusin
538 2612 559 2670 l.
570 2630 579 2670 u
590 2613 623 2671 de
640 2612 719 2684 Ospa.
731 2611 784 2668 sub
799 2610 858 2667 init.
869 2610 909 2667 ait
959 2613 1144 2687 perceptione.
1160 2614 1291 2671 Caeterum
1310 2618 1438 2688 continpi
1453 2617 1543 2684 babet,
1558 2634 1609 2689 pro
1632 2622 1759 2694 continps

111 2704 239 2763 Tullius:
259 2725 269 2752 r
288 2703 357 2760 Sunt
371 2701 508 2757 nonnullae
532 2700 691 2772 disciplima,
707 2716 768 2772 qnae
784 2699 908 2771 proposi·
961 2700 1061 2775 parm,
1076 2701 1259 2759 Helleuisrnus
1274 2711 1333 2773 est;
1349 2704 1439 2759 solent
1459 2704 1533 2760 enirn
1556 2705 1647 2762 Graeoi
1669 2706 1760 2764 dicere

112 2795 147 2849 tis
161 2795 293 2850 bonorum
308 2791 479 2848 etmalorum
493 2789 592 2848 tinibus
606 2791 734 2862 officinm
749 2805 829 2846 omne
844 2805 908 2861 per-
963 2805 1005 2847 en.
1016 2786 1073 2849 ¹(ir.
1088 2784 1175 2847 anei<
1189 2789 1262 2844 alneti
1273 2791 1340 2862 gipsi,
1357 2792 1459 2849 Nullus
1474 2792 1565 2852 dicere
1581 2796 1686 2865 potest.

113 2883 229 2940 turbant.
248 2903 260 2932 ι
277 2883 393 2939 Secutus
409 2889 500 2936 antem
520 2880 564 2935 hic
577 2880 677 2935 Noster
697 2878 787 2949 potius
800 2877 908 2936 videtur
998 2880 1090 2952 Neque
1119 2883 1244 2938 tenetur.
1276 2881 1357 2937 Nullo
1392 2880 1519 2938 videlicet
1555 2896 1637 2938 sensu
1673 2882 1759 2940 atun-

112 2981 221 3044 etymon
248 2971 376 3039 nominis,
401 2969 435 3024 de
462 2984 517 3041 quo
546 2967 575 3025 S.
590 2968 686 3023 Ambr.
708 2967 727 3025 l.
753 2983 762 3023 1
789 2968 823 3024 de
850 2967 904 3039 Off.
962 2969 1046 3042 gitur.

112 3076 172 3132 cap.
184 3065 211 3129 8,
227 3060 264 3116 eit
275 3078 281 3116 ;
293 3058 417 3116 Officium
431 3057 464 3114 ad
479 3055 622 3113 alliciendo
636 3058 745 3114 dietum
758 3060 905 3130 putamus,
927 3019 951 3104 e
1004 3059 1161 3117 Voluntatis
1180 3060 1293 3118 delicta.
1314 3060 1387 3121 Here
1401 3062 1519 3118 iuterna
1532 3059 1646 3118 sailioet.

113 3150 192 3223 quasi
211 3147 339 3216 cilicium,
350 3154 415 3212 eta,
431 3159 484 3217 quo
504 3143 678 3201 sensualium
695 3143 804 3199 malitiae
827 3159 907 3199 snum
1000 3148 1184 3206 Mediocriter.
1200 3146 1268 3217 Quae
1287 3147 1403 3205 velutin
1419 3147 1543 3204 confiniis
1566 3150 1666 3221 posita,
1688 3150 1759 3207 ulae.

113 3238 242 3308 otfieium
261 3245 311 3303 est,
327 3236 374 3291 sed
401 3232 559 3305 improprie,
575 3241 601 3288 et
621 3232 731 3288 nonnisi
754 3231 908 3290 secundum
966 3235 1020 3292 rius
1034 3245 1189 3307 penetrare,
1203 3235 1345 3310 ipsumque
1360 3236 1399 3294 rei
1415 3237 1613 3296 meditullium
1626 3237 1760 3312 attingere

114 3341 215 3384 nornen
234 3325 346 3394 dictum,
370 3339 400 3379 re
425 3339 549 3379 vacuum.
565 3321 735 3393 Quamquam
760 3319 859 3392 potius,
878 3328 908 3376 ut
963 3325 1066 3395 nequit.
1082 3325 1145 3381 llaec
1159 3324 1243 3395 igitur
1254 3324 1381 3382 bumana
1394 3326 1575 3384 mediocritas
1586 3332 1636 3393 est,
1646 3325 1761 3383 utsolos
1844 3349 1847 3355 ·

114 3429 178 3469 mon
202 3412 342 3483 sequentia
362 3411 487 3477 suadent,
503 3411 544 3467 sic
562 3409 766 3481 intelligendum
785 3417 877 3478 putem
899 3425 905 3466 :
962 3420 1037 3468 actus
1052 3417 1185 3469 aeternos
1208 3412 1248 3485 (el
1262 3429 1295 3468 ne
1317 3413 1368 3469 bos
1382 3413 1491 3485 quidem
1506 3428 1623 3483 semper,
1639 3414 1760 3486 sausque

119 3523 129 3551 ι
154 3501 294 3572 Proprium
309 3516 372 3573 erga
396 3499 524 3555 malitiam
549 3497 670 3554 osticium
694 3499 734 3569 (ut
755 3497 857 3554 scilicet
874 3496 909 3554 de
963 3502 1032 3573 tuto)
1054 3503 1220 3573 perspiciat,
1237 3500 1435 3557 internasrero
1449 3516 1536 3574 neque
1549 3501 1692 3573 inspicere
1714 3517 1759 3558 ra·

114 3591 187 3646 male
210 3590 399 3662 poeniteamns)
414 3589 495 3644 etiam
510 3586 644 3659 impendit
657 3585 780 3654 bonitati,
800 3602 846 3642 seu
862 3587 909 3644 to·
962 3589 1025 3646 leat.

111 3682 158 3738 nis
172 3681 310 3754 operibns,
326 3695 357 3736 ac
372 3677 513 3735 beneficiis
527 3677 606 3735 alteri
621 3677 759 3748 impensis.
776 3697 788 3731 ι
999 3682 1056 3736 Por
1069 3692 1128 3734 non
1147 3683 1199 3736 est.
1219 3677 1325 3734 Etenim
1345 3676 1403 3749 ipse
1417 3692 1554 3750 quoque«
1579 3679 1681 3735 Praetor
1704 3692 1760 3735 non

147 3771 321 3842 Neqlipatnr.
342 3767 408 3824 Vide
422 3765 494 3823 dicta
507 3782 567 3838 cap.
585 3770 613 3835 l,
627 3766 664 3823 ad
678 3768 729 3837 rin.
960 3766 1065 3838 jndioat
1078 3766 1113 3822 de
1127 3765 1251 3823 internis.
1269 3787 1282 3820 n

1000 3856 1054 3914 snt
1069 3858 1134 3915 Deo.
1148 3855 1229 3912 Nullo
1241 3855 1365 3913 videlicet
1377 3854 1425 3913 Dei
1439 3862 1563 3928 respectu
1577 3855 1680 3913 habito.

361 3909 440 3966 Notre
457 3909 493 3964 ad
507 3910 593 3979 capnt
612 3908 658 3962 lll.

1002 3945 1087 4013 Unde,
1106 3943 1126 4000 i.
1150 3960 1177 4001 e.
1201 3961 1254 4017 per
1276 3943 1357 4018 quod,
1388 3954 1414 4000 et
1436 3945 1682 4017 quomodocunque
1708 3942 1760 4002 de-

147 4035 282 4108 Spiritns.
299 4031 413 4101 Anima,
429 4047 476 4087 seu
490 4029 549 4098 eius
563 4028 733 4087 intellectus.
964 4049 1047 4088 mum.
1350 4026 1356 4041 '

151 4121 264 4180 ¹2ss
280 4125 436 4194 Respectus.
453 4118 531 4175 Velut
544 4116 626 4172 radiis
639 4132 655 4171 a
668 4117 739 4186 Deo,
750 4116 838 4172 omnis
853 4117 907 4171 Lu·
998 4122 1137 4178 Decernat
1153 4122 1185 4176 in
1194 4122 1350 4192 judicium.
1361 4121 1487 4177 Decernit
1501 4120 1573 4177 enim
1586 4121 1663 4190 prius
1671 4122 1704 4178 iu
1709 4123 1762 4193 ju·
1786 4090 1788 4095 ¹
1876 4150 1881 4159 =

111 4217 151 4272 cis
165 4213 252 4285 tonte,
268 4213 296 4267 in
309 4228 371 4268 eum
385 4209 502 4267 emissis.
965 4207 1070 4265 dicium
1089 4206 1139 4272 ire,
1153 4214 1295 4278 antequam
1310 4208 1416 4279 inipso
1434 4207 1543 4279 judicio
1566 4205 1704 4269 decernat,
1721 4206 1763 4265 lo·

148 4305 304 4376 Praecepta,
324 4300 426 4358 scilicet
444 4297 640 4371 coqnoscenda.
964 4304 1059 4368 ratque
1079 4294 1247 4351 sententiam.
1268 4297 1321 4352 Aut
1345 4295 1460 4352 fortasse
1479 4295 1623 4368 judicium
1647 4293 1692 4351 bic
1711 4309 1761 4366 pro

147 4391 360 4465 [reputandam.
376 4389 448 4443 luter
462 4393 571 4458 peccata
585 4382 763 4441 referendum.
923 4333 1023 4457 ⁰ipsa
1037 4384 1231 4454 damnatione,
1248 4390 1275 4439 et
1297 4397 1377 4455 poena
1391 4381 1463 4458 ignis
1485 4381 1592 4453 aeterni,
1606 4380 1716 4453 accipit,
1729 4389 1762 4440 ut

150 4482 233 4537 domo
256 4481 304 4537 sit.
327 4478 464 4547 Tanquam
480 4490 513 4530 ex
536 4489 650 4546 corpore
669 4482 697 4529 et
719 4471 817 4529 anima
839 4484 907 4527 oon·
964 4489 1045 4545 supra
1073 4473 1227 4544 exemplum
1253 4471 1387 4537 occurrit;
1418 4479 1465 4528 aut
1493 4470 1611 4544 denique
1637 4487 1699 4527 curn
1728 4487 1761 4530 eo

112 4575 197 4625 suns.
964 4562 1098 4635 congruit,
1115 4560 1188 4635 quod
1202 4577 1259 4634 cap.
1276 4576 1335 4634 seq.
1360 4559 1436 4617 initio
1459 4559 1596 4618 babetur:
1616 4580 1628 4610 ι
1648 4559 1761 4618 Poeuem

149 4660 210 4716 Duo
232 4672 325 4714 unum
339 4654 480 4727 efficiunt.
496 4650 541 4708 Sia
563 4649 634 4706 enim
650 4665 750 4705 anema
763 4648 909 4718 conjuncta
961 4666 1014 4725 per
1027 4651 1173 4725 judiciam
1185 4649 1338 4708 destinavit.
1354 4668 1368 4706 s

113 4764 224 4820 carpam
237 4760 320 4801 nnum
334 4741 416 4799 elicit
431 4741 582 4800 bominem.
1003 4741 1082 4813 Oriqo
1096 4745 1149 4798 est.
1165 4739 1240 4795 Alias
1255 4739 1327 4796 enirn
1349 4743 1482 4797 nastrum
1495 4752 1555 4794 esse
1573 4740 1691 4813 censeri,
1708 4755 1760 4800 no-

151 4836 344 4894 ltatom'arum.
362 4831 414 4886 Seu
438 4832 568 4903 partium
594 4826 827 4902 componentium,
849 4840 911 4898 qun
964 4826 1058 4900 bisque
1072 4827 1200 4898 imputari
1214 4828 1320 4899 nequit.

115 4927 204 4984 totius
219 4923 292 4980 velut
305 4923 429 4979 materia
447 4928 520 4975 sunt.
1002 4916 1071 4972 dum
1086 4931 1158 4988 erqo.
1175 4915 1295 4973 Subandi
1308 4915 1449 4973 uoluntas.
1543 4904 1548 4911 ’

150 5017 200 5072 Dei
222 5030 276 5071 res.
298 5012 333 5068 Ut
356 5024 445 5082 snpra,
461 5025 522 5079 aap.
539 5012 566 5076 l,
579 5007 668 5064 dixit:
685 5010 737 5065 iles
751 5008 800 5065 Dea
822 5005 909 5066 ratio.
1001 5003 1159 5062 liberatur.
1180 5005 1269 5061 Potest
1282 5005 1334 5061 boc
1357 5001 1471 5074 intelligi
1491 5001 1525 5059 de
1539 5002 1687 5070 voluntate,
1702 5017 1764 5076 qum

155 5104 303 5175 depressa.
318 5102 460 5158 Formaeit
479 5099 555 5154 enim
568 5099 640 5153 Deus
664 5096 806 5155 bominem
818 5094 859 5167 (id
872 5101 913 5150 est
965 5093 1294 5167 aculpaliteratnr,seu
1310 5090 1761 5167 absolviturrveldaipsaculpa,

115 5207 217 5263 corpus
236 5191 306 5261 eius)
328 5190 361 5245 de
382 5184 639 5244 tractarenon.
660 5200 689 5251 u,
703 5200 776 5240 vers.
793 5186 820 5240 ’1.
966 5199 1018 5256 qua
1043 5183 1193 5248 liberatur,
1220 5182 1246 5239 id
1265 5188 1317 5253 est,
1333 5184 1459 5240 tollitur.
1482 5182 1527 5240 Sic
1547 5182 1627 5239 etiam
1643 5182 1763 5241 liberare

152 5281 193 5337 Ad
209 5281 312 5350 flatum
322 5279 392 5351 ejus.
410 5279 444 5334 Et
459 5276 612 5348 inspiravit
624 5275 657 5331 in
670 5277 776 5346 [aciem
784 5275 847 5345 ejus
855 5275 913 5347 spi·
965 5275 1106 5346 promissa
1119 5272 1245 5337 dicimur,
1257 5273 1363 5345 quando
1379 5287 1473 5330 eornm
1487 5270 1685 5343 obligationem
1695 5267 1764 5326 tolli·

117 5371 251 5427 reculam
265 5371 343 5438 uitae,
354 5372 383 5425 et
392 5370 487 5438 sactus
501 5369 542 5423 cst
554 5379 631 5421 nouo
641 5364 811 5421 inanimam
820 5363 913 5420 uiuen-
969 5378 1037 5433 naus,
1058 5376 1091 5417 aa
1103 5376 1271 5430 evacuamus,
1287 5361 1382 5418 eadem
1395 5359 1543 5433 implendo.

118 5463 188 5514 tem.
205 5456 272 5514 lbid.
774 5488 780 5500 »
1003 5450 1163 5524 intercipit.
1186 5449 1247 5519 Quo
1274 5448 1362 5505 minus
1391 5447 1496 5505 scilicet
1522 5445 1551 5500 in
1578 5459 1649 5518 opus
1674 5445 1765 5516 ipsum

157 5546 293 5617 Ostendit.
317 5544 377 5601 Non
402 5540 465 5598 ideo
488 5538 666 5599 Tertullianus
683 5537 769 5597 soluit
794 5544 911 5613 peccata
967 5540 1053 5608 exire,
1076 5549 1104 5599 ct
1125 5537 1308 5600 consummari
1333 5544 1433 5611 queam
1460 5537 1607 5612 perpetrat
1627 5532 1711 5603 enin,
1735 5541 1767 5593 nt
