3840 6134
129 295 183 355 345

127 514 167 581 (nt
191 511 228 567 ita
252 512 376 584 dixerim)
404 515 628 590 Philosophorum
655 524 720 583 Deo.
750 525 926 603 Quaecunque

127 611 217 656 sutem
246 609 276 658 ut
297 602 408 677 indigua
429 609 645 680 reprehenditis,
672 614 870 686 deputabuntur
896 621 925 675 in

127 689 213 755 Filio,
245 699 272 745 et
298 691 370 759 viso,
399 701 427 750 et
447 697 554 769 andito,
583 709 610 756 et
640 716 797 774 congresso,
825 708 928 766 arbitro

127 777 214 834 Patris
227 786 255 834 et
275 778 407 848 ministro,
422 783 553 844 miscente
571 787 599 843 in
623 791 769 863 semetipso
790 795 927 853 hominem

126 873 153 924 et
175 867 281 933 Deum;
302 870 331 925 iu
356 871 507 945 virtutibus,
531 876 635 949 Deum;
661 880 687 934 in
716 884 926 960 pusillitatibus,

127 954 280 1022 hnmincm;
310 968 340 1014 nt
370 967 475 1017 tantum
501 963 606 1021 homini
633 969 767 1037 conserat,
797 983 927 1044 qnantum

127 1045 183 1102 Deo
207 1043 351 1103 detrahit:
372 1059 455 1106 tolum
478 1052 595 1126 denique
618 1058 667 1112 Dei
696 1059 749 1115 mei
773 1077 859 1134 penes
880 1079 928 1120 uos

125 1135 264 1202 dedecus,
282 1150 477 1196 sacramentum
505 1151 547 1199 est
569 1146 694 1204 humanae
721 1149 825 1208 salutis.
852 1154 927 1210 Con-

128 1226 288 1282 versabatur
316 1229 399 1297 Deus,
418 1239 448 1284 ut
470 1232 552 1288 horno
566 1233 656 1291 divine
679 1254 758 1310 agere
773 1242 926 1298 doceretur.

128 1312 167 1385 Exv
187 1330 271 1388 aequo
297 1317 393 1391 agebat
416 1320 488 1376 Deus
511 1337 572 1378 cum
596 1324 717 1394 homine,
740 1337 769 1384 ut
792 1331 872 1386 homo
895 1348 927 1387 ex

129 1418 204 1475 equo
219 1419 303 1478 agere
317 1421 379 1461 cum
393 1409 450 1464 Deo
464 1420 567 1479 posset.
583 1414 658 1470 Deus
672 1417 787 1486 pusillus
803 1420 928 1478 iuventus

129 1501 175 1556 est,
205 1501 237 1547 ut
264 1494 348 1551 homo
382 1497 513 1555 maximus
540 1501 624 1558 fieret.
653 1505 707 1575 Qui
733 1506 812 1563 talem
839 1511 927 1566 Deum

130 1578 299 1653 dedignaris,
322 1584 414 1641 nescio
435 1602 469 1641 an
492 1605 524 1645 aa
542 1589 594 1645 lide
614 1595 707 1650 credas
730 1596 817 1653 Deum
840 1600 928 1656 cruci·

129 1665 219 1725 irum.
235 1670 343 1740 Quanta
356 1673 447 1746 itaqua
461 1679 623 1746 perversitas
637 1691 724 1738 vestra
737 1701 803 1761 erga
826 1697 928 1744 utrum·

131 1774 178 1832 qne
201 1759 328 1816 ordinem
343 1761 501 1821 Creatorisi
519 1767 639 1824 iudicem
671 1785 732 1826 enm
761 1773 924 1846 designatis,

132 1847 337 1904 dseuedtatrm
350 1851 451 1919 judicis
464 1853 489 1892 ⁷⁶
508 1856 655 1912 secundnm
671 1863 766 1917 merila
786 1878 928 1921 causarum

136 1945 321 2006 congruentem
338 1954 388 2008 pro
412 1941 513 1998 saeuitia
533 1943 619 2002 318
639 1949 818 2018 exprobratis.
838 1952 927 2009 Deum

133 2022 261 2094 optimum
284 2027 413 2098 exigitis,
441 2038 468 2086 et
496 2031 631 2089 lenitatem
668 2038 729 2106 ejus
755 2039 928 2110 benignitatis

129 2122 343 2186 congruentem,
377 2134 427 2189 pro
453 2130 533 2190 captu
569 2123 761 2181 mediocritatis
803 2129 927 2186 liumanae

129 2203 255 2273 dejectius
282 2214 479 2276 conversatam,
503 2218 532 2266 nt
560 2213 734 2283 pusillitatem
763 2216 926 2289 depretiatis.

130 2289 176 2348 Nae
190 2309 312 2365 magnus
331 2294 408 2351 vobis
427 2296 528 2368 placet,
545 2316 595 2356 nec
612 2305 745 2376 modicus;
762 2321 812 2362 nec
829 2308 925 2378 jndcn,

131 2394 170 2435 noc
197 2381 317 2438 amicus.
341 2382 423 2453 Quid,
440 2385 462 2439 si
486 2403 557 2443 nunc
581 2390 605 2428 ll
624 2391 717 2448 eadem
740 2402 766 2449 ot
788 2395 815 2449 in
836 2404 927 2454 vestro

132 2468 382 2541 deprehendantur?
395 2475 409 2527 J
414 2475 520 2531 udinem
534 2478 644 2550 quidem
664 2488 691 2537 et
706 2482 780 2540 illum
798 2500 856 2542 essa
869 2487 925 2557 jam

98 2547 106 2563 ⁴
132 2558 295 2616 ostendimus
313 2561 342 2617 in
365 2562 454 2618 libello
473 2581 522 2625 suo
537 2585 544 2632 ;
558 2575 585 2622 et
607 2569 641 2624 de
663 2571 755 2640 judice
777 2575 926 2632 necessarie

130 2661 262 2721 mserum,
278 2659 307 2706 et
330 2651 365 2708 de
394 2668 487 2711 severo
512 2656 582 2712 sicut
608 2660 635 2698 ⁷⁸
654 2677 766 2732 saevum,
789 2663 813 2719 si
837 2672 924 2723 tamen

129 2748 233 2792 sevum.

397 2881 510 2942 CAPUT
532 2885 659 2943 XXVlll.

733 308 797 369 utu.
819 311 842 372 ll
861 314 937 374 lov.

125 421 205 479 Patre
224 423 354 480 invisibili
379 425 646 502 incongressibilique
669 434 693 473 ⁷⁵
714 442 741 491 et
755 437 873 508 placido,
901 448 930 497 et

974 316 1176 380 utuutottstt.
1731 315 1785 376 ato

945 461 968 540 Α
982 443 1156 518 deputabitur
1170 441 1333 518 negligentia
1346 440 1440 497 salutis
1462 442 1598 514 hmnanae,
1614 441 1721 499 nonnisi
1737 456 1785 512 per

982 536 1166 609 poenitentiam
1189 533 1331 589 emendata
1346 530 1417 601 apud
1441 531 1528 586 Deum
1552 539 1684 588 vestrum.
1704 534 1783 587 llan-

982 624 1055 680 davit
1074 623 1198 679 lrandem
1220 623 1294 678 Deus
1321 628 1424 689 noster,
1452 619 1498 675 sed
1514 619 1585 675 auri
1614 627 1640 674 et
1662 620 1780 693 argenti.

981 713 1088 784 Quanto
1103 721 1194 769 autem
1208 713 1288 769 homo
1305 709 1451 783 pretiosior
1460 725 1525 765 auro
1536 717 1563 765 et
1578 719 1703 782 argento,
1719 719 1778 765 tan-

980 812 1007 860 to
1026 802 1222 860 fraudulentior
1234 803 1308 856 Deus
1326 809 1425 864 vester,
1441 799 1488 873 qui
1506 798 1645 855 hominem
1664 798 1780 855 Domino

981 903 1009 950 et
1029 893 1123 948 lactori
1150 908 1200 949 suo
1223 891 1311 962 eripit.
1337 890 1455 947 Oculum
1484 904 1534 960 pro
1558 888 1635 945 oculo
1662 888 1780 958 reposcit

981 982 1055 1037 Deris
1069 988 1178 1047 noster3
1195 980 1243 1035 sed
1266 986 1293 1035 et
1317 985 1408 1035 vester
1428 978 1516 1034 vicem
1540 977 1702 1047 prohibens,
1726 974 1780 1030 ite-

981 1071 1095 1127 rabilem
1111 1071 1194 1142 magis
1209 1069 1334 1138 iniuriam
1354 1067 1428 1123 lacit.
1444 1065 1512 1138 Quis
1527 1064 1602 1120 onim
1618 1081 1672 1121 nou
1687 1078 1792 1119 rursus·

982 1159 1124 1229 percutiet,
1147 1173 1202 1214 non
1226 1155 1424 1228 repercussus?
1445 1155 1547 1212 Nesciit
1569 1155 1595 1195 ⁸⁰
1618 1155 1693 1210 Deus
1729 1167 1782 1209 no-

980 1258 1036 1305 ster
1050 1249 1144 1321 quales
1157 1247 1308 1319 allegeret?
1331 1247 1405 1329 Ergo
1429 1260 1481 1301 nee
1498 1252 1587 1301 vester
1612 1242 1710 1298 ludam
1726 1249 1783 1297 tra-

981 1336 1095 1394 ditorem
1110 1338 1132 1375 ⁸¹
1150 1335 1295 1408 allegisset,
1313 1335 1335 1389 si
1356 1332 1520 1405 praescisset.
1537 1331 1583 1387 Sic
1602 1330 1783 1387 clmentitum

980 1427 1079 1483 alicubi
1089 1427 1156 1481 dicis
1167 1428 1325 1481 Creatorem
1337 1440 1343 1477 :
1356 1425 1439 1494 longa
1449 1422 1542 1491 majus
1553 1421 1723 1476 mendacium
1740 1428 1783 1475 est

980 1515 1008 1572 in
1024 1523 1069 1570 tuo
1086 1515 1204 1580 Christo,
1220 1514 1301 1583 cujus
1313 1526 1414 1582 corpus
1436 1526 1491 1566 non
1515 1508 1567 1566 luit
1581 1524 1686 1567 verum.
1711 1509 1784 1564 illul-

982 1613 1024 1662 los
1038 1604 1141 1661 saeritia
1155 1603 1205 1659 Dei
1219 1602 1274 1658 mei
1288 1599 1469 1672 absumpsit?
1483 1600 1559 1655 Tuus
1573 1613 1680 1670 quoque
1699 1597 1782 1665 Deus,

981 1709 1049 1768 quos
1064 1693 1153 1750 salvos
1177 1707 1231 1748 non
1260 1691 1332 1760 lacit,
1359 1690 1453 1760 utique
1476 1688 1503 1743 in
1523 1688 1635 1743 exitium
1650 1686 1783 1757 disponit.

981 1784 1055 1837 Deus
1068 1797 1146 1836 mens
1159 1780 1185 1818 ⁸²
1198 1779 1317 1853 aliquem
1331 1777 1414 1850 J'ussit
1429 1775 1538 1832 occidi?
1551 1776 1625 1830 Tuus
1648 1773 1782 1844 semetip-

983 1871 1138 1929 sumvoluit
1153 1868 1290 1939 interlici3
1305 1866 1467 1936 nonrmiuus
1481 1861 1622 1919 homicida
1641 1861 1669 1916 in
1683 1867 1784 1917 semet-

981 1962 1082 2033 ipsum,
1101 1956 1190 2017 utu
1211 1972 1291 2030 quam
1306 1954 1335 2011 in
1347 1952 1423 2011 'enm
1437 1954 1462 1992 ⁸³
1485 1969 1500 2006 a
1516 1966 1570 2024 qno
1589 1950 1669 2019 nollet
1683 1947 1782 2007 occidi.

981 2051 1080 2107 linitos
1094 2056 1183 2105 autem
1197 2045 1327 2103 occidisse
1339 2046 1428 2101 Deum
1440 2043 1499 2114 ejus
1508 2032 1634 2112 probabo
1640 2037 1781 2096 hlarcioni.

981 2140 1050 2194 Nam
1065 2138 1127 2194 lecit
1146 2134 1320 2204 homicidam,
1337 2133 1431 2204 utique
1445 2129 1606 2203 periturum,
1621 2126 1674 2183 nisi
1693 2126 1715 2181 si
1732 2141 1782 2197 po·

981 2228 1063 2300 pulus
1076 2227 1143 2282 nihil
1152 2223 1265 2298 deliquit
1277 2225 1305 2280 in
1324 2221 1471 2278 Christum.
1487 2219 1540 2276 Sed
1559 2215 1683 2289 expedita
1697 2214 1783 2271 virtus

981 2316 1100 2372 veritatis
1124 2315 1216 2387 paucis
1234 2320 1316 2369 amat.
1331 2311 1414 2369 hlulta
1428 2307 1567 2367 mendacio
1581 2311 1661 2362 erunt
1684 2317 1781 2360 neees-

981 2420 1061 2462 saria.

1260 2530 1373 2588 CAPUT
1386 2522 1498 2587 mx.

1015 2661 1158 2726 Caeterum,
1183 2657 1256 2731 ipsas
1271 2672 1381 2731 quoque
1402 2654 1547 2711 antitheses
1567 2647 1711 2707 Marcionis
1735 2662 1784 2703 no·

980 2750 1069 2806 minus
1096 2748 1264 2814 cecidissem,
1281 2745 1303 2803 si
1322 2744 1482 2817 operosiore
1496 2738 1678 2799 dostmrtione
1692 2753 1784 2792 aarum

979 2846 1072 2912 egeret
1086 2837 1206 2895 delensio
1221 2835 1357 2892 Crantoris
1374 2842 1430 2890 tam
1444 2831 1509 2889 boni
1522 2843 1605 2902 quarn
1619 2835 1647 2886 el
1667 2825 1781 2898 judicis,

982 2926 1128 2983 secundum
1146 2926 1288 2996 utriusque
1312 2923 1396 2996 partis
1415 2929 1442 2979 et
1456 2920 1580 2994 exempla
1605 2914 1784 2992 congruentia

160 3001 239 3058 Nunc
252 3012 280 3059 et
301 3004 334 3058 de
355 3005 556 3080 pusillitatibus,
573 3018 600 3067 et
623 3012 849 3088 malignitatibus,
871 3032 923 3073 cae·
939 3028 960 3106 c
975 3015 1043 3084 Deo,
1058 3023 1089 3070 ut
1102 3014 1281 3072 ostendimus.
1294 3012 1375 3082 Quod
1389 3012 1413 3067 si
1427 3018 1542 3083 utraque
1565 3025 1629 3080 pars
1654 3004 1785 3086 bonitatis

130 3091 247 3162 terisque
267 3097 347 3164 notis,
369 3103 397 3151 ot
424 3096 481 3169 ipse
505 3098 633 3155 adversus
666 3102 827 3160 llarcionem
851 3109 921 3164 anti·
976 3113 1057 3176 atque
1078 3103 1190 3174 iustitiae
1209 3102 1320 3173 dignam
1336 3099 1532 3171 plenitudinem
1550 3095 1697 3155 divinitatis
1715 3093 1776 3150 olli-

130 3178 220 3234 theses
238 3181 345 3238 aemulas
363 3183 467 3241 faciam.
490 3187 519 3241 Si
532 3188 666 3260 ignoravit
679 3191 754 3249 Deus
772 3210 848 3250 meus
864 3212 923 3252 esse

127 3266 207 3323 alium
221 3284 304 3341 super
316 3287 355 3339 se,
371 3273 452 3329 ctiam
476 3283 537 3331 tuns
552 3279 661 3335 omuino
683 3295 739 3337 non
762 3282 839 3338 scivit
861 3299 922 3342 esse

130 3354 206 3411 alium
222 3356 294 3413 intra
312 3375 351 3415 sc.
374 3361 453 3433 Quod
467 3365 537 3420 enim
551 3366 589 3422 ait
612 3369 761 3428 Heraclitus
784 3371 830 3429 ille
849 3380 922 3430 tene·

131 3441 220 3501 brosus
239 3446 318 3518 (Ίὸ),
332 3449 425 3506 eadem
445 3453 488 3510 ria
502 3471 610 3512 sursum
625 3469 652 3514 st
674 3459 816 3520 deorsum.
837 3463 923 3519 Doni·

136 3547 178 3602 que
189 3533 214 3589 si
226 3550 284 3591 non
299 3535 460 3612 ignorasset,
471 3550 496 3598 st
511 3545 546 3599 ab
560 3544 637 3603 initio
651 3547 677 3603 ei
687 3550 857 3607 occurrisset.
869 3552 924 3608 De·

136 3617 217 3679 ictum
236 3637 264 3684 et
285 3635 418 3695 mortem,
438 3642 465 3688 et
487 3631 576 3701 ipsum
596 3643 735 3695 auctorem
755 3639 846 3696 delietl
868 3640 925 3696 dia·

140 3706 229 3786 bolum,
244 3722 273 3771 et
290 3732 371 3774 omne
394 3720 504 3789 malum,
520 3723 593 3794 quod
612 3725 637 3765 ⁷⁹
651 3727 723 3784 Deus
737 3743 816 3785 meus
829 3746 926 3802 passus

144 3808 268 3873 mtesse3
289 3805 342 3861 hoc
366 3817 394 3863 et
408 3816 482 3877 tuus,
502 3811 547 3884 qui
576 3812 653 3870 illum
671 3815 727 3889 pati
746 3834 844 3890 passus
871 3830 922 3877 est.

79 3899 81 3905 ·
146 3884 238 3947 luerit
259 3895 410 3952 sententias
429 3914 494 3955 suas
517 3900 591 3958 Deus
615 3911 718 3959 noster.
740 3904 857 3964 Proinde
870 3924 924 3979 qua

977 3194 1052 3250 ciunt
1078 3192 1169 3249 omnia
1192 3190 1319 3262 potentis,
1345 3187 1506 3260 compendio
1525 3185 1635 3242 interim
1662 3198 1774 3255 possum

977 3283 1124 3340 antitheses
1145 3279 1299 3346 retudilssc,
1316 3277 1466 3349 gestientes
1487 3291 1521 3332 ex
1541 3271 1713 3347 qualitatibus
1737 3270 1775 3324 iu-

977 3373 1119 3446 geniorum
1133 3371 1192 3427 sive
1215 3370 1306 3442 legum
1320 3369 1377 3426 aira
1391 3368 1521 3437 uirtutum
1542 3365 1705 3429 discernere,
1731 3367 1773 3415 at·

978 3479 1030 3535 que
1043 3463 1079 3518 ita
1101 3462 1218 3517 alienare
1237 3459 1375 3537 Christi*
1399 3458 1569 3524 aCrestnre,
1592 3461 1622 3512 ut
1640 3453 1773 3527 optimum

977 3553 1105 3623 uindice,
1120 3559 1147 3608 et
1160 3551 1252 3607 mitem
1265 3566 1281 3605 a
1295 3550 1364 3615 lero,
1384 3557 1412 3607 et
1434 3547 1577 3604 salutarem
1590 3545 1625 3600 ab
1644 3543 1771 3602 munao.

978 3641 1064 3716 blagis
1077 3657 1150 3698 enim
1168 3655 1215 3697 eos
1238 3641 1418 3713 conjungunt,
1433 3652 1502 3711 quos
1524 3637 1553 3692 in
1573 3635 1613 3693 eis
1633 3631 1773 3691 diuersita-

978 3732 1050 3788 tibus
1074 3739 1176 3803 ponunt
1197 3746 1257 3804 quae
1281 3729 1339 3785 Deo
1361 3734 1527 3801 congruunt.
1551 3722 1638 3782 lluler
1664 3721 1774 3779 titulum
1880 3773 1882 3779 .

978 3820 1183 3892 llarcionisllfil
1202 3827 1229 3875 et
1242 3818 1419 3875 intentionem
1434 3823 1515 3888 atque
1524 3813 1693 3885 propositum
1708 3825 1774 3884 opo·

979 3909 1015 3965 ris
1034 3910 1129 3983 ipsius,
1150 3916 1177 3964 et
1199 3907 1266 3964 nihil
1281 3907 1355 3963 aliud
1378 3914 1486 3978 praestat
1513 3905 1538 3943 ⁸³
1553 3919 1633 3976 qnam
1659 3902 1772 3958 demon·

146 3986 265 4040 ttrmter.
281 3983 334 4053 Qui
351 3986 421 4041 enim
438 4004 525 4062 genus
549 3992 696 4048 humanum
716 4003 769 4050 tam
794 4011 854 4054 sero
877 4012 922 4053 re·
977 3998 1133 4054 strationem
1148 3997 1270 4067 eiusdem
1284 3995 1332 4053 Dei
1346 3994 1440 4068 optimi
1456 4004 1482 4051 et
1495 3993 1596 4064 judicis
1612 4010 1618 4049 :
1634 3989 1699 4064 quia
1717 3991 1776 4046 hec

146 4072 224 4139 tuerit,
237 4088 299 4129 eun
317 4078 476 4133 sententiam
491 4081 613 4146 mutavit,
630 4097 691 4153 quae
706 4089 780 4140 tanto
794 4099 854 4141 aeso
869 4101 924 4142 non
941 4094 964 4171 ῃ
979 4100 1034 4142 uun
1048 4086 1077 4140 in
1090 4085 1181 4142 solum
1195 4086 1284 4142 Deum
1297 4090 1465 4155 competunt.
1480 4082 1551 4136 Nam
1565 4089 1590 4136 et
1606 4079 1698 4151 ipsum
1713 4086 1775 4133 stu·

147 4160 250 4227 ltuttexit.
271 4161 403 4219 l'oenituit
420 4166 448 4220 in
463 4166 554 4241 aliquo
572 4168 657 4224 Deum
673 4178 805 4226 nostrum.
823 4173 877 4229 Sed
896 4182 924 4230 et
979 4174 1053 4231 dium
1066 4174 1093 4227 in
1116 4172 1157 4227 eis
1178 4172 1310 4242 exemplis
1331 4171 1486 4243 opponendi
1508 4168 1645 4226 Christum
1664 4167 1774 4223 Creato-

148 4254 253 4305 ttatrnm.
282 4252 324 4307 Eo
348 4253 418 4310 enim
442 4255 514 4327 quod
538 4259 647 4314 tandem
675 4259 864 4319 animadvertit
887 4262 923 4317 ad
979 4267 1010 4331 ri,
1023 4264 1056 4318 ad
1071 4261 1201 4318 unitatem
1214 4258 1303 4316 8⁶00
1315 4260 1402 4335 magis
1415 4257 1617 4331 spectatlldeo
1631 4257 1702 4312 enim
1718 4256 1775 4326 ipsa

147 4330 243 4393 lontnis
264 4340 391 4410 saluum,
413 4346 600 4416 paenitentiam
623 4347 845 4406 dissimulationis
863 4352 924 4422 pri·
979 4358 1006 4408 st
1020 4365 1073 4406 una
1094 4355 1152 4404 erat
1174 4347 1322 4402 substantia
1346 4345 1527 4403 divinitatibus
1541 4344 1576 4410 ³⁵,
1591 4344 1663 4400 bona
1684 4351 1710 4399 et
1732 4358 1776 4399 se·

147 4423 417 4496 sustentamentum
431 4433 503 4490 malo
516 4432 598 4493 lacto.
608 4437 692 4493 Porro
712 4437 811 4494 malum
826 4438 924 4496 iactum
979 4456 1052 4509 sera,
1070 4446 1097 4496 et
1116 4436 1220 4495 eisdem
1232 4433 1365 4504 exemplis
1378 4441 1406 4489 et
1422 4433 1451 4489 in
1470 4431 1605 4489 similibus
1628 4447 1775 4503 argumen-

820 4589 916 4653 Variae
937 4594 1092 4654 lectiones.

169 4709 190 4750 ²³
205 4714 441 4788 ⁰⁰8⁰⁰⁸⁰ibilique
454 4720 514 4776 alii·
537 4719 562 4757 7⁶
575 4721 672 4778 ludicii
690 4724 790 4781 Woaw.
815 4722 839 4762 ’Π
857 4724 916 4781 Non
937 4726 1024 4783 Semi.
1045 4725 1150 4781 Pamet.
1167 4723 1238 4778 euim
1253 4721 1345 4777 lolio.
1368 4714 1519 4790 quidquod
1534 4728 1607 4770 nunc
1626 4713 1725 4771 Wouw.
1750 4711 1776 4751 ⁷⁸

143 4777 235 4841 &ilicet
251 4789 314 4844 Lol.
330 4786 355 4825 ³⁹
373 4787 488 4846 Omnem
506 4792 606 4847 malum
621 4809 701 4862 quam
712 4797 773 4852 bnt.
788 4797 854 4853 len.
870 4797 954 4854 Seml.
971 4795 997 4835 ⁸⁰
1011 4796 1103 4851 Nescit
1118 4795 1204 4852 Saml.
1220 4793 1327 4850 anel.
1344 4791 1368 4828 ⁸¹
1383 4789 1444 4846 Non
1459 4791 1546 4846 inser.
1561 4785 1646 4844 Semi.
1664 4786 1773 4841 Pumel.

142 4857 164 4906 cl
173 4862 276 4926 puncto
290 4859 424 4915 dissidant
439 4870 537 4917 vester.
557 4863 662 4921 ludam.
678 4866 703 4902 ⁸²
717 4869 791 4923 Meus
805 4867 882 4925 abest
899 4871 985 4924 Fran.
1000 4867 1025 4905 ⁸³
1039 4867 1069 4921 ln
1084 4880 1117 4921 eo
1133 4866 1218 4923 Scml.
1235 4866 1260 4902 ⁸⁴
1275 4865 1406 4919 Praestare
1421 4860 1506 4919 Semi.
1520 4861 1596 4930 sorte
1615 4864 1774 4927 prestaret:

139 4934 234 5006 prestat
247 4934 289 4985 erl
302 4932 468 5002 conjectura
479 4935 619 5001 Rhamnai,
628 4952 713 5008 quum
722 4938 822 4996 deiude
832 4939 993 5011 ornpleanti
1003 4940 1072 4995 aaut
1085 4939 1192 4996 Purual.
1209 4936 1436 5009 llipnlt.Frooaq.
1452 4932 1545 4989 Puris.
1569 4931 1674 4997 tanat,
1689 4944 1773 5001 praes·

139 4997 195 5051 tabit
212 5001 277 5056 leo.
293 5001 319 5039 ⁸⁵
337 5000 493 5059 Divinitatis
507 5007 609 5078 conjic.
626 5008 716 5064 libera.
1754 5029 1761 5037 ’

827 5132 1078 5199 Commentarius.

162 5253 388 5326 (uniuersaliter
402 5260 452 5316 illa
463 5262 636 5319 tenebrosus.
648 5264 849 5320 Obscuritatem
859 5264 925 5319 alle·
979 5280 1041 5321 cere
1057 5273 1173 5332 possem.
1190 5263 1253 5317 ttae
1267 5262 1347 5318 relert
1363 5263 1492 5326 Laertius,
1509 5262 1556 5318 lib.
1569 5277 1609 5316 tx.
1632 5261 1670 5316 bn
1685 5262 1733 5343 Pa.

132 5328 206 5381 etant
226 5331 297 5385 adeo
327 5332 505 5401 philosophus
534 5333 587 5399 ille,
617 5346 645 5388 ut
679 5335 741 5392 inde
766 5336 926 5392 tenebrosus
1017 5334 1313 5408 (lli)dal'erlilulum
1326 5333 1776 5413 Marcionis.Scripserathnttthe·

131 5411 174 5476 sea
189 5402 309 5462 σκοτεινὸς
324 5402 450 5460 audierit.
461 5407 549 5476 Atque
564 5406 647 5460 etiam
667 5405 823 5464 imminente
838 5415 927 5463 morte
982 5422 1026 5464 ees
1048 5424 1096 5464 seu
1118 5409 1216 5463 librum
1234 5407 1284 5462 sub
1308 5408 1358 5462 boc
1385 5407 1462 5462 titulo
1489 5404 1617 5460 Ponticus
1645 5403 1713 5483 ille:
1730 5403 1779 5456 has

131 5468 195 5523 illud
213 5472 345 5543 loquendi
359 5488 448 5546 genus
471 5475 591 5542 retinuit,
613 5477 684 5532 Cum
699 5477 770 5532 enim
794 5494 865 5550 aqua
882 5478 927 5534 in·
983 5495 1045 5534 cum
1060 5479 1126 5534 satis
1149 5480 1323 5550 impugnasse
1337 5477 1443 5534 vidntur
1457 5476 1500 5531 liic
1520 5477 1646 5545 scriptor,
1669 5481 1706 5528 art
1720 5487 1779 5552 μμ·

130 5543 411 5625 terentem-hydrope
426 5543 573 5616 laboraret,
600 5548 752 5605 sciscitatus
773 5557 814 5604 est
838 5549 927 5605 medi·
983 5548 1107 5607 ferendas
1135 5565 1206 5617 asse,
1241 5548 1304 5604 dum
1332 5546 1440 5606 titulum
1472 5543 1648 5604 auferendum
1675 5543 1777 5623 scribit.

130 5624 372 5681 mammosam
392 5618 526 5678 industria
545 5636 579 5679 ex
596 5619 684 5680 imbre
708 5618 859 5679 siccimtsm
885 5620 927 5677 la·
983 5620 1025 5677 ln.
1728 5640 1730 5644 ⁴
1776 5652 1779 5656 -
