3840 6134
132 334 178 396 tut
733 335 795 398 tlt.
816 335 850 396 lv
868 337 946 397 hbll-
967 337 1170 401 MARCIONEM.
1722 335 1774 399 tot

133 461 202 532 Quid
215 459 296 517 nobis
305 466 334 518 et
344 461 452 519 tthitsc
461 463 615 534 deplorans,
631 468 657 519 at
671 462 737 520 sorti
752 480 809 521 suae
823 480 921 536 aspro·
939 453 963 532 Ι
978 463 1090 537 quidam
1111 460 1234 520 violentia
1258 459 1390 531 plenum,
1413 463 1538 518 detentus
1562 469 1589 519 at
1615 472 1724 534 captus,
1749 468 1776 517 ct

129 548 209 605 brans
224 567 231 605 :
247 564 330 622 mam
343 550 401 618 jam
422 550 526 618 ridens,
543 551 660 621 adjicit:
691 554 795 610 Venisti
807 556 925 626 perdere
978 553 1012 608 ad
1038 550 1216 624 praecipitium
1238 564 1323 620 nsque
1345 557 1503 619 protractus,
1528 552 1676 608 admiserit.
1704 552 1773 606 Nam

129 655 185 697 aas.
201 638 282 695 Adeo
294 638 397 708 iudicis
411 646 438 694 et
452 639 558 706 ultoris,
580 649 607 695 et
630 651 660 697 ut
680 639 767 698 :tte
789 643 827 699 ita
848 644 923 699 dixe·
978 641 1028 697 etsi
1044 657 1091 712 per
1105 638 1208 695 medios
1221 638 1314 704 evasit,
1330 637 1378 692 aad
1400 647 1462 693 anta
1475 638 1532 706 jam
1555 639 1610 693 vim
1632 640 1769 709 expertus,

128 726 184 793 nm,
200 727 269 784 saevi
284 727 333 783 Dei
349 726 446 782 Filium
470 738 619 800 agnoverat
638 731 738 795 Jesum,
761 747 815 787 non
829 731 924 802 optimi
977 739 1004 785 et
1022 737 1114 800 postea
1136 727 1277 791 dimissum
1296 725 1401 781 scilicet
1420 726 1571 790 salutanti
1595 726 1707 794 adsolet,
1727 737 1770 781 tu-

126 815 195 872 illius
209 817 240 870 et
256 814 369 888 perdere
384 822 412 871 et
425 816 523 887 punire
537 816 690 873 nescientia.
703 818 838 888 Quorsum
853 821 924 878 hunc
978 819 1079 884 multu;
1095 816 1136 875 vol
1153 815 1233 872 etiam
1248 816 1362 885 irrupto,
1376 811 1465 870 873
1479 829 1533 870 narr
1556 820 1646 869 tamen
1661 830 1708 883 per
1728 829 1771 868 ca·

127 905 216 962 locum
232 902 432 976 praemisimus?
445 913 473 958 ut
484 905 575 959 tasum
598 914 625 961 et
647 907 672 944 ⁵⁷
695 922 711 961 a
729 907 851 964 daemone
870 924 924 965 non
977 907 1087 980 liginam
1101 909 1186 971 eluso,
1202 922 1263 976 qnae
1278 905 1343 960 nulli
1358 904 1467 962 omniuo
1492 904 1586 960 tactuit
1601 903 1768 978 succidisset,

127 993 206 1049 alium
220 992 371 1049 doceamus
384 991 519 1067 agnitam,
535 1000 562 1048 et
575 1008 592 1047 a
606 995 755 1065 semetipso
772 1011 824 1051 non
839 996 923 1052 alium
976 996 1000 1052 si
1015 996 1119 1052 luisset.

126 1079 325 1139 malormatnm
338 1096 422 1152 qnam
437 1081 583 1137 Crantoris.
600 1084 710 1155 Atquin,
722 1083 822 1157 inquis,
835 1085 923 1142 incre-

126 1169 178 1242 puit
200 1168 279 1224 illum
303 1168 392 1225 lesus.
419 1169 499 1226 Plane
523 1178 552 1226 ut
573 1170 743 1238 inuidiosum,
769 1181 796 1227 et
819 1173 846 1228 in
864 1174 923 1245 ipsa

126 1257 298 1315 antestare
314 1259 491 1330 petulantem,
503 1268 531 1314 et
544 1260 569 1298 ⁵⁸
583 1260 652 1316 male
665 1259 832 1332 adulantem3
845 1263 924 1334 quasi
974 1264 1054 1320 etiam
1069 1264 1203 1321 saecularis
1227 1262 1367 1331 sapientia
1391 1263 1476 1335 digna
1500 1261 1632 1319 sententia
1655 1270 1703 1318 est.
1730 1259 1771 1316 hd

126 1347 391 1403 becessctsnmma
408 1347 496 1418 gloria
524 1347 633 1414 Christi,
653 1348 676 1403 si
697 1351 729 1406 ad
746 1350 922 1421 perditionem
977 1368 1118 1418 summam,
1134 1352 1306 1423 etipsemox
1335 1351 1422 1421 tetigit
1446 1351 1525 1421 alios,
1550 1349 1650 1421 quibus
1675 1364 1771 1405 manus

127 1435 280 1491 demonum
308 1436 433 1501 venbset,
460 1444 487 1491 ct
512 1450 566 1491 non
598 1437 686 1507 potius
719 1439 753 1493 ad
783 1440 921 1495 hominum
975 1441 1129 1512 imponens,
1155 1441 1247 1512 utique
1272 1440 1450 1505 sentiendas,
1473 1438 1602 1494 benedicio
1626 1438 1771 1493 madicina-

128 1524 256 1591 ttlatem3
280 1521 328 1594 qui
358 1538 408 1579 nac
436 1521 584 1594 discipulos
605 1525 639 1580 de
661 1527 819 1583 subactione
839 1529 922 1598 spiri·
976 1544 1036 1584 rum
1059 1528 1232 1593 conterebat,
1260 1536 1313 1583 tam
1337 1543 1417 1596 vera,
1442 1535 1495 1581 tam
1522 1541 1576 1581 non
1602 1525 1769 1599 imaginaria,

127 1618 206 1680 uum,
223 1610 275 1666 sed
291 1613 327 1666 de
341 1612 455 1667 candida
474 1612 570 1667 salutis
590 1611 647 1683 (ts)
671 1613 782 1685 gloriari
804 1616 920 1676 volabat.
975 1633 1057 1688 quam
1082 1624 1159 1672 arant
1187 1633 1233 1687 per
1255 1631 1323 1686 quas
1344 1616 1506 1671 conterebat.
1532 1615 1592 1685 lpse
1618 1612 1703 1685 igitur
1729 1621 1772 1668 cst

128 1701 176 1758 but
187 1715 238 1756 cur
252 1715 316 1756 eum
330 1699 483 1772 increpuit?
493 1701 520 1755 Si
532 1702 610 1770 quasi
625 1704 768 1760 mentitum
782 1707 809 1760 in
824 1714 920 1774 totum,
975 1706 1099 1764 Christus
1114 1713 1140 1762 et
1154 1704 1241 1770 Isaiae,
1259 1703 1419 1760 remediator
1439 1700 1634 1759 valetudinum.
1651 1701 1708 1770 llic,
1725 1701 1769 1754 in-

130 1803 189 1861 crao
209 1803 265 1844 non
282 1787 334 1844 luit
356 1789 444 1853 lesus,
470 1805 522 1844 nea
545 1790 593 1846 Dei
614 1801 724 1847 sanctus
746 1795 867 1851 omnino.
894 1796 922 1852 Si
939 1757 961 1834 Β
976 1795 1036 1867 quit
1059 1794 1123 1865 (lea.
1147 1809 1206 1859 arar,
1222 1796 1248 1862 b,
1267 1792 1478 1851 imbecillitates
1489 1795 1600 1848 nostras
1622 1793 1726 1860 aufert,
1744 1794 1773 1847 et

134 1877 248 1949 qotsiex
268 1885 347 1947 parta
363 1877 513 1942 mentitum,
529 1877 678 1949 quodcum
696 1880 789 1935 tasum
813 1882 922 1952 quidam
978 1885 1126 1957 tuupuores
1141 1889 1246 1958 portat.
1264 1884 1372 1938 Portare
1396 1890 1484 1937 autem
1505 1879 1592 1935 Graeci
1618 1879 1698 1933 etiam
1722 1894 1772 1950 pro

137 1971 289 2021 crunam
310 1964 371 2029 Dei,
397 1964 446 2020 sed
464 1965 602 2020 Crantoris
622 1966 814 2038 existimasset,
835 1970 922 2039 inius—
976 1975 1109 2029 ensolant
1129 1988 1235 2043 ponera,
1250 1970 1324 2042 quod
1348 1976 1390 2024 ast
1411 1968 1513 2024 tollere.
1538 1966 1643 2022 Sufficit
1664 1967 1773 2022 interim

135 2053 229 2108 tissime
242 2052 379 2125 increpuit
394 2055 445 2109 hoc
463 2054 636 2119 sentientem,
653 2057 723 2125 quod
739 2056 843 2112 sciehat
858 2074 923 2113 sen·
977 2060 1043 2115 mihi
1058 2059 1193 2133 generalis
1214 2058 1398 2129 repromissio.
1423 2056 1619 2127 Quodcumque
1642 2053 1773 2111 curaverit

123 2140 255 2220 rhodum,
270 2151 298 2199 et
313 2141 365 2198 hoc
387 2157 441 2198 non
456 2142 660 2209 existimantem,
688 2145 760 2216 quod
780 2146 923 2219 ignorabat
976 2149 1065 2212 lesus,
1081 2164 1157 2203 meus
1171 2155 1220 2202 ast.
1237 2147 1385 2202 Veniemus
1400 2156 1485 2200 umen
1497 2143 1565 2199 etad
1576 2142 1683 2215 species
1697 2158 1774 2197 cura-

133 2230 336 2287 cxislimandum
352 2231 387 2301 ⁵⁹,
402 2230 483 2285 alium
496 2231 602 2298 lesum,
615 2242 641 2288 et
653 2233 767 2289 alterius
780 2235 828 2289 Dei
842 2252 922 2291 sanc·
978 2239 1092 2294 tionum.
1109 2237 1254 2301 ueterum,
1273 2242 1300 2291 at
1322 2251 1338 2289 a
1360 2233 1501 2290 daemoniis
1525 2232 1648 2299 liberare,
1672 2230 1773 2286 curatio

133 2328 188 2375 tum
217 2317 301 2388 Quod
330 2321 353 2374 si
386 2319 602 2375 verisimiliorem
634 2329 731 2376 statum
761 2337 814 2378 non
844 2325 924 2381 habat
978 2335 1019 2383 cst
1040 2325 1213 2385 valetudinis.
1239 2326 1330 2396 ltaque
1357 2323 1467 2393 spiritus
1494 2336 1621 2391 nequam,
1642 2318 1718 2390 quasi
1740 2335 1772 2374 ax

135 2406 285 2480 increpatio,
302 2406 355 2462 nisi
377 2423 457 2477 quem
472 2423 523 2463 nos
537 2406 753 2479 interpretamur,
777 2411 833 2479 jam
857 2428 923 2485 argo
977 2417 1065 2473 lorma
1087 2416 1144 2484 Jam
1158 2413 1255 2485 prioris
1269 2413 1384 2484 exempli
1404 2427 1467 2466 cum
1492 2408 1648 2465 testimonio
1661 2407 1774 2463 excede·

135 2499 156 2549 11
174 2495 285 2550 1111111011
310 2493 375 2549 nihil
394 2495 523 2551 111111ῑί1118
545 2504 668 2561 estnon
690 2496 725 2553 ob
751 2499 924 2557 mendacium
978 2508 1043 2562 bant
1065 2502 1241 2561 vociterantes
1266 2523 1271 2558 :
1303 2503 1340 2558 Pa
1361 2516 1388 2556 es
1409 2500 1497 2555 Filias
1516 2499 1576 2555 liei.
1605 2497 1689 2566 Cujus
1713 2496 1773 2563 Dei,

136 2580 273 2653 1111111111ῦὸ
303 2600 310 2636 ³
336 2582 396 2654 ipse
416 2584 487 2638 1111111
512 2593 571 2638 elai
603 2584 690 2651 118111,
720 2596 818 2656 1111111111
844 2605 923 2659 (tuem
978 2596 1020 2653 rel
1037 2594 1079 2650 hic
1094 2601 1197 2662 pareat.
1214 2592 1267 2646 Sed
1285 2581 1397 2660 proinde
1413 2587 1631 2657 increpabantur,
1647 2593 1674 2641 et
1690 2585 1774 2653 Jube-

137 2671 206 2727 alium
221 2672 334 2727 daemon
349 2672 492 2745 agnovisse
506 2687 562 2728 non
585 2680 701 2742 potarat3
718 2686 745 2730 et
766 2677 847 2732 lesus
861 2692 924 2732 enm
978 2684 1076 2739 bantur
1099 2689 1195 2738 tacere
1222 2678 1336 2734 Proinde
1358 2677 1428 2732 anim
1451 2675 1573 2731 Christus
1595 2675 1630 2730 ab
1653 2673 1772 2729 homini-

138 2760 305 2826 confirmarit,
323 2775 405 2831 (tuem
429 2771 579 2831 agnoverat
593 2763 709 2827 daetsstin,
726 2762 789 2819 dum
813 2781 867 2820 non
889 2766 924 2820 ob
978 2773 1040 2836 hus,
1057 2785 1141 2825 nona
1161 2767 1299 2837 spiritibus
1313 2765 1470 2832 immundis,
1493 2761 1600 2818 volabat
1621 2777 1651 2818 sa
1675 2761 1773 2817 Filium

138 2849 607 2920 11101111111111110111111111111110111111·
979 2858 1027 2916 Dei
1042 2858 1163 2930 agnosci.
1188 2857 1237 2910 Ille
1261 2855 1384 2910 Christus
1407 2854 1545 2917 duntaxat,
1562 2850 1606 2907 cui
1630 2851 1681 2905 hoc
1704 2864 1774 2904 con-

425 2990 541 3048 CAPUT
556 2992 617 3047 vm
980 2947 1110 3021 gruebat3
1125 2944 1189 3017 quia
1206 2943 1372 3016 premiserat
1397 2959 1444 3012 per
1458 2956 1525 3012 quos
1540 2947 1631 3011 posset
1652 2938 1772 3013 agnosci,

621 3034 627 3047 ’
980 3034 1110 3105 elatique
1134 3033 1275 3104 digniores
1298 3029 1497 3100 praedicatores.
1518 3028 1596 3085 llllns
1619 3031 1686 3098 erat,
1701 3043 1773 3098 prae·

172 3115 307 3172 Nazaraeos
329 3117 421 3172 uocari
442 3117 560 3172 hahebat
583 3118 730 3173 secundnm
754 3120 925 3190 prophetiam
942 3093 964 3172 Β
980 3124 1089 3181 conium
1103 3120 1235 3177 immundi
1248 3118 1359 3190 spiritus
1374 3133 1510 3186 respuere,
1527 3116 1570 3173 cui
1585 3116 1670 3172 sancti
1685 3118 1773 3171 abun-

143 3205 255 3261 Christus
269 3205 402 3262 Crantoris
423 3224 429 3259 :
446 3208 518 3262 nude
533 3215 560 3262 at
573 3207 632 3278 ipso
647 3208 756 3263 nomina
775 3224 824 3265 nos
838 3210 924 3266 ludaei
976 3211 1084 3268 dabant.
1099 3211 1193 3275 Porro,
1213 3207 1259 3280 qui
1282 3220 1418 3277 nunquam
1442 3204 1529 3259 sumat
1551 3203 1734 3274 annuntiatus,
1750 3205 1773 3257 si

139 3294 270 3352 Nazaraeos
296 3295 323 3334 ⁶0
345 3294 480 3366 appellant
502 3313 552 3367 per
570 3311 644 3351 aum.
667 3299 736 3352 Nam
765 3308 792 3355 et
818 3316 921 3367 sumus,
977 3307 1067 3358 tamen
1091 3298 1199 3357 volebat
1218 3295 1329 3369 agnosci
1354 3293 1464 3365 (lrustra
1487 3301 1576 3348 autem
1604 3298 1723 3357 venerat,
1749 3289 1772 3344 si

140 3381 166 3437 de
187 3383 284 3454 quihus
306 3391 349 3439 cst
363 3383 485 3452 tiltres.
517 3399 555 3449 tv,
580 3386 924 3454 amanuensibus
977 3391 1105 3461 nolebat),
1123 3403 1177 3444 non
1191 3395 1265 3442 asset
1286 3392 1445 3454 aspernatus
1468 3380 1654 3437 testimoninm
1677 3378 1773 3436 alienae

142 3478 194 3528 aaut
215 3489 301 3546 saper
320 3474 422 3530 niuem.
448 3472 499 3541 Qui
526 3472 628 3529 scilicet
646 3484 716 3531 retro
741 3477 848 3531 luridati
872 3477 922 3532 de·
976 3487 1004 3536 et
1017 3481 1210 3549 cujuscumque
1223 3472 1388 3540 substantia,
1404 3472 1450 3544 qui
1472 3470 1588 3542 propriae
1613 3485 1667 3524 non
1691 3469 1773 3524 hahe-

142 3557 281 3632 linquentiea
295 3561 420 3628 maculis,
437 3570 463 3615 at
486 3561 585 3632 nigrati
610 3563 770 3632 ignorantiae
793 3565 920 3621 tenebris
976 3569 1032 3636 bat,
1056 3567 1101 3638 qui
1124 3566 1152 3619 in
1172 3563 1261 3619 aliena
1287 3560 1553 3618 descendentium
1576 3573 1648 3614 nunc
1669 3565 1696 3612 et
1718 3572 1772 3629 qna

144 3645 229 3706 Christo
244 3659 333 3706 autem
355 3649 499 3721 appellatio
521 3651 643 3705 Nazaraei
667 3652 846 3723 competitura
866 3665 923 3711 erat
975 3657 1127 3713 destructor
1141 3651 1283 3716 Crantoris,
1300 3650 1367 3706 nihil
1391 3647 1479 3720 magis
1503 3648 1639 3719 gestisset,
1655 3661 1733 3718 quam
1757 3661 1773 3699 a

146 3737 292 3794 ttiulantiae
312 3739 430 3803 latebris,
458 3738 492 3793 ad
515 3755 583 3809 quas
606 3740 676 3808 apud
700 3742 832 3798 Nazareth
855 3743 920 3798 das·
976 3744 1114 3817 spiritibus
1138 3742 1222 3814 ipsius
1241 3739 1362 3812 agnosci,
1377 3747 1404 3794 et
1426 3736 1562 3810 divulgari
1585 3751 1641 3808 prae
1665 3736 1772 3803 umore,

148 3827 224 3895 eadit,
251 3824 362 3882 x'itando
399 3827 560 3883 Archelaum
596 3827 680 3883 hlium
714 3830 836 3886 llarodis.
867 3833 922 3887 Hoc
975 3834 1028 3889 nisi
1051 3830 1122 3903 quod
1144 3829 1261 3885 hlarcion
1285 3829 1371 3882 Deum
1395 3843 1472 3880 snum
1497 3824 1586 3879 timeri
1610 3833 1700 3896 negat,
1724 3823 1771 3877 dc-

150 3924 268 3984 propterea
303 3932 358 3972 non
396 3916 486 3980 omisi,
516 3916 578 3986 quia
612 3917 747 3973 Christum
781 3919 923 3975 Marcionis
975 3921 1088 3978 tendens
1102 3920 1202 3975 bonum
1225 3933 1280 3971 non
1295 3915 1391 3979 timeri,
1408 3914 1454 3969 sed
1472 3912 1590 3981 jndicem
1606 3912 1676 3981 apud
1690 3927 1771 3982 quem

152 4012 280 4068 oportuerat
300 4019 381 4060 omne
405 4005 595 4059 commercium
621 4006 739 4074 ejerasse
765 4007 847 4062 etiam
879 4011 922 4064 lo·
976 4011 1031 4067 sint
1067 4007 1188 4063 materiae
1211 4005 1326 4074 timoris,
1350 4003 1399 4067 im,
1428 4002 1538 4066 saevitia,
1565 3999 1680 4069 judicia,
1709 4001 1771 4055 vin·
1850 4006 1857 4023 ⁸

153 4101 221 4148 amm
248 4093 422 4150 familiarium
456 4093 554 4148 Christi
582 4094 736 4164 Crantoris,
766 4097 921 4167 habentem,
977 4098 1055 4161 dicta,
1081 4096 1227 4149 danmatio.
1259 4088 1320 4146 Scdv
1341 4096 1368 4145 et
1395 4089 1529 4144 damonia
1557 4089 1652 4144 timore
1680 4089 1772 4158 utiquc

154 4184 206 4234 aaa
228 4182 328 4237 Iudaeae
355 4181 473 4253 oppida,
502 4196 558 4237 non
591 4182 628 4236 ita
665 4182 762 4238 Christi
790 4186 922 4240 Creatoris
976 4184 1115 4242 cedebant.
1132 4182 1204 4251 Ergo
1229 4179 1339 4234 timendi
1363 4177 1415 4231 Dei
1445 4177 1540 4231 Filium
1565 4175 1770 4243 confitebantur,

154 4275 187 4328 111
197 4270 336 4342 prophetas
359 4267 525 4340 emancipata
548 4269 582 4322 ⁶¹.
603 4269 745 4338 Caetorum,
770 4273 920 4342 prophata-
975 4272 1145 4331 occasionem
1160 4268 1283 4322 habitura
1307 4281 1360 4320 nou
1385 4265 1509 4334 cedendi,
1526 4263 1550 4318 si
1569 4278 1623 4316 non
1648 4261 1770 4318 timendi.

154 4363 196 4407 um
209 4358 254 4413 crit
271 4357 404 4426 Christus,
420 4357 583 4430 ubicumque
606 4358 752 4414 secundum
776 4360 922 4429 Prophetas
974 4363 1009 4418 Et
1024 4361 1068 4415 ille
1081 4359 1159 4427 jussu
1180 4363 1207 4411 et
1230 4353 1362 4424 increpitu
1388 4367 1421 4407 aa
1444 4352 1591 4424 expellens,
1616 4366 1668 4407 non
1689 4367 1770 4408 suasu

154 4436 272 4502 breuiter.
300 4449 332 4503 Et
356 4457 445 4502 tamen
468 4447 540 4517 apud
563 4447 693 4504 Nazareth
719 4461 827 4519 qaoque
857 4447 922 4503 nihil
938 4424 961 4500 fl
977 4466 1030 4522 qna
1053 4448 1148 4512 bonus,
1166 4443 1314 4500 timendum
1337 4454 1366 4494 sa
1388 4438 1544 4495 exhibebat.
1564 4437 1619 4492 Ant
1642 4441 1771 4510 numquid

153 4530 198 4584 nori
220 4542 326 4590 notatur
351 4534 528 4606 praedicasse,
553 4535 616 4590 dnm
641 4536 694 4591 alio
718 4536 815 4591 merito
838 4537 923 4593 unius
974 4539 1038 4595 iden
1053 4536 1219 4606 increpabat,
1239 4530 1302 4602 quia
1324 4527 1467 4582 timebatur
1490 4525 1586 4580 nolens
1611 4526 1719 4580 timeri?
1739 4528 1772 4581 Et

153 4623 267 4686 pmterbii
281 4625 359 4696 (buc.
376 4639 414 4688 tv,
431 4624 590 4693 23)ejectus
603 4624 727 4681 retertur.
743 4625 791 4681 llic
806 4626 922 4697 primum
976 4626 1112 4701 quomodo
1133 4639 1165 4679 aa
1192 4621 1297 4678 uolebat
1325 4615 1472 4682 excedere,
1495 4613 1568 4686 quod
1595 4614 1647 4667 nisi
1676 4615 1771 4670 timore

152 4720 225 4768 nram
250 4714 275 4770 ei
301 4713 416 4783 injectas
446 4713 672 4786 animadvertens,
698 4731 808 4771 neccsse
834 4716 922 4772 babeo
976 4731 1030 4770 non
1055 4711 1196 4769 laceranti
1220 4707 1324 4764 Cecidit
1350 4719 1415 4776 ergo
1443 4703 1472 4758 in
1493 4699 1692 4768 necessitatem,
1718 4707 1789 4772 qua'

150 4791 191 4859 tam
210 4799 242 4857 de
262 4800 414 4856 substantia
437 4801 498 4869 ejus
521 4801 652 4872 corporali
681 4805 826 4873 praefinire,
851 4804 923 4875 quod
977 4804 1112 4874 disparem
1126 4817 1155 4856 sc
1169 4807 1271 4854 natura
1286 4811 1341 4852 suae
1355 4802 1471 4866 agerat:
1496 4806 1555 4847 cam
1572 4799 1663 4861 posset
1677 4795 1705 4843 ut
1718 4789 1772 4844 bo-

150 4896 191 4942 oon
214 4890 297 4961 pessit
321 4891 482 4962 phantasma
508 4890 601 4957 credi,
630 4892 676 4964 qni
703 4902 867 4960 contactum,
897 4902 924 4949 et
977 4890 1123 4948 nussemel
1143 4888 1184 4944 eis
1207 4900 1327 4959 parcere.
1343 4881 1444 4940 Cecidit
1465 4888 1492 4938 et
1512 4881 1539 4935 in
1561 4879 1643 4937 aliam
1667 4894 1772 4952 praeva-

809 5002 903 5067 Varia
921 5004 1075 5069 lectiones.

169 5111 190 5151 ⁵⁷
201 5114 231 5170 ta
244 5118 338 5172 omitt.
355 5116 433 5172 α1.58
449 5115 483 5171 Ut
497 5117 582 5173 Senti.
599 5117 624 5156 ⁵⁹
638 5116 831 5174 AEstimandum
842 5120 926 5177 Semi.
942 5118 969 5158 ⁶⁰
981 5119 1135 5174 Nazaraeos
1150 5113 1233 5171 Seml.
1249 5110 1272 5151 ⁶¹
1287 5109 1438 5180 blancipata
1453 5110 1521 5165 tau.

823 5226 1072 5291 Commentarius.

169 5331 220 5404 (18)
243 5336 282 5391 lie
304 5331 429 5389 candida
446 5334 559 5392 salotis.
584 5333 692 5391 Vestem
718 5333 848 5405 intellige,
873 5335 925 5390 nisi
1015 5333 1072 5404 (to)
1091 5334 1211 5403 Paupera
1230 5330 1307 5387 enim
1326 5333 1354 5385 et
1379 5325 1466 5399 teupi,
1487 5332 1546 5407 etc..
1561 5323 1631 5379 Illud
1652 5323 1734 5389 idem,
1749 5337 1773 5377 c.

139 5405 212 5460 maris
232 5422 294 5463 cum
319 5403 460 5473 Rhenano,
486 5405 629 5462 candidam
657 5405 821 5461 substantiva
844 5422 926 5462 osur-
981 5403 1273 5466 adsentatiuncula,
1293 5407 1322 5455 ut
1336 5413 1493 5471 corpoream
1511 5397 1547 5451 thr
1566 5401 1703 5473 astrueret,
1720 5394 1775 5445 lla-

137 5476 197 5543 pari.
223 5477 247 5533 h
270 5476 401 5534 Romanis
425 5475 489 5532 illud
513 5479 597 5549 vulgo
621 5477 738 5547 petitur,
763 5477 833 5545 apud
858 5492 928 5548 quos
981 5478 1159 5533 baturautem
1175 5474 1246 5541 apud
1257 5472 1406 5527 Lucretium
1420 5472 1470 5538 (De
1486 5471 1588 5524 lteram
1601 5467 1669 5546 Nat.
1684 5463 1731 5544 hh.
1744 5464 1776 5530 r),

138 5546 263 5606 honorum
278 5549 408 5631 petitores
423 5549 534 5605 candida
557 5555 633 5607 vaste
656 5548 843 5616 induebantur,
857 5550 928 5606 unda
981 5548 1112 5603 adversus
1135 5546 1213 5611 cnjus
1236 5543 1332 5598 deliria
1350 5542 1467 5612 disputat
1490 5537 1651 5602 Lactantius,
1672 5532 1719 5587 bh.
1736 5547 1777 5587 ιιι

137 5618 194 5677 dicti
209 5620 407 5678 candiditate
417 5619 465 5677 Pr.
923 5650 924 5655 ἵ
983 5619 1077 5674 lastit.
1095 5614 1269 5673 bio.LsPn.

976 1137 1087 1201 'langore
1097 1137 1165 1188 enim
1178 1144 1202 1188 et
1211 1137 1289 1199 tangi,
1300 1137 1349 1201 (19)
1360 1136 1514 1200 nisicorpus,
1529 1135 1600 1185 nmla
1616 1142 1698 1199 potest
1721 1149 1770 1197 res,
