3840 6134
79 282 131 343 tit
446 270 449 276 ’
663 275 775 340 *iltuit
795 279 874 341 tuv.
899 280 1136 344 utuuoooltttu.
1484 278 1487 285 ’
1678 279 1733 341 ult
1784 337 1787 351 ,

79 409 140 482 ipso
155 408 223 465 dum
238 417 301 465 non'
312 407 462 465 osieiidiiiii
485 419 517 462 0¹
545 405 636 481 aliquo
660 411 748 463 icium
766 449 772 472 t
787 408 880 464 mini·
895 426 919 507 g
935 412 1006 469 uem
1019 426 1028 464 .·
1039 409 1181 468 Producat
1196 413 1274 468 terro
1288 409 1565 468 ouimomciucrticm
1576 408 1733 467 secuudum

78 498 193 555 butor
212 512 247 554 ex
266 495 350 553 nihilo
363 493 470 553 isdum:
488 501 515 550 el
536 509 590 551 non
608 494 778 566 ‚periclitatur
794 512 828 552 ne
846 514 880 554 ex
933 517 1020 573 percus
1034 498 1224 575 quucmpedia
1239 503 1268 555 ct
1282 498 1412 571 repentio
1426 501 1454 554 et
1468 497 1571 555 beslius
1582 501 1675 565 terroe,
1690 515 1734 555 sc·
1788 520 1792 526 ·

76 587 171 660 aliquo
185 587 245 658 (ihi
261 585 361 643 hetam
372 584 549 652 existimetur,
564 583 737 657 quaudonon
753 585 878 644 demons-
934 588 1059 646 curceium
1076 605 1165 661 pecus
1179 590 1308 661 ipsorum
1327 587 1408 658 (Gen.
1424 589 1480 655 1,ss
1497 588 1600 658 seqq.).
1616 585 1646 643 Si
1665 599 1732 658 ergo

78 686 166 734 iretur
181 691 215 732 ex
231 688 286 749 quo
301 674 336 731 sit
354 672 466 731 iactum.
480 671 560 742 Quod
575 680 666 729 autem
680 689 713 729 ex
727 674 818 747 aliquo
837 675 876 742 lit,
931 693 965 736 ox
982 680 1038 750 jam
1052 679 1128 735 iactis
1141 677 1234 745 rebus,
1251 677 1320 732 alias
1344 691 1388 732 res
1410 676 1483 730 Deus
1502 673 1663 745 profereus,
1683 691 1730 732 os·

77 765 128 822 nisi
143 765 202 822 hoc
215 762 306 838 ipsum
321 772 414 835 aperte
426 762 578 820 declaratur
592 778 623 818 ex
647 762 738 835 aliquo
765 762 877 832 iactum,
931 767 1017 825 tendit
1031 784 1080 840 per
1094 767 1263 841 prophetem,
1279 773 1306 821 et
1329 763 1393 820 dicit
1406 761 1472 835 quid
1495 764 1568 819 uode
1586 763 1731 831 protulerit

77 857 140 912 dnm
154 853 228 910 illud
241 869 275 910 cx
288 867 343 925 quo
358 851 456 908 factum
471 850 506 909 sit
527 866 582 907 noo
596 850 747 908 ostenditur
766 852 801 920 ¹⁵,
833 867 880 924 pe-
933 861 1099 931 lquanuam
1116 858 1253 930 possimus
1267 854 1342 912 unde
1367 854 1393 892 ²⁰
1422 851 1483 908 illas
1509 851 1628 921 prolatas
1652 852 1729 909 resti-

78 942 242 1001 rialituhitur
255 942 345 1014 primo
357 938 443 998 rideri
460 956 492 996 ex
505 937 590 995 nihilo
609 939 720 1006 tectum,
738 941 802 1011 quia
824 955 879 998 nou
932 962 1006 1003 mare
1024 947 1058 1015 ²¹,
1074 948 1138 1003 dum
1153 962 1187 1002 ne
1213 961 1246 1001 en
1266 943 1376 1009 nihilo;
1399 941 1455 1012 ism
1471 940 1543 996 enim
1558 939 1627 998 iacta
1654 949 1732 998 erant

78 1031 166 1088 oditur
180 1047 216 1087 ex
232 1046 287 1103 quo
309 1030 346 1085 sit
367 1028 478 1086 ioelum.
502 1028 613 1097 Dehinc,
630 1028 681 1085 atsi
696 1044 729 1084 ea
755 1031 790 1086 sit
814 1044 880 1087 con·
933 1036 1079 1108 quasdam,
1103 1052 1135 1092 ex
1168 1035 1267 1108 quihus
1288 1031 1402 1105 prolatas
1430 1029 1517 1088 videri
1538 1030 1663 1102 possent)
1681 1043 1687 1081 :
1708 1029 1732 1086 si

78 1120 192 1187 ditione,
209 1127 242 1176 ot
258 1134 312 1175 uon
328 1119 414 1190 possit
426 1116 574 1174 viderinou
586 1117 719 1191 exaliquo
736 1119 769 1185 ¹⁶,
785 1119 881 1190 proin·
933 1126 1035 1180 mulam
1054 1139 1146 1181 curam
1175 1121 1359 1181 instructionis
1381 1129 1481 1177 nostrae
1499 1118 1644 1190 insumpsit
1665 1118 1730 1190 Spi-

77 1209 109 1266 ie
122 1208 336 1281 periclissbiitih
352 1222 386 1264 0¹
403 1206 457 1262 ⁸¹1⁰
471 1205 552 1279 ¹0¹¹ss
565 1205 667 1263 iactum
685 1205 777 1274 videri,
798 1223 881 1279 quam
933 1215 1001 1271 ritus
1023 1223 1141 1285 sanctus,
1161 1222 1191 1269 ut
1214 1212 1345 1270 sciremus
1360 1210 1425 1284 quid
1454 1209 1527 1266 unde
1552 1200 1728 1280 processerit,

78 1312 178 1370 usquo
191 1296 294 1354 {sunm
311 1305 362 1363 est,
379 1294 443 1351 dum
458 1310 513 1352 oon
527 1294 689 1366 proponitur
707 1296 779 1353 unde
795 1294 879 1353 W
934 1318 1024 1360 nonne
1039 1301 1153 1374 proinde
1168 1316 1218 1358 uos
1246 1309 1274 1356 ct
1295 1299 1330 1356 de
1356 1298 1426 1357 coeio
1453 1305 1481 1354 et
1507 1296 1542 1355 dc
1571 1305 1643 1354 terra
1657 1311 1732 1354 com·
1768 1280 1773 1295 '

80 1386 113 1444 sit
125 1386 245 1442 haum.
256 1385 307 1454 ita,
325 1385 348 1440 si
362 1400 395 1441 es
409 1383 496 1440 nihilo
510 1382 584 1440 Deos
597 1391 695 1440 cuncto
715 1383 811 1441 iecisse
825 1400 881 1442 nou
932 1400 1010 1465 potus
1025 1391 1197 1457 reddidisset,
1212 1387 1390 1463 significando
1417 1388 1489 1444 unde
1504 1402 1536 1443 ea
1562 1396 1635 1444 osset
1662 1402 1732 1460 ope·

80 1476 192 1547 Ρθωῑῑ,
213 1473 265 1530 elii
295 1471 318 1512 ¹⁷
332 1473 470 1544 Scriptura
496 1487 550 1529 ¹¹⁰⁰
572 1470 708 1542 iidieiiffl
744 1471 821 1528 illiiiii
848 1489 880 1530 ΘΧ
933 1489 1018 1546 ratus,
1044 1480 1067 1535 si
1093 1479 1127 1535 de
1152 1478 1243 1551 aliqua
1267 1477 1380 1534 materia
1398 1475 1475 1551 origo
1504 1482 1642 1533 constaret
1668 1476 1732 1532 illo-

81 1561 168 1619 iihilo
191 1560 292 1617 letitie
316 1561 354 1630 (ΙΙ
377 1558 465 1618 naeu
481 1575 532 1627 vii,
556 1560 603 1629 28)
622 1575 632 1613 ·‘
648 1574 682 1616 0¹
696 1560 805 1618 materis
819 1577 880 1618 tum
935 1585 994 1626 rum
1008 1570 1023 1626 i
1037 1575 1066 1626 nt
1080 1574 1153 1625 tanto
1171 1567 1258 1640 magis
1273 1582 1310 1623 ex
1329 1565 1413 1622 nihilo
1428 1562 1614 1622 occideretur
1632 1578 1731 1634 opera·

82 1651 180 1710 iecisse
196 1650 274 1707 omni
287 1648 619 1722 muneremunere,
639 1651 662 1706 st
677 1658 706 1706 u
723 1665 757 1706 es
771 1650 881 1707 matema
936 1668 988 1728 tus,
1002 1664 1101 1732 quanto
1116 1656 1181 1713 nihil
1196 1655 1284 1713 adone
1308 1652 1389 1712 218
1405 1660 1463 1712 erat
1489 1653 1599 1720 tactum,
1616 1668 1649 1710 ex
1677 1668 1749 1725 qao·

84 1738 200 1806 [edwi.
218 1737 366 1810 quiaillud
392 1738 419 1794 io
444 1745 530 1796 i⁰ii¹¹¹i
554 1739 669 1796 ΜΘΝ)
690 1738 816 1814 intelligi,
829 1739 880 1796 eiii
898 1712 921 1790 Β
936 1755 1062 1818 operatus
1075 1745 1221 1803 videretur.
1237 1743 1330 1816 ltaque
1355 1742 1424 1799 sicat
1438 1757 1470 1797 ea
1491 1757 1553 1814 quae
1576 1742 1612 1798 de
1639 1741 1733 1813 aliquo

85 1841 136 1885 Μ)
148 1825 375 1901 ῠίιΰίὓωθῑῑῑῐΐ
392 1832 421 1882 ii
436 1825 507 1882 iilud
520 1824 549 1881 iii
564 1823 659 1893 dubim
674 1824 727 1883 iiiii
742 1826 881 1900 significi·
935 1837 1040 1909 prolato
1061 1843 1133 1905 suot,
1158 1833 1275 1893 ostendit
1299 1833 1372 1888 uude
1390 1829 1494 1903 prolsta
1508 1830 1585 1887 siut:
1614 1829 1652 1886 ita
1669 1845 1732 1902 qum

85 1924 165 1974 iiiiii·
936 1940 991 1982 non
1006 1924 1125 1982 ostendit
1139 1923 1213 1980 unde
1239 1921 1342 1996 prolola
1369 1919 1442 1985 sint,
1467 1932 1500 1975 ex
1523 1917 1610 1976 nihilo
1630 1919 1733 1990 prolata

373 2004 484 2061 CAPUT
506 2003 596 2061 XXII·
935 2012 1087 2072 confirmat.
1104 2012 1231 2085 Igiturirt
1245 2010 1388 2084 principio
1410 2010 1481 2065 Deus
1496 2009 1566 2079 sccii
1588 2008 1691 2064 culum
1703 2009 1733 2063 cl

114 2093 207 2166 Atque
221 2092 294 2151 adeo
306 2091 423 2165 Spiritus
445 2101 555 2149 conotus
577 2094 646 2151 hanc
660 2092 807 2165 Scripturae
826 2109 882 2150 sure
938 2106 1055 2161 terram,
1072 2101 1164 2159 Adoro
1178 2099 1324 2170 scripturae
1338 2095 1533 2168 plenitudinem
1551 2097 1607 2166 (⁴9l
1622 2112 1694 2170 ,qua
1708 2095 1733 2134 ²²

84 2182 209 2239 titionem
230 2181 383 2247 wnfliiiiiiis
408 2191 438 2238 iii
455 2196 516 2238 com
539 2181 605 2254 iiiiid
620 2198 652 2238 0¹
668 2182 761 2254 iiiiii>
783 2183 818 2238 iii
834 2226 842 2250 ‚
858 2189 884 2238 iil
937 2189 1000 2245 milti
1030 2189 1198 2246 etinctorem
1226 2185 1418 2243 manifestelet
1432 2184 1511 2242 lucto.
1540 2185 1571 2241 Iu
1585 2183 1734 2258 Evangelio

84 2272 152 2330 uude
164 2273 203 2329 sit
216 2270 576 2344 referatl'ruticctduquit,
589 2277 667 2329 terro
683 2271 796 2330 hericus
825 2271 882 2342 (io)
937 2294 1000 2336 sero
1015 2279 1130 2350 amplius
1143 2284 1169 2334 et
1195 2275 1348 2333 ministrnm
1372 2283 1453 2347 utque
1476 2273 1607 2331 urbitmm
1623 2274 1735 2332 rectoris

82 2364 156 2434 sutri,
168 2360 733 2430 ”minanwmiemmissiiliidilmilemss
747 2364 883 2419 efficimi-
938 2368 1211 2426 inceniosermoucm
1228 2364 1297 2436 (oo).
1326 2364 1370 2419 An
1394 2373 1484 2421 autem
1503 2364 1538 2421 de
1551 2364 1641 2436 alique
1668 2365 1734 2421 sub·

82 2453 145 2511 dccc
158 2450 430 2520 similitudinum
449 2451 558 2522 liguum
578 2452 761 2522 fructuosum
775 2452 884 2521 faciens
935 2455 1035 2527 jacenti
1054 2454 1166 2512 materia
1188 2453 1257 2509 iacta
1276 2451 1331 2508 siut
1354 2450 1455 2516 omnia,
1485 2466 1619 2524 nusquam
1648 2451 1737 2509 adhuc

80 2543 220 2611 mum,
231 2541 320 2613 cujus
333 2553 429 2596 romeu
442 2539 474 2595 iu
487 2541 547 2611 ipso
562 2539 593 2594 iu
607 2538 884 2597 similitudinem.dl
938 2544 1000 2619 legi.
1017 2542 1152 2615 Scriptum
1167 2557 1226 2599 esse
1239 2541 1337 2597 doceat
1364 2539 1545 2615 Hermogenis
1560 2537 1680 2598 officina.
1705 2540 1734 2598 Si

78 2633 190 2700 iccium
200 2633 248 2687 est
263 2628 354 2686 suut
361 2625 500 2700 producit
511 2632 590 2686 terro
601 2627 716 2686 terram
724 2630 885 2700 suuiscmi·
939 2647 992 2689 noo
1008 2639 1048 2688 est
1061 2631 1203 2705 scriptum,
1219 2629 1313 2686 timeat
1327 2643 1367 2685 rae
1381 2628 1458 2695 illud,
1473 2626 1663 2699 adiicientibus
1676 2628 1734 2701 (5))

78 2714 481 2777 microcosmum
494 2719 631 2787 peuuuci
647 2717 756 2787 lienum
771 2719 886 2787 sructuo
918 2729 984 2777 xutu
1006 2720 1211 2779 detrahentibus
1231 2717 1398 2774 destinatum
1419 2716 1602 2790 (dcccxxii,
1619 2719 1663 2784 tu,
1680 2719 1733 2784 ts).

76 2823 136 2863 succ
148 2805 741 2879 rocienssructum,mjussemeciuipscic
751 2805 886 2861 similitu·
1223 2803 1339 2863 CAPUT
1360 2803 1465 2862 xxut.

80 2895 169 2957 um
180 2895 217 2952 tu
229 2909 328 2951 rursus
338 2894 388 2949 :Et
398 2893 553 2951 mucosus
564 2910 570 2948 :
582 2893 833 2967 Producoutoquo
843 2910 883 2951 rc
974 2896 1026 2954 Sed
1040 2913 1073 2954 cx
1087 2893 1267 2970 sequentibus
1282 2901 1497 2970 argumentetur,
1518 2892 1582 2967 qnia
1604 2893 1734 2966 scriptum

85 2984 248 3054 mhoii'l)
257 2985 426 3041 animorum
436 2987 577 3050 uicorum,
585 2989 612 3043 ct
622 2984 883 3042 volutilioooiouliu
899 2995 920 3076 g
934 2985 993 3042 sit:
1015 2987 1100 3043 Terra
1122 2987 1221 3043 cutem
1235 2988 1297 3040 croi
1322 2982 1472 3041 inuisibilis
1487 2986 1515 3040 el
1536 2985 1733 3058 incoruporitc.

89 3084 171 3142 uper
181 3074 347 3146 trrrcmpcr
357 3073 573 3143 incorrectum
582 3072 655 3131 culi.
671 3074 827 3143 littorium
841 3075 884 3129 cst
937 3075 1004 3130 Nam
1017 3075 1136 3130 ettcrroe
1149 3071 1175 3111 ²³
1188 3085 1287 3129 nomen
1299 3070 1356 3139 (oa)
1368 3069 1464 3140 redigit
1478 3070 1504 3125 iu
1521 3070 1735 3146 materiamquia

87 3158 143 3214 sic.
153 3160 191 3215 st
204 3159 344 3229 {mium
359 3163 435 3218 celos
445 3178 572 3235 mopsos,
588 3165 617 3221 ci
628 3177 742 3219 omnem
751 3161 882 3217 ocimum
936 3172 1008 3220 terro
1025 3159 1060 3216 sit
1073 3169 1135 3231 que
1148 3157 1217 3215 iacta
1232 3159 1275 3213 cst
1289 3171 1326 3214 ex
1340 3154 1396 3212 illa.
1425 3156 1459 3211 tu
1471 3162 1535 3215 croi
1554 3156 1584 3214 in
1603 3158 1656 3215 hoc
1669 3159 1736 3217 diri-

82 3246 260 3305 amussi
273 3251 449 3322 repentium,
460 3266 523 3323 quoe
532 3249 825 3323 prosecutusque
834 3266 880 3307 sc·
935 3249 985 3322 git,
999 3247 1150 3322 quasique
1164 3261 1272 3318 semper
1286 3252 1360 3302 retro
1376 3241 1558 3301 iuoritinnuta
1576 3252 1603 3302 et
1621 3245 1734 3304 inlecto.

77 3330 211 3391 curtim
223 3349 316 3406 geom
336 3338 474 3410 ipsoram
489 3338 556 3395 lum
572 3346 636 3410 post
657 3339 733 3396 haec:
755 3340 790 3395 Et
803 3337 882 3396 dicit
935 3336 1082 3395 invisibilis
1098 3345 1187 3392 autem
1211 3341 1240 3391 et
1260 3331 1337 3392 rudis
1363 3331 1421 3406 (53)
1437 3372 1446 3404 ,
1462 3331 1525 3405 quia
1544 3331 1688 3391 informem
1708 3341 1738 3393 et

767 3434 864 3499 Varioe
885 3439 1041 3501 lectiones.

103 3536 141 3619 ,¹⁵
153 3536 216 3596 lion
229 3538 310 3598 dccci
324 3541 413 3600 theu.
443 3542 528 3600 Semi.
547 3543 637 3601 Olrcrt.
663 3541 687 3581 ¹⁶
700 3540 793 3598 videri
819 3557 855 3597 ex
874 3541 965 3615 aliquo
981 3542 1066 3600 Scml.
1085 3542 1176 3600 Obori.
1192 3542 1261 3599 tus.
1283 3541 1335 3614 leg.
1350 3548 1387 3613 ut
1394 3554 1465 3596 nunc
1482 3539 1570 3612 possit
1594 3538 1679 3597 uideri
1702 3556 1735 3598 ex

76 3610 103 3665 al
215 3608 239 3649 ¹²
267 3612 417 3671 Etsidccst
437 3615 521 3672 Scud
544 3613 657 3673 Obortis.
675 3614 699 3652 ¹³
725 3612 800 3670 Licet
820 3628 852 3670 ex
877 3615 963 3672 Secti.
995 3611 1140 3672 oberth.¹⁹
1168 3610 1322 3669 Fructificet
1350 3613 1436 3671 Semi.
1468 3611 1578 3671 Obcrtl.
1608 3612 1634 3651 ²⁰
1657 3610 1735 3669 Unde

76 3624 230 3739 mffioii'.
260 3683 364 3743 Wouw.
380 3685 472 3742 Lot.²¹
487 3685 648 3742 Existimarc
662 3686 723 3757 ilio·
747 3683 836 3743 ecod.
853 3687 962 3745 llioiou.
979 3685 1003 3724 ²²
1032 3684 1100 3755 Quae
1127 3698 1223 3744 omues
1246 3684 1309 3752 ciii,
1328 3687 1399 3743 teste
1425 3685 1493 3741 iuu.
1518 3683 1543 3722 ²³
1558 3683 1590 3739 Et
1613 3682 1640 3738 iu
1656 3691 1735 3741 terrae

77 3752 173 3813 liden-
191 3754 321 3826 coniicit.
338 3756 403 3812 iliu
419 3757 496 3816 dccci
511 3759 597 3815 Fron.
610 3757 701 3814 Puris.
719 3757 780 3831 Rip.

780 3826 1034 3894 Commentarius.

114 3931 178 4004 (55)
193 3935 232 3990 ut
247 3951 305 3993 nou
323 3936 506 4008 periclitetur
518 3950 554 3991 uc
572 3952 610 3992 ec
623 3936 728 4008 aliquo,
744 3940 795 3989 etc.
810 3933 886 3991 lianc
975 3936 1128 4006 (dilddoro
1139 3932 1733 4009 Scriptoresplenitudinemlleoeralionem

76 4003 250 4061 locutionem
263 4020 315 4075 per
332 4007 443 4062 verbum
463 4007 613 4080 periclitor
627 4006 706 4063 etiam
723 4005 789 4060 alibi
804 4021 886 4060 usur·
939 4007 1057 4076 aliquem
1085 4006 1212 4063 tribuisse
1239 4019 1315 4063 sucro
1344 4005 1428 4061 textui
1460 4013 1599 4061 auctorem
1627 4005 1701 4062 hunc
1726 4047 1734 4073 ,

75 4083 154 4149 pat,
182 4075 335 4133 imitatione
361 4079 538 4143 Graecorum,
577 4079 623 4149 qui
651 4078 734 4134 serbo
756 4076 886 4130 srutoseho
939 4076 1042 4132 nullum
1065 4084 1132 4149 puto
1146 4076 1263 4150 iorequi
1292 4083 1384 4146 neget,
1400 4075 1522 4148 quedam
1543 4082 1632 4133 tamen
1657 4077 1733 4148 prio-

75 4147 119 4203 aic
139 4152 266 4202 utuntur.
282 4148 341 4204 Nou
357 4148 530 4218 periclitatur,
559 4148 611 4206 hoc
641 4155 699 4213 est,
715 4147 802 4212 abest,
831 4164 885 4205 non
939 4147 1011 4218 cipia
1025 4149 1060 4203 de
1080 4162 1131 4204 sno
1151 4148 1178 4202 in
1200 4147 1358 4219 explicando
1373 4147 1509 4217 Scriptura
1521 4147 1588 4218 jacit
1605 4148 1736 4221 aquibus

75 4225 122 4273 eat
143 4216 308 4288 pericnlum.
701 4220 793 4276 husu.
940 4218 1098 4277 cauendum.
1116 4221 1153 4275 Lo
1168 4218 1217 4274 Pu.

113 4286 180 4361 (to)
194 4290 332 4355 fruticet,
353 4291 461 4364 iuquit,
471 4296 559 4360 terro,
574 4290 697 4356 lucrium,
708 4298 760 4346 etc.
773 4289 818 4345 Sic
834 4289 883 4344 ite·
976 4291 1032 4360 (50)
1049 4291 1195 4348 Arbitrum
1205 4291 1325 4347 rectoris
1340 4291 1453 4346 icocuio
1474 4305 1642 4349 sermonem.
1659 4289 1736 4347 Scri·

76 4376 145 4415 rum
160 4358 278 4428 legimus
292 4369 348 4418 tour
364 4361 419 4429 liic,
435 4368 489 4417 tum
510 4361 580 4416 inira
603 4376 627 4416 c.
645 4365 690 4430 29,
706 4377 738 4416 ex
757 4358 882 4415 admoui·
899 4333 923 4413 ὓ
937 4361 1069 4430 bendum,
1085 4365 1114 4416 ul
1134 4369 1174 4417 est
1202 4361 1229 4415 in
1243 4359 1337 4415 codiee
1352 4362 1375 4415 t>
1391 4360 1525 4416 ivioneosi
1542 4377 1548 4415 :
1568 4362 1736 4420 «Arbitrum

76 4431 162 4486 tione
176 4430 282 4496 latinii,
301 4447 349 4501 pro
369 4431 492 4504 eoquod
518 4433 666 4489 Rhenanus
694 4432 887 4496 substituerat,
943 4432 1054 4489 factoris
1068 4430 1177 4489 invenio
1191 4444 1355 4487 sermonem.
1371 4449 1383 4480 r
1401 4430 1465 4486 liro.

75 4501 253 4573 fructificet,
267 4501 350 4574 idque
363 4517 397 4559 eo
411 4504 506 4575 magis,
522 4504 594 4575 quod
608 4519 660 4560 vox
675 4502 772 4561 Graeca
786 4503 889 4573 βλαστη-
978 4504 1037 4576 (51)
1059 4506 1099 4561 l'oe
1112 4502 1186 4559 illud
1201 4501 1410 4573 adjicientibus,
1426 4510 1477 4556 etc.
1495 4500 1737 4569 SecrseScripturae

75 4592 155 4627 οιτω
179 4572 333 4642 germinare
357 4581 384 4630 et
407 4573 549 4631 fructicare
578 4573 712 4646 significet
735 4588 789 4629 non
813 4573 889 4628 irno-
942 4575 1043 4632 rddere
1056 4577 1098 4632 vel
1112 4574 1254 4630 detrahere
1268 4587 1373 4628 summa
1387 4580 1458 4626 esset
1481 4571 1602 4627 audacia.
1633 4573 1734 4628 Verum

76 4642 202 4709 dome,
216 4644 352 4715 quomodo
369 4645 450 4702 etiam
465 4660 547 4703 voces
559 4646 673 4702 Hehraea
693 4652 720 4700 et
743 4645 878 4703 chaldea.
944 4645 1017 4703 illius
1031 4646 1226 4717 interpretatio,
1243 4659 1297 4700 non
1320 4658 1352 4699 ex
1381 4640 1591 4697 homuncionum
1611 4643 1734 4710 cerebro,

73 4712 198 4772 iloctius
211 4724 301 4770 antem
329 4717 410 4772 vertit
436 4723 530 4774 aucmr
560 4717 670 4788 liguum
690 4719 879 4788 fructuosum,
931 4720 979 4772 sed
994 4734 1027 4774 ex
1042 4716 1171 4774 Ecclesiae
1186 4715 1294 4788 placitis
1307 4723 1334 4771 et
1353 4713 1403 4770 SS.
1428 4712 1537 4767 Petrum
1559 4712 1731 4770 lucubratio·

73 4798 184 4915 ffieo
205 4788 277 4857 qood
306 4787 401 4843 ttrece
427 4797 469 4845 est
497 4790 631 4860 κάρπιμον,
659 4804 739 4862 quam
771 4788 882 4845 Latinus
934 4789 1015 4845 nibus
1037 4795 1139 4846 lautum
1161 4788 1279 4844 eruendo
1298 4790 1349 4844 est.
1374 4782 1452 4856 Quod
1470 4782 1579 4852 adjicio,
1594 4791 1626 4840 ut
1648 4784 1737 4840 heere·

173 4855 307 4929 interpres
317 4857 504 4931 pomiferum.
520 4862 589 4917 Pers.
934 4861 1048 4917 ticorum
1075 4859 1216 4932 protervire
1252 4858 1347 4916 obrius
1368 4869 1530 4927 occurram,
1557 4855 1605 4931 qui
1632 4871 1665 4916 ex
1684 4855 1739 4912 hoo

111 4926 180 4998 (tu)
192 4929 594 5004 Producoutoqurercpcutiu.
611 4930 715 4987 Putavit
729 4929 787 4985 sine
801 4927 884 4984 dubio
935 4931 995 4988 loco
1010 4930 1112 5001 aliquid
1127 4946 1223 4988 eruere
1251 4944 1333 5002 posse
1357 4928 1498 4987 crederent
1523 4928 1558 4984 ad
1584 4927 1737 4986 iatuitatum

74 4998 182 5057 metim
205 4998 283 5055 reddi
320 5001 444 5073 repentia
468 5001 556 5073 ἑρπετά
584 5018 663 5072 ouum
697 5001 825 5070 reptilia,
854 5009 884 5056 ut
936 5003 1098 5059 subsidium.
1114 5002 1154 5058 Lu
1170 5004 1219 5057 Pu.

74 5070 169 5128 codex
183 5070 324 5144 vulgatos,
344 5087 495 5146 quanquam
525 5074 623 5131 melius
648 5081 770 5145 putarem
799 5072 883 5143 cepti·
973 5074 1031 5145 (tit)
1044 5075 1115 5132 Nom
1129 5080 1158 5132 ct
1171 5077 1256 5131 tcrroe
1270 5087 1384 5131 nomeu.
1402 5070 1517 5153 Propius
1547 5070 1591 5128 hic
1618 5072 1737 5129 Hermo-

75 5142 123 5199 iic.
141 5142 185 5198 ιι
201 5143 252 5198 Pa.
938 5146 1014 5272 genis
1036 5160 1156 5202 errorem
1180 5145 1265 5218 tangit
1279 5185 1288 5209 ,
1303 5146 1383 5214 cuius
1396 5143 1531 5216 originem
1550 5159 1582 5199 ex
1602 5158 1635 5201 eo
1653 5145 1740 5201 inisse

111 5212 180 5287 (ts)
193 5217 235 5297 llo
248 5215 318 5297 culo
332 5221 359 5274 ct
374 5213 408 5272 dc
422 5219 511 5287 terro,
531 5227 583 5272 etc.
593 5214 622 5270 td
638 5223 681 5271 sat
690 5215 808 5294 Spiritus
821 5230 885 5270 son-
957 5226 1025 5286 ocet,
1040 5217 1114 5290 quod
1128 5232 1176 5288 per
1203 5221 1287 5274 lcrroe
1310 5230 1409 5272 nomen
1436 5215 1576 5272 materiam
1599 5213 1738 5290 designari

75 5294 151 5353 etus,
166 5300 215 5356 qut
237 5287 299 5345 ooelr
320 5302 419 5343 arcana
441 5302 491 5369 uos
520 5289 653 5354 docebat,
676 5293 827 5344 monuisset
851 5286 885 5369 tic
937 5288 1124 5348 crederetis
1141 5290 1189 5344 Pu.
1418 5359 1423 5369 ι
1496 5358 1502 5371 ⁸
1696 5360 1701 5370 ι

76 5359 151 5438 ecclc
166 5371 253 5443 equo
267 5375 314 5416 res
327 5367 427 5415 creatae
450 5357 571 5416 luissent.
597 5358 673 5413 idem
687 5373 795 5430 quoque
806 5359 887 5441 Spr-
975 5362 1033 5432 (53)
1043 5361 1195 5448 irrisibilis
1209 5363 1307 5417 cutem
1320 5357 1446 5441 sirudis.
1469 5359 1581 5415 Duxerat
1595 5357 1738 5448 modorc-

77 5426 351 5561 :cithii
372 5433 886 5573 i:“ttt‘¹lttitii⁰²lmtitti
939 5428 1747 5572 ((5555))35555((5055555555)ῗὶ

79 5569 121 5631 ῑι
137 5571 192 5629 l’a.
941 5575 1236 5647 Rudisiudiocstopuc
1254 5571 1350 5629 moles.
1368 5571 1406 5630 hs
1422 5571 1470 5627 Pu.
