3840 6134
98 304 154 366 tus
445 299 667 362 vssivbtbiirii
684 299 817 361 ursiuli
838 299 921 361 vitis

946 300 979 360 ll.
999 331 1035 345 ·-
1052 298 1165 361 stillis
1184 302 1204 368 l,
1226 300 1397 361 rotthrud.
1694 302 1748 363 tot

97 432 211 487 busson
221 427 346 486 omnibus
356 438 500 502 utrumque
509 429 614 485 adesse.
624 427 759 501 Pleraque
772 428 844 482 enim
853 443 892 482 vi·
908 441 931 520 Α
946 428 1176 500 quemadmodum
1190 436 1217 484 et
1238 427 1368 485 incedunt
1390 428 1514 501 quaedam
1534 426 1594 485 sine
1623 428 1748 499 pedibus,

96 534 163 577 vere
176 517 357 587 solummodo,
371 532 427 575 non
439 519 517 574 etiam
528 517 641 590 spirare,
653 517 767 589 eoquod
779 531 833 573 non
843 518 892 572 ba-
946 525 1073 575 manante
1087 518 1198 589 impetu,
1208 516 1413 590 quodaugues3
1430 525 1457 573 et
1466 517 1623 587 insurgente
1637 526 1747 583 conatu,

95 610 176 665 beant
186 622 289 680 organa
298 607 419 679 spiritus,
429 607 571 679 pulmones
581 614 609 663 et
619 605 836 674 arteriasQualc
851 613 893 662 sst

96 695 231 766 autem,in
247 696 444 752 examinatione
453 696 578 752 humanae
588 696 693 762 anirnae,
704 695 795 751 culicis
810 704 892 767 atquo

97 785 214 842 lormicae
223 793 384 859 argumenta
398 786 556 857 respicere?
568 784 677 854 quando
692 794 719 841 et
728 784 826 854 vitalia,
843 800 892 854 pro

97 876 227 946 cujusque
240 874 347 945 generis
360 873 545 946 dispositione,
561 872 686 928 omnibus
704 872 816 946 propria
830 872 892 929 ani-

97 964 214 1019 malibus
229 963 388 1036 temperavit
397 963 494 1020 artilex
511 964 592 1028 onus,
608 970 638 1018 ut
653 962 727 1018 nulla
741 962 805 1018 iude
824 978 891 1019 con·

96 1054 201 1124 iectura
215 1052 346 1125 capiunda
360 1053 404 1109 sii.
413 1053 480 1109 Nam
489 1068 577 1124 neque
586 1053 709 1121 homo,si
720 1051 895 1122 pulmonibus

95 1150 123 1198 et
137 1141 244 1199 arteriis
257 1149 374 1199 structus
390 1149 441 1211 est,
458 1141 557 1198 idcirco
573 1140 684 1198 aliunde
703 1140 826 1212 spirabit,
842 1140 892 1195 ali-

98 1230 253 1290 undevivet
268 1249 275 1288 :
292 1247 383 1302 usque
401 1229 525 1295 formica,
546 1228 568 1284 si
587 1229 715 1285 membris
735 1228 896 1299 huiusmodi
924 1246 928 1252 ·

96 1327 179 1386 ciret,
190 1318 294 1375 idcirco
304 1318 447 1392 negabitur
455 1318 569 1390 spirare,
582 1318 661 1390 quasi
675 1318 846 1375 solummodo
855 1316 896 1374 vi·

96 1422 172 1463 vens.
193 1406 242 1463 Cui
251 1422 317 1463 vcro
332 1415 434 1463 tantum
446 1407 533 1478 patuit
547 1407 573 1461 in
589 1408 646 1465 Deo
660 1423 754 1480 opera,
769 1415 799 1463 ut
813 1404 895 1462 alicui

96 1497 155 1554 bisc
168 1497 262 1552 deesse
280 1497 505 1569 praesumpscritl
525 1497 688 1567 Heropbilus
701 1497 755 1563 ille,
772 1494 896 1552 medicus

95 1593 141 1641 aut
158 1583 246 1642 lunius
265 1585 331 1655 (60),
345 1585 391 1656 qui
406 1591 549 1640 sexcentos
571 1583 693 1641 exsecuit
722 1593 752 1641 ut
771 1591 894 1640 naturam

946 607 1018 679 quod
1032 622 1138 665 vermes
1150 624 1156 676 ;
1169 614 1196 664 et
1205 616 1348 676 spumante
1362 614 1466 677 reptatu
1475 606 1549 675 quod
1560 605 1672 662 limaces
1679 606 1761 678 (55).-

946 695 986 749 lta
999 701 1025 749 et
1037 693 1132 764 spirari
1146 709 1196 749 cur
1209 708 1264 749 uon
1277 703 1359 766 putes
1374 693 1433 748 sine
1444 693 1605 765 pulmonum
1619 692 1747 754 follibus,

946 791 973 839 et
982 783 1042 838 sine
1055 781 1152 838 tistulis
1165 780 1352 839 arteriarum?
1367 793 1396 838 ut
1410 798 1459 853 pro
1478 797 1578 854 magno
1592 783 1747 854 amplecta-

948 872 987 927 ris
999 879 1170 944 argumento,
1185 871 1287 929 idcirco
1302 871 1400 927 animan
1419 873 1544 927 humanae
1559 870 1685 943 spiritum
1701 886 1747 928 ac·

947 962 1053 1027 cedere,
1068 960 1132 1033 quia
1147 961 1202 1018 sint
1216 977 1277 1032 quae
1291 960 1388 1032 spiritu
1402 970 1527 1029 careant;
1547 968 1573 1018 et
1594 960 1696 1018 idcirco
1716 979 1748 1020 ee

948 1049 1046 1121 spiritu
1060 1065 1162 1121 carere,
1176 1048 1239 1122 quia
1254 1049 1423 1107 flaturalibus
1435 1050 1550 1106 acubus
1568 1057 1671 1108 structa
1691 1066 1746 1108 non

948 1138 1009 1194 sint.
1027 1138 1123 1194 Vivere
1137 1138 1195 1195 sine
1211 1137 1306 1209 spiritu
1321 1138 1458 1195 existimas
1468 1137 1580 1210 aliquid,
1595 1139 1701 1210 spirare
1714 1140 1747 1196 si-

948 1244 983 1282 ne
999 1226 1172 1297 pulmonibus
1187 1242 1241 1283 non
1254 1226 1431 1299 putaleuid
1441 1239 1491 1296 esi,
1507 1230 1604 1293 orote,
1619 1230 1747 1299 spirare?

949 1318 1064 1383 ilatum,
1082 1317 1189 1386 opinor,
1207 1333 1240 1373 ex
1260 1316 1406 1388 semetipso
1420 1331 1512 1387 agere.
1535 1314 1606 1384 Quid
1624 1325 1666 1374 est
1692 1332 1748 1374 nori

947 1403 1057 1463 vivere?
1085 1405 1200 1469 Plutum,
1215 1405 1323 1476 opinor,
1345 1419 1378 1459 ex
1405 1406 1550 1476 semetipso
1578 1420 1634 1461 non
1651 1422 1747 1481 agere.

949 1494 1007 1548 lloo
1032 1492 1103 1549 enim
1132 1493 1297 1562 respondere
1331 1494 1429 1562 debeo,
1457 1494 1480 1550 si
1503 1510 1559 1550 uon
1594 1496 1667 1551 idem
1705 1506 1749 1555 est

948 1581 1052 1650 spirare
1066 1580 1140 1652 quod
1159 1581 1260 1638 vivere.
1275 1582 1330 1638 Sed
1346 1581 1444 1639 mortui
1464 1581 1515 1637 erit
1531 1598 1586 1640 non
1600 1600 1684 1656 agere
1698 1583 1749 1639 lla-

95 1679 268 1740 scrutaretur,
290 1673 336 1744 qui
358 1673 494 1729 bominem
520 1670 589 1729 odiit
611 1679 642 1728 ut
670 1679 773 1740 nosset,
800 1672 894 1729 nescio
948 1675 1097 1740 immerge
1111 1668 1225 1728 viventis
1239 1680 1280 1726 est
1293 1685 1375 1743 agere
1390 1669 1494 1727 ilatum.
1509 1671 1599 1728 Sedet
1617 1672 1748 1742 spirantis

95 1777 130 1817 an
143 1762 237 1818 omnia
249 1760 357 1818 interna
371 1760 430 1829 ejus
439 1759 545 1831 liquido
557 1759 721 1830 exploravit,
732 1759 792 1831 ipsa
806 1768 894 1817 morte
910 1720 933 1798 Β
947 1763 989 1812 cst
999 1772 1082 1831 agere
1089 1755 1183 1813 ilatum
1195 1776 1201 1812 :
1214 1772 1280 1831 ergo
1294 1766 1322 1814 et
1335 1757 1440 1830 spirare
1450 1757 1564 1815 viventis
1573 1767 1624 1816 est.
1635 1761 1745 1819 Utrum·

96 1852 216 1908 mutante
229 1865 290 1921 quae
303 1848 436 1912 vixerant,
454 1855 480 1904 ct
502 1855 592 1904 morte
612 1864 666 1905 uon
693 1848 821 1920 simplici,
846 1847 894 1906 sed

96 1939 238 2011 ipseinter
250 1935 364 1993 artificia
384 1935 549 1994 exsectionis
567 1945 674 1994 errante
703 1937 772 2009 (61).
798 1937 894 1993 Philo-

97 2027 176 2099 sophi
195 2039 245 2098 pro
258 2031 332 2082 certo
346 2026 580 2093 renuntiaverunt,
590 2025 722 2083 culicibus
736 2035 763 2084 et
777 2027 895 2085 formicis

95 2118 122 2172 et
136 2111 217 2169 tineis
230 2112 327 2168 deesse
339 2111 483 2184 pulmones
498 2120 525 2169 et
548 2113 670 2169 arterias.
693 2113 740 2170 Dic
757 2113 831 2181 mibi,
850 2114 893 2169 iri-

96 2211 203 2274 spector
211 2199 830 2274 curiosissime,ooutosbabentadgvidendum‘r
843 2206 894 2259 at-

94 2290 161 2365 quin
178 2298 206 2346 et
221 2278 337 2362 pcr'gunt
356 2304 409 2359 quo
424 2289 529 2358 volunt,
552 2298 579 2345 et
606 2291 692 2348 vitant
714 2299 741 2346 et
764 2291 895 2363 adpetunt

95 2397 155 2453 quae
171 2379 288 2436 videndo
306 2377 412 2447 sciunt;
427 2377 542 2451 designa
556 2378 661 2445 oculos,
679 2379 779 2454 denota
799 2395 894 2451 pupu-

93 2470 142 2526 las.
158 2468 212 2524 Sed
235 2474 261 2523 et
274 2467 392 2524 exedunt
414 2466 503 2536 tiueae;
532 2467 690 2523 demonstra
709 2467 892 2541 mandibulas,

94 2560 129 2626 ⁴⁵,
141 2558 270 2628 deprome
285 2557 429 2631 genuinos.
445 2556 533 2613 Sedet
542 2565 689 2628 personant
704 2558 813 2625 culices,
824 2575 857 2616 ne
865 2559 893 2616 in

97 2647 214 2704 tenebris
227 2648 335 2719 quidem
351 2645 455 2702 aurium
476 2646 542 2702 caeci
565 2646 642 2718 (62):
678 2647 769 2703 tubam
793 2650 895 2720 pariter

97 2744 124 2792 ct
138 2736 260 2792 lanceam
275 2736 333 2808 (63)
343 2734 398 2792 oris
412 2735 483 2791 illius
495 2735 621 2793 ostende:
636 2734 758 2806 Quodvis
781 2737 894 2805 animal,

98 2817 176 2875 unius
193 2818 255 2875 licet
268 2818 371 2890 puncti,
387 2817 478 2890 aliquo
496 2818 586 2875 alatur
600 2832 710 2877 deosne
720 2829 775 2889 est;
789 2821 888 2878 exhibo

99 2905 191 2977 pabuli
233 2905 441 2974 transmittendi,
489 2905 657 2977 decoquendi
689 2906 895 2980 delaecandique

949 1860 1004 1918 que
1021 1845 1044 1901 si
1062 1843 1120 1901 sine
1142 1846 1232 1905 animi
1251 1847 1397 1903 decurrere
1419 1848 1562 1917 potuisset,
1582 1848 1751 1906 consuisset

948 1932 1042 1991 animae
1050 1934 1164 2005 spirare,
1176 1934 1226 1991 sed
1232 1935 1403 1993 solummodo
1412 1935 1513 1992 vivere.
1525 1938 1560 1992 dt
1569 1936 1642 1992 enim
1655 1937 1749 1996 vivero

948 2021 1052 2093 spirare
1065 2030 1117 2088 est,
1132 2030 1159 2078 et
1175 2022 1278 2094 spirare
1291 2022 1382 2099 visere
1404 2031 1454 2079 est.
1482 2023 1555 2098 Ergo
1578 2032 1664 2082 totum
1683 2026 1746 2095 hoo,

948 2119 975 2168 et
993 2110 1097 2181 spirare
1112 2119 1139 2167 et
1152 2110 1254 2178 vivere,
1270 2111 1331 2181 ejus
1345 2122 1397 2182 est,
1413 2113 1493 2182 cuius
1513 2122 1541 2170 et
1551 2115 1652 2181 vivere,
1662 2115 1690 2170 id
1706 2123 1750 2172 est

949 2200 1055 2258 animae.
1069 2199 1205 2271 Denique,
1226 2200 1249 2255 si
1263 2215 1372 2270 separas
1387 2200 1511 2271 spiritum
1540 2210 1566 2258 et
1591 2201 1746 2270 animadv,

949 2304 1045 2358 separa
1058 2295 1085 2343 et
1108 2303 1212 2358 opera:
1236 2295 1318 2360 agant
1336 2288 1364 2342 iri
1383 2289 1502 2346 discreto
1524 2290 1625 2362 aliquid
1654 2292 1746 2360 ambo,

949 2393 1072 2434 seorsum
1087 2375 1187 2443 anima,
1198 2390 1319 2432 seorsum
1329 2377 1454 2447 spiritus:
1469 2378 1558 2434 anime
1577 2380 1636 2436 sine
1649 2381 1747 2453 spiritu

947 2465 1028 2534 vivat,
1043 2462 1154 2535 spiritus
1167 2462 1225 2519 sinc
1239 2462 1329 2519 anima
1351 2465 1456 2536 spiret;
1480 2467 1593 2523 alterum
1613 2467 1749 2543 relinquat

948 2568 1072 2627 corpora,
1084 2549 1216 2609 alternum
1230 2560 1458 2619 remaneat,mors
1473 2563 1499 2611 et
1513 2555 1566 2613 viia
1575 2557 1746 2615 conveniant.

948 2644 975 2700 Si
991 2642 1063 2698 enim
1073 2642 1128 2698 duo
1142 2649 1214 2710 sunt,
1229 2642 1360 2698 animast
1374 2644 1497 2713 spiritns,
1512 2644 1596 2701 dividi
1620 2657 1745 2718 possunt,

948 2743 977 2789 ut
989 2732 1121 2790 divisione
1131 2744 1234 2802 corum,
1255 2722 1366 2788 alterius
1380 2731 1553 2800 discedentis,
1569 2733 1684 2790 alterius
1693 2735 1746 2791 im·

949 2819 1091 2888 manentis,
1112 2818 1207 2875 mortis
1229 2827 1256 2875 et
1274 2819 1336 2876 vitas
1364 2835 1515 2877 concursus
1543 2821 1660 2879 eveniat.
1689 2823 1742 2880 Sed

948 2909 1024 2965 nullo
1038 2908 1119 2964 modo
1133 2907 1239 2964 eveniet
1256 2926 1263 2962 :
1278 2923 1345 2983 ergo
1368 2910 1422 2965 duo
1437 2918 1594 2976 nonerunt,
1617 2926 1679 2982 quas
1700 2911 1743 2968 di·

97 2995 228 3049 membra.
252 2992 323 3062 Quid
345 3008 411 3067 orgo
427 2993 572 3050 dicemus?
588 2994 617 3049 Si
635 3010 683 3067 per
703 2997 762 3053 haec
783 2997 892 3063 vivitur,
910 2997 1002 3080 ovidi
1016 3011 1070 3052 non
1085 3006 1216 3068 possunt;
1239 3013 1300 3068 quae
1323 2996 1406 3054 dividi
1422 3007 1544 3071 possent,
1569 3000 1593 3055 si
1618 2999 1743 3057 luissent.

96 3081 243 3139 oruntbaec
260 3081 290 3137 in
307 3081 433 3138 omnibus
453 3082 545 3155 utique
559 3099 620 3156 quae
637 3083 742 3153 vivunt,
758 3085 810 3141 etsi
838 3101 892 3143 non

95 3169 231 3239 videntur,
240 3169 291 3226 etsi
304 3184 359 3226 non
373 3169 614 3242 adprehenduntur
630 3186 677 3242 pro
692 3173 892 3230 mediocritate:

95 3260 146 3317 boc
161 3259 250 3331 mags
262 3259 367 3328 credas,
383 3259 406 3316 si
425 3261 511 3317 Deum
526 3261 662 3334 recogites
684 3271 788 3319 mutum
803 3263 893 3319 artili-

95 3364 155 3405 cem
170 3349 198 3405 in
212 3347 324 3406 modicis
333 3349 402 3422 (dl),
418 3358 548 3422 quantum
559 3357 585 3405 et
594 3349 623 3406 in
637 3351 772 3407 maximis.
788 3352 817 3407 Si
828 3368 894 3408 voro

47 3503 49 3507 ¹
95 3453 148 3493 boii
163 3445 350 3510 putascspcre
367 3445 421 3494 tam
437 3437 539 3494 minuta
558 3440 718 3511 corpuscula
741 3440 792 3497 Dei
805 3439 894 3498 668

94 3526 245 3598 ingenium,
261 3527 300 3583 sic
314 3541 424 3598 quoque
435 3526 662 3599 magnificentiam
674 3529 735 3597 ejus
748 3543 893 3601 agnoscas,

94 3615 167 3686 quod
181 3612 297 3670 modicis
310 3612 484 3680 animalibus,
499 3613 559 3669 sine
582 3614 741 3671 necessariis
765 3617 894 3673 membris

94 3702 269 3760 nibilominus
283 3703 374 3760 vivere
389 3701 555 3770 instruxerit,
572 3701 646 3759 salvo
660 3702 740 3757 etiam
760 3703 821 3760 visu
835 3706 893 3762 sirie

95 3790 192 3860 oculis,
207 3798 234 3846 st
248 3805 297 3846 esu
312 3791 369 3845 sine
379 3787 533 3853 denticulis,
555 3797 582 3845 et
593 3788 700 3862 digestu
715 3792 774 3848 sine
789 3793 891 3849 alveisz

946 3085 1000 3141 Sed
1023 3084 1085 3142 licet
1100 3093 1126 3142 et
1144 3085 1200 3142 duo
1215 3100 1275 3141 osse
1288 3094 1424 3142 concreta.
1456 3086 1509 3143 Sed
1523 3102 1579 3144 non
1606 3096 1686 3145 erunt
1718 3086 1744 3129 *Ἴ

948 3180 1084 3241 concreta,
1100 3173 1123 3228 si
1136 3173 1257 3229 aliudest
1270 3172 1370 3240 vivere,
1387 3172 1460 3231 aliud
1471 3175 1583 3247 spirare.
1598 3176 1745 3251 Distingu-

948 3268 996 3317 unt
1009 3260 1171 3316 substantias
1181 3276 1262 3332 opera
1278 3278 1284 3316 :
1300 3269 1326 3317 et
1336 3270 1437 3333 quanto
1447 3279 1520 3318 nunu
1534 3262 1700 3331 firmiusest,
1716 3276 1747 3323 ut

948 3367 1032 3408 unum
1043 3348 1130 3407 664
1144 3351 1251 3419 credas,
1262 3367 1324 3408 cum
1339 3350 1495 3408 distantiam
1512 3367 1566 3410 non
1581 3352 1641 3420 das,
1658 3353 1748 3425 utipsa

947 3439 981 3496 sit
996 3438 1084 3495 anima
1098 3439 1219 3511 spiritus,
1235 3439 1300 3495 dum
1315 3441 1398 3512 ipsius
1413 3449 1455 3497 est
1478 3441 1589 3512 spirare,
1616 3443 1697 3511 cujus
1720 3451 1748 3500 et

947 3527 1050 3585 viverel
1067 3525 1138 3597 Quid
1153 3527 1235 3593 enim,
1248 3528 1270 3582 si
1283 3528 1354 3585 diem
1369 3529 1444 3585 aliud
1459 3531 1560 3587 habere
1576 3531 1655 3597 velis,
1672 3530 1746 3587 aliud

947 3615 1035 3671 lucem
1046 3628 1107 3686 quae
1123 3616 1305 3675 accidstdiei‘l
1323 3633 1384 3673 curn
1398 3617 1457 3673 dies
1467 3620 1526 3689 ipsa
1539 3619 1584 3673 lux
1603 3619 1648 3675 sit.
1664 3618 1748 3676 Plane

947 3712 1026 3762 erunt
1039 3711 1067 3760 et
1079 3704 1131 3759 alia
1142 3721 1242 3776 genera
1256 3705 1332 3776 lucis,
1349 3715 1379 3763 ut
1399 3723 1432 3763 ex
1460 3708 1563 3780 ignium
1582 3708 1743 3766 ministerio.

946 3791 1032 3848 Erunt
1046 3792 1119 3849 enim
1134 3801 1160 3849 et
1174 3794 1232 3849 aliae
1247 3795 1365 3867 *spiritus
1381 3798 1495 3867 specics,
1520 3806 1550 3854 ut
1573 3812 1607 3853 ex
1622 3799 1691 3869 Deo,
1716 3805 1747 3853 ut

784 3889 879 3953 Variae
901 3895 1058 3954 lectiones.

130 3981 391 4040 ⁴⁵blandibulacli'i.
402 3983 427 4022 ⁴⁶
440 3983 579 4053 Spiritum,
599 3995 720 4042 natiiraru
744 3987 832 4046 liberi.
848 3989 872 4027 ’Ἰ
883 3987 951 4056 Quae
965 3987 1019 4043 div.
1035 4002 1108 4057 poss.
1128 3989 1151 4045 si
1168 3989 1188 4044 s.
1205 3989 1258 4046 Sed
1272 3990 1292 4045 l.
1308 3998 1334 4047 et
1347 3991 1374 4049 d.
1388 4007 1413 4050 c.
1429 3990 1480 4048 Sed
1499 4008 1526 4047 n.
1548 4001 1630 4050 crunt
1645 3995 1743 4051 omitt.

95 4057 176 4111 Pom·
196 4069 232 4113 cc
258 4054 381 4113 Gclcm‘o.
392 4054 481 4113 Dividi
499 4070 552 4112 non
567 4067 688 4129 possent,
704 4065 730 4116 et
745 4058 868 4127 luissent,
884 4060 933 4116 sed
947 4059 1074 4117 licetduo
1089 4075 1150 4118 esse
1160 4070 1301 4130 concreta,
1315 4070 1380 4130 eto,
1399 4064 1547 4135 coquens.

787 4157 1025 4221 Commentarius
1039 4204 1046 4219 .

95 4233 159 4289 bant
172 4232 244 4315 enim
259 4233 312 4314 hoc
335 4240 415 4304 pacto
444 4231 559 4318 animam
584 4234 720 4318 sipiritu,
745 4235 801 4292 sive
832 4236 894 4314 ιιι·
910 4252 932 4330 ss
949 4237 1023 4322 ribus
1039 4236 1142 4320 infesti.
1157 4238 1213 4294 Has
1231 4237 1401 4309 potissimum
1415 4247 1545 4312 appetunt
1566 4243 1639 4300 tubae
1654 4252 1746 4301 uuon-

95 4319 169 4360 mam
184 4303 252 4360 nihil
265 4304 339 4361 aliud
353 4319 437 4386 quani
460 4313 587 4376 spiritum
611 4307 737 4364 dmebant
759 4322 809 4364 seu
824 4324 893 4364 ven·
948 4309 1038 4365 lentiae
1051 4309 1164 4380 spiculo.
1182 4310 1246 4369 llis.

95 4383 161 4432 turn.
179 4374 275 4430 Anima
293 4391 369 4447 quasi
398 4376 484 4447 ἄνεμος
503 4377 651 4434 secundum
674 4379 822 4448 Isidorum,
843 4379 891 4435 lib.

95 4462 114 4502 ii
142 4447 214 4528 θήρ,
226 4446 350 4502 Patribus
363 4463 418 4507 uoii
431 4448 495 4504 item
508 4447 609 4519 placuit
621 4449 669 4504 illa
683 4450 761 4519 ratio,
779 4451 828 4506 sed
841 4449 892 4507 lri·

95 4516 159 4574 volo
172 4532 228 4575 visa
242 4527 292 4575 est.
310 4520 349 4575 bs
364 4520 413 4574 Pii.

125 4588 265 4660 (bdlllcro
281 4591 890 4660 bilosillc‚mcdicicsautlaniosduatomia,

95 4676 157 4733 quae
168 4671 197 4718 et
208 4607 322 4718 celcius
332 4678 482 4747 magnoque
502 4665 528 4718 in
552 4664 641 4733 pretio
656 4663 704 4717 luit
719 4664 791 4734 apud
804 4663 893 4718 ethni·

95 4746 153 4798 cos,
169 4732 334 4790 auctoribus
349 4733 507 4790 Christianis
519 4734 583 4790 odio
596 4749 678 4805 quom
693 4735 811 4791 maximo
830 4733 892 4790 atfi-

94 4801 226 4860 ciebatnr.
246 4802 375 4872 Quamvis
399 4805 443 4861 hic
467 4804 566 4861 dictum
594 4805 696 4859 lanium
718 4804 893 4878 Herophilum

95 4881 210 4943 constet,
225 4877 296 4945 quod
319 4873 395 4930 vivos
418 4874 543 4932 homines
570 4875 726 4933 dissecaret.
751 4877 782 4932 ld
802 4884 892 4932 autem

95 4945 191 5001 solitos
205 4943 292 5000 lacere
306 4945 508 5009 Erasistratum,
529 4945 650 5003 Dioclem
666 4954 693 5002 et
716 4949 892 5020 Herophilum

95 5015 174 5072 docet
184 5014 313 5070 Claudius
322 5013 480 5071 Galamviir
488 5017 521 5074 dc
531 5018 608 5073 Ploc.
616 5021 645 5075 ct
655 5033 674 5073 ii
685 5020 769 5077 Anci.
781 5020 890 5076 admira.

95 5084 223 5166 l’oenituit
236 5086 336 5166 saeculo
350 5085 471 5156 proximo
484 5088 577 5158 elapso
604 5088 694 5146 virum
713 5092 846 5146 eruditum
866 5099 894 5147 et

95 5163 251 5213 anatomicos
265 5172 305 5213 rei

95 5243 156 5284 nem
170 5227 304 5284 anatomia

94 5297 224 5369 sapitbs
241 5298 288 5356 Pii.

131 5368 188 5440 (bl)
204 5370 256 5428 Sed
270 5372 333 5444 ipsu
353 5372 430 5428 inter
450 5371 572 5455 artificia
587 5376 757 5432 exsectionis
765 5378 891 5432 marite.

94 5441 189 5512 ltaque
202 5442 282 5500 etiarn
301 5443 377 5499 vivos
397 5443 557 5514 lieropbrlus
571 5443 753 5504 illelaniabat.
773 5444 837 5501 llic.

131 5513 189 5584 (oi)
204 5514 243 5570 Nc
256 5517 287 5571 ia
299 5513 420 5572 tenebris
429 5517 542 5588 quidem
553 5518 755 5575 comuincoeci.
768 5515 856 5571 Etiam
865 5515 892 5571 in

95 5584 217 5642 mncbris
235 5585 392 5646 discernunt
412 5601 503 5648 aures.
522 5589 590 5644 Nam
604 5597 667 5645 sunt
680 5585 831 5659 presertim
846 5603 892 5645 ati-

324 5156 520 5283 feritissimum
536 5158 670 5215 llcsalium
693 5161 784 5218 vivum
802 5161 891 5218 homi·

335 5242 469 5300 acarasse,
494 5229 522 5284 id
543 5230 613 5285 enim
639 5231 819 5289 Christianum
839 5248 893 5288 non

983 4379 1746 4457 (6³)Tabuinpuritcrcllanceam.Sichabetexemplar

947 4451 1096 4523 dgobardi.
1112 4454 1198 4508 Antea
1221 4452 1361 4526 legebatur
1388 4455 1544 4520 liianccom,
1569 4456 1742 4526 depravatis·

947 4522 1024 4577 sime.
1040 4521 1078 4578 Os
1095 4523 1192 4579 culicis
1206 4525 1268 4579 tuba
1286 4533 1328 4578 est
1341 4526 1441 4594 pariter
1463 4535 1489 4580 et
1507 4528 1609 4583 lancea.
1630 4528 1743 4595 Plinius,

946 4597 1013 4660 ιιι,2
1029 4611 1036 4651 ;
1050 4614 1065 4647 ι
1080 4591 1139 4662 Qua
1152 4593 1412 4665 subtilitatepennas
1422 4596 1561 4661 adnexuit,
1573 4600 1746 4681 praelongsve

948 4665 1044 4735 pedum
1059 4681 1138 4721 crura
1152 4664 1306 4735 disposuit?
1325 4666 1370 4720 ubi
1386 4666 1458 4722 illam
1473 4668 1577 4723 avidam
1593 4670 1743 4742 sanguinis,

946 4745 973 4791 et
987 4735 1156 4806 potissimum
1174 4734 1284 4790 humani
1307 4737 1378 4793 sitim
1401 4738 1539 4809 accendit,
1569 4740 1651 4795 telum
1680 4755 1745 4798 iero

946 4805 1123 4878 perfodiendo
1143 4806 1244 4879 tergori
1260 4822 1314 4877 quo
1330 4808 1473 4879 spiculavit
1496 4809 1614 4881 ingenio,
1640 4817 1671 4867 ut
1699 4812 1743 4868 ic·

946 4877 1044 4987 diendt’t
1063 4877 1242 5003 sarminetum
1262 4878 1361 4948 pariter
1375 4879 1568 4952 sorbendoque
1591 4880 1745 4938 fistulosum

947 4955 1071 5005 esset.»
1109 4962 1147 5003 iu.

982 5017 1134 5089 (blllleum
1144 5022 1277 5092 recogites
1288 5025 1405 5078 tontum
1416 5023 1554 5092 artificem
1565 5024 1596 5078 in
1604 5025 1743 5083 modicis..

947 5089 992 5146 Sic
1002 5090 1091 5148 decuit
1105 5091 1137 5146 ad
1153 5099 1257 5148 naturae
1271 5095 1415 5148 Auctorem
1426 5093 1538 5162 relerrc,
1551 5111 1611 5164 quie
1622 5111 1678 5151 non
1693 5095 1746 5152 iiiii

946 5171 1049 5217 naturas
1065 5161 1157 5218 tribuit
1170 5164 1284 5219 Plinius:
1310 5183 1322 5214 ι
1342 5164 1480 5234 Nusquam
1501 5166 1673 5234 spectatiore,
1699 5167 1745 5222 iii·

947 5232 1128 5304 quiinamrae
1151 5233 1273 5290 artificio.
1298 5236 1328 5290 ln
1353 5236 1457 5305 magnis
1482 5235 1616 5308 siquidem
1645 5252 1746 5307 corpo·

947 5303 1032 5371 ribus,
1045 5315 1089 5359 aut
1102 5312 1174 5360 certe
1190 5306 1347 5375 majoribus,
1368 5305 1456 5361 lacilis
1481 5308 1600 5374 olticina,
1635 5309 1747 5379 sequaci

947 5374 1068 5444 materia,
1081 5374 1139 5432 luit.
1159 5378 1187 5432 ln
1202 5377 1320 5433 hisvero
1341 5386 1393 5432 tam
1409 5377 1499 5446 parvis
1514 5387 1595 5447 utque
1610 5386 1664 5436 tum
1680 5380 1747 5435 nul-

947 5445 990 5572 lsis,
1002 5461 1061 5570 qu?
1076 5446 1142 5575 ragio
1155 5446 1161 5504 l
1176 5456 1278 5521 quanta
1288 5449 1328 5504 vis
1343 5448 1349 5502 l
1367 5464 1447 5520 quani
1467 5448 1659 5506 inextricabilis
1688 5467 1749 5522 pcr-

959 5528 1027 5574 ectio
1065 5539 1076 5566 s
1117 5533 1156 5574 is.

980 5589 1038 5660 (66)
1053 5591 1185 5649 limaces.
1203 5590 1294 5648 limax
1310 5597 1351 5647 est
1366 5592 1478 5649 cochlea
1493 5593 1575 5650 nuda.
1590 5593 1631 5648 Ls
1641 5594 1692 5650 Pii.
