3840 6134
65 276 112 338 tot

795 276 835 335 uu
856 262 997 336 cononi.

1671 259 1719 346 toi

61 406 149 477 igitur
163 403 295 476 exemplis
323 401 503 459 renuntiatum
531 402 592 469 erit,
610 419 690 476 posse
711 403 791 459 etiam
812 417 866 456 non
883 415 906 494 g
921 412 976 457 ster
989 413 1039 469 eat,
1053 402 1098 475 qui
1121 403 1249 478 figuravit
1272 403 1418 472 bominem,
1437 417 1464 464 et
1482 409 1614 468 fructibus
1629 402 1719 469 rerunt

60 493 192 564 scriptam
209 491 380 547 traditionem
403 491 434 544 in
455 491 642 549 obseruatione
664 491 784 557 detendi,
798 505 865 547 con-

60 581 192 636 firmatam
207 579 417 648 cousuetudine,
441 579 539 636 idonea
562 589 630 636 teste
658 581 778 651 probatae
802 589 866 634 tunc

61 669 226 738 traditionis,
241 684 278 724 ex
297 668 495 739 perseverantia
519 668 727 726 observationis.
742 669 865 724 Consue-

60 760 126 815 tudo
141 767 235 814 autem
263 757 344 814 etiam
368 757 426 827 (30)
441 758 468 812 in
489 757 614 816 ciuilibus
642 758 722 814 rebus
741 773 790 830 pro
806 759 866 829 lege

58 847 219 917 suscipitur,
247 862 310 901 cum
324 844 416 899 delicit
442 846 484 901 lex
501 864 508 904 :
525 863 575 903 nec
584 845 677 903 diflert
688 848 821 919 scriptura
830 861 865 902 an

60 936 163 990 mtione
191 934 335 999 consistat,
358 935 470 1005 quando
496 941 524 991 et
541 935 628 1008 legem
644 936 712 991 ratio
726 951 864 991 coirimen·

59 1025 110 1079 det.
138 1025 237 1089 Porro,
267 1022 290 1076 si
315 1010 420 1078 ratione
448 1022 491 1079 lex
508 1032 621 1090 constat,
645 1025 688 1080 lex
718 1025 769 1081 crit
785 1038 865 1080 omne

55 1115 107 1182 jam
120 1111 201 1184 quod
228 1110 333 1166 ratione
364 1111 578 1177 constituente
601 1127 767 1184 quoeunque
795 1127 864 1185 pro·

58 1199 182 1254 ductum.
199 1199 244 1254 An
269 1214 323 1253 non
347 1209 425 1268 putas
449 1198 523 1254 omni
537 1198 610 1256 fideli
625 1201 707 1257 licere
722 1201 864 1272 concipere

57 1296 82 1344 et
95 1287 267 1343 constituere
281 1329 288 1353 ,
304 1288 434 1343 duntaxat
459 1288 531 1358 quod
557 1288 616 1344 Deo
634 1300 775 1361 congruat,
791 1289 865 1359 quod

58 1377 211 1447 disciplina
236 1377 372 1431 conducet
400 1376 473 1448 quod
501 1377 580 1432 saluti
604 1378 735 1448 prolicial,
760 1378 865 1434 dicemc

58 1465 189 1520 Domino:
200 1466 366 1522 Curoutcm
376 1482 433 1521 non
445 1473 473 1522 et
482 1482 500 1521 u
509 1466 585 1523 uobis
595 1469 664 1538 ipsis
674 1468 864 1540 quodjurtum

55 1556 200 1627 judicetis
218 1553 299 1624 (ιιιε.
315 1569 367 1623 ιιι,
384 1554 454 1623 ent
476 1562 502 1610 et
516 1570 572 1610 non
592 1555 738 1624 deiudicio
749 1564 863 1622 tantum,

922 495 1094 562 appetendis,
1108 495 1275 563 iudicandis,
1298 499 1506 568 consequendis,
1522 510 1612 556 certos
1639 501 1665 557 in
1684 516 1718 558 co

921 597 1016 637 sensus
1043 583 1181 638 ordinavit
1210 601 1259 654 per
1287 585 1399 656 propria
1437 590 1618 643 membrorum
1646 607 1717 661 quo·

921 669 1064 725 dammodo
1081 686 1195 742 organo.
1213 672 1342 728 Auditum
1358 674 1387 729 iu
1402 674 1516 731 auribus
1530 676 1608 742 ludit,
1628 679 1717 735 visunt

920 758 947 813 in
963 759 1047 815 oculis
1069 761 1204 826 accendit,
1219 771 1327 833 gustum
1341 763 1368 818 in
1391 779 1440 819 ore
1454 767 1596 834 conclusit,
1618 767 1717 823 odora·

919 854 975 901 tum
1004 848 1031 902 in
1055 850 1166 904 naribus
1189 851 1336 916 ventilavit,
1363 861 1517 909 contactum
1541 853 1568 908 in
1593 856 1719 911 manibus

919 936 1056 992 extimavit
1074 937 1099 975 ²³
1124 937 1190 1007 (33).
1222 939 1270 994 Per
1294 940 1351 996 liaeo
1369 941 1510 996 exterioris
1534 941 1651 996 ltcminis
1665 944 1718 997 mi·

920 1024 1042 1095 nisterin,
1080 1026 1219 1091 interiori¹
1242 1027 1344 1082 bomini
1389 1028 1579 1101 ministrantis,
1617 1030 1720 1087 tructus

919 1129 1062 1169 munerum
1092 1114 1245 1170 diuinorum
1276 1116 1310 1170 ad
1344 1116 1462 1171 animam
1484 1118 1657 1177 deducuntur
1684 1119 1720 1173 ali

918 1203 1041 1257 sensibus
1065 1203 1089 1241 ²²
1111 1204 1179 1276 (at).
1208 1204 1277 1272 Quis
1299 1205 1382 1276 igitur
1405 1204 1507 1262 tructus
1530 1221 1562 1262 et
1584 1207 1721 1263 tloribuat

919 1290 1069 1345 substantia
1082 1292 1153 1346 enirn
1170 1292 1290 1363 propriu,
1307 1301 1379 1349 certe
1395 1293 1530 1364 praecipua
1543 1307 1717 1358 coronarum,

918 1375 999 1433 flores
1019 1378 1091 1452 egri.
1117 1379 1172 1435 but
1182 1381 1260 1451 odor,
1280 1381 1379 1452 inquit,
1394 1389 1441 1436 aut
1454 1383 1541 1449 color,
1557 1395 1604 1441 ttut
1618 1387 1721 1456 pariter

918 1473 1073 1538 utrumque.
1089 1466 1141 1537 Qui
1156 1475 1239 1523 crunt
1261 1484 1358 1524 sensus
1383 1470 1482 1526 coloris
1494 1478 1523 1526 et
1536 1473 1627 1528 odoris
1642 1476 1656 1529 i
1670 1475 1719 1531 tli-

917 1570 975 1621 aus,
989 1555 1096 1627 opinor,
1112 1566 1139 1611 et
1161 1558 1298 1612 odoratus.
1315 1560 1384 1613 lstos
1404 1575 1499 1615 sensus
1514 1575 1575 1630 quac
1593 1563 1720 1618 membru

59 1645 106 1700 sed
125 1647 162 1700 dc
177 1642 253 1699 omni
272 1645 405 1698 sententia
419 1658 510 1698 rerum
527 1645 778 1701 examinandarum.
795 1645 868 1702 Dicit
918 1644 1012 1701 sortita
1026 1646 1114 1700 suut?
1142 1643 1230 1712 Oculi,
1247 1646 1297 1701 nisi
1319 1644 1408 1713 tollor,
1425 1657 1453 1702 et
1469 1663 1556 1704 nares.
1573 1651 1654 1706 Utere
1668 1651 1721 1706 ita-'

59 1734 312 1804 etnpestoluszst'
326 1732 394 1804 quad
413 1733 738 1804 incircumcisionis
753 1738 864 1792 rwctn-
881 1695 971 1805 nque
997 1732 1108 1790 lloribus
1140 1734 1197 1790 risu
1230 1742 1257 1788 et
1287 1735 1412 1802 odoratu,
1441 1751 1556 1806 quorum
1588 1754 1719 1796 sensnum

59 1824 99 1879 tit
112 1822 253 1893 (Philipp.
270 1835 312 1890 ιιι,
330 1820 508 1892 lb):solitus
522 1829 549 1876 et
562 1821 621 1894 ipae
640 1822 783 1881 muntium
805 1825 866 1879 sub-
917 1819 1020 1878 fructus
1047 1832 1090 1877 est
1114 1839 1121 1891 ;
1161 1829 1237 1879 utere
1266 1839 1314 1893 per
1343 1824 1438 1880 oculos
1474 1831 1500 1879 ct
1526 1841 1617 1893 nares,
1646 1843 1720 1898 quo-

58 1911 228 1977 ministrare,
245 1925 306 1964 cunt
321 1918 486 1980 praeceptum
505 1909 614 1966 Domini
628 1926 683 1966 nou
698 1913 824 1977 babebat,
838 1921 865 1967 et

57 2000 187 2072 quaedam
200 1999 310 2055 edicere
336 2014 352 2053 a
375 1997 535 2069 mmetipse,
556 2000 644 2056 sedet
664 2003 724 2072 ipse
753 2001 777 2039 ¹²
805 2001 865 2072 Spi-

58 2089 143 2145 ritum
173 2087 223 2142 Dei
248 2087 352 2143 babens
367 2086 425 2157 (31)
440 2086 615 2146 deductorem
628 2089 718 2145 omnis
733 2091 861 2146 veritatis.

58 2178 151 2248 ltaque
166 2174 358 2233 consiliumet
379 2174 498 2232 edictum
519 2177 541 2214 ¹⁹
554 2179 615 2247 cius
639 2178 726 2233 divini
738 2175 793 2235 82
804 2179 863 2248 iant

59 2267 185 2341 pmoepti
207 2266 296 2321 instar
318 2262 436 2322 obtinuit
452 2265 486 2320 de
500 2265 613 2322 rationis
626 2266 723 2323 divine
743 2269 863 2338 patroci-

58 2357 112 2413 uio.
128 2355 208 2411 lianc
222 2368 297 2410 nuuc
324 2354 478 2428 expostula,
504 2356 577 2411 salto
596 2356 750 2413 traditionis
766 2374 863 2430 respe-

36 2458 110 2511 ctu,
129 2460 296 2516 quocunque
320 2444 449 2500 traditore
476 2455 617 2512 censetur;
650 2461 699 2501 nec
726 2454 862 2503 auctorem

59 2532 200 2605 respicias,
216 2533 266 2588 scd
290 2532 491 2600 auctoritatem,
516 2543 542 2590 et
567 2534 593 2588 in
610 2534 703 2605 primis
716 2545 863 2592 cousuetu-

58 2622 126 2679 dinis
141 2622 251 2695 ipsius:
269 2637 330 2693 quae
356 2629 497 2691 propterea
511 2621 622 2680 colenda
638 2633 689 2694 cst,
704 2641 739 2680 ne
761 2641 814 2680 non
829 2626 864 2680 sit

60 2711 171 2766 rationis
185 2713 334 2781 interpres,
352 2718 391 2776 ut,
407 2711 431 2765 si
449 2713 554 2769 etbauc
576 2713 648 2769 Deus
672 2712 786 2780 dederit,
802 2722 865 2770 tunc

58 2800 143 2856 discas
156 2817 194 2857 sn
208 2815 267 2856 nou
280 2799 449 2858 observanda
461 2801 495 2855 sit
515 2802 561 2858 tibi
578 2803 756 2859 consuetudo.

918 1927 977 1965 rum
1006 1926 1134 1967 sensuum
1163 1913 1285 1968 membra
1318 1919 1391 1967 sunt.
1430 1911 1591 1969 Substantia
1629 1915 1676 1968 tilii
1704 1931 1721 1971 a

917 1999 975 2054 Deo
992 1999 1089 2055 tradita
1116 2007 1167 2070 est,
1198 2000 1307 2056 habitus
1322 2015 1338 2054 a
1352 2001 1463 2069 saeeulo,
1486 2018 1643 2074 quanquam
1672 2019 1722 2060 nec

918 2089 1025 2144 babitus
1054 2088 1287 2144 extraordinarius
1318 2090 1452 2146 ordinatio
1480 2092 1540 2146 usui
1578 2093 1719 2162 obstrepit.

917 2178 975 2234 lloc
987 2181 1041 2234 sint
1056 2179 1106 2234 tibi
1120 2179 1213 2251 tiores,
1242 2188 1269 2236 et
1282 2178 1386 2245 inserti,
1407 2189 1435 2235 ct
1461 2179 1564 2249 innexi,
1581 2181 1649 2237 etin
1665 2180 1718 2249 lilo,

918 2267 987 2324 etin
1005 2267 1107 2338 scirpo,
1136 2269 1210 2340 quod
1240 2268 1329 2334 liberi,
1348 2267 1421 2340 qued
1450 2269 1528 2324 saluti
1546 2271 1717 2340 :spectaculi

918 2356 1019 2412 scilicet
1046 2364 1073 2411 et
1095 2355 1222 2427 spiraculi
1251 2372 1305 2412 res.
1329 2356 1462 2412 Coronam
1483 2356 1506 2411 si
1531 2356 1602 2413 torte
1620 2359 1720 2414 tascem

918 2444 1056 2501 existimas
1071 2445 1167 2501 tiorum
1183 2461 1231 2517 per
1242 2445 1340 2501 seriem
1351 2445 1614 2517 comprehensorum
1628 2444 1684 2502 88
1693 2455 1723 2502 ut

919 2533 1012 2606 plures
1026 2534 1105 2589 simul
1123 2543 1223 2604 portes,
1246 2542 1275 2590 ut
1298 2532 1425 2588 omnibus
1439 2534 1539 2603 pariter
1555 2535 1650 2602 utaris,
1666 2537 1722 2605 jam

904 2623 982 2677 'tero
998 2628 1024 2676 ct
1041 2620 1067 2675 in
1091 2621 1181 2675 sinum
1203 2621 1299 2688 conde,
1323 2622 1345 2676 si
1371 2627 1445 2675 tanta
1468 2619 1600 2676 munditia
1615 2633 1656 2678 est
1673 2639 1679 2676 ι
1694 2622 1722 2676 in

917 2708 1045 2765 lectulum
1060 2723 1171 2784 sparge,
1182 2708 1205 2764 si
1218 2715 1293 2764 tanta
1304 2707 1417 2764 mollitia
1431 2716 1473 2764 eat
1489 2726 1495 2762 :
1511 2719 1537 2764 et
1552 2709 1578 2762 iu
1594 2710 1722 2779 poculum

920 2798 1010 2863 crede,
1039 2797 1063 2853 si
1090 2804 1162 2853 tants
1185 2796 1339 2853 innocentia
1362 2804 1414 2864 est,
1445 2805 1485 2854 tot
1508 2797 1598 2853 modis
1621 2797 1722 2870 lruere,

920 2896 986 2959 quet
1004 2895 1031 2943 et
1057 2886 1150 2944 sentis.
1175 2885 1312 2942 Caeternm
1340 2886 1368 2940 in
1396 2886 1486 2957 capite
1500 2885 1561 2957 quis
1576 2901 1656 2958 sapor
1671 2886 1722 2944 llo·

388 2939 505 2996 CAPUT
515 2941 548 2996 v·
884 2974 905 3052 c
921 2979 957 3032 ris
972 2976 1050 3046 (aeli
1073 2974 1134 3047 quis
1161 2989 1269 3030 coronae
1284 2989 1382 3029 sensus
1398 2974 1450 3030 nisi
1469 2974 1568 3031 vinculi
1589 2983 1693 3030 tantum
1709 2977 1723 3032 ‘l

100 3059 147 3113 Sed
168 3062 266 3115 ²⁰cnr
284 3060 368 3128 maier
385 3060 539 3118 efficitur²¹
563 3063 629 3118 ratio
651 3064 862 3121 Christianarum
916 3079 969 3138 quo
986 3078 1072 3134 neque
1086 3063 1159 3118 color
1178 3062 1308 3127 cernitur.
1325 3076 1416 3132 neque
1442 3062 1511 3118 0<¹⁰l
1539 3063 1655 3128 ducitur,
1674 3079 1723 3120 11²⁰

71 3152 300 3218 obseruationum,
328 3169 385 3209 cum
415 3157 476 3212 illas
503 3157 584 3212 etiam
616 3168 711 3214 natura
730 3159 755 3197 ²²
770 3159 864 3215 delen-
917 3152 1044 3208 teneritas
1069 3151 1288 3206 commendatur·
1318 3149 1384 3201 Tam
1412 3157 1507 3203 ²0²²²²
1531 3155 1655 3204 ²²²²²²¹1¹
1683 3161 1724 3206 0²¹

68 3239 106 3294 dit
130 3243 199 3314 (33),
244 3258 307 3314 quac
341 3244 425 3314 prima
461 3245 580 3300 omnium
617 3245 759 3318 disciplina
787 3249 863 3304 est?
915 3241 1009 3298 liorem
1036 3240 1126 3310 capite
1153 3235 1260 3302 ³⁰⁰²²²ir
1289 3250 1370 3308 quam
1401 3249 1498 3289 ⁵⁰⁰¹¹¹¹¹
1527 3249 1603 3291 nm·
1635 3236 1723 3293 ⁰¹¹¹¹¹⁰

63 3327 177 3402 pgoeque
216 3332 275 3385 pm
312 3337 399 3404 prima
426 3334 520 3388 sesinii
548 3349 674 3389 coronam
703 3335 783 3407 capiri
809 3353 863 3392 non
916 3339 1007 3387 autem
1039 3326 1111 3399 quod
1138 3334 1232 3383 coutra
1262 3334 1384 3379 naturam
1404 3331 1455 3388 est,
1472 3324 1588 3379 monstri
1604 3335 1724 3380 meretur

61 3421 212 3476 conuenire.
241 3420 309 3475 Puto
335 3429 425 3476 autent
450 3429 553 3476 naturae
572 3421 700 3478 dominus
724 3422 798 3476 Deus
812 3438 864 3476 no·
917 3426 1008 3476 notam
1024 3408 1109 3488 penes
1127 3431 1222 3473 ornnes
1235 3415 1304 3487 (36),
1321 3428 1405 3484 Ρθῑῑθ3
1420 3428 1471 3467 ¹¹⁰⁸
1483 3427 1547 3469 ²⁶²⁰
1561 3412 1644 3469 “istm
1667 3415 1723 3476 ⁰¹⁰-

758 3519 853 3583 Varice
875 3522 1033 3581 lectiones.

95 3599 225 3670 18Ιριιιιιι
237 3597 326 3655 libet.
343 3598 366 3636 ¹⁹
381 3597 484 3654 Dictum
500 3601 586 3656 Seml.
602 3599 808 3656 ²⁰Consuetudo
822 3599 879 3667 sed,
900 3599 990 3654 l'ertct.
1007 3596 1029 3632 ²¹
1048 3593 1171 3677 Erigitur
1184 3596 1269 3649 Frna.
1285 3592 1311 3631 ²²
1323 3589 1458 3673 Delendat
1476 3590 1577 3648 Wottw.
1600 3592 1626 3632 ²³
1639 3591 1723 3648 AEsti-

65 3671 243 3797 agritlezcertnl.
256 3670 492 3741 existimatitllig.
507 3672 531 3708 ²²
546 3670 666 3726 llotninis
681 3671 904 3734 administrantia,
922 3682 1063 3723 munerum
1078 3669 1231 3721 divinorum
1248 3664 1282 3718 ab
1301 3679 1389 3719 amma
1407 3661 1577 3718 deducuntur
1596 3664 1630 3719 ad
1657 3680 1724 3720 sen·

773 3812 1027 3876 Commentarius.

917 3889 1044 3945 monibus
1063 3885 1251 3948 collocavit,ct
1277 3883 1365 3939 uidem
1382 3882 1489 3939 extimis
1504 3903 1512 3951 3
1529 3899 1590 3940 uam
1605 3895 1725 3943 extrema

918 3961 1065 4032 digitorum
1095 3967 1214 4014 tactuum
1234 3904 1403 4036 diilerentias
1436 3955 1552 4035 maiime
1573 3958 1726 4030 percipiunt

918 4048 950 4088 ac
963 4031 1089 4087 sentiunt.
1108 4031 1156 4085 llic
1172 4035 1262 4082 autem
1281 4035 1411 4083 extimum
1435 4027 1500 4081 dicit
1516 4042 1564 4095 pro
1588 4040 1722 4098 extremo,

67 4110 116 4178 lege
143 4104 173 4157 in
203 4104 246 4159 bis
269 4121 331 4175 quae
347 4121 400 4161 non
414 4121 447 4160 ex
460 4106 562 4176 scripto
575 4107 752 4171 descendunt,
769 4106 863 4160 obser·
918 4111 948 4158 ut
963 4102 1009 4157 lib.
1026 4117 1047 4156 ιι
1062 4102 1094 4155 de
1111 4099 1197 4157 Cultu
1212 4101 1294 4170 tem„
1305 4114 1369 4172 pag.
1383 4100 1445 4165 tta,
1457 4097 1660 4157 extimationem
1677 4117 1725 4172 pro

67 4175 113 4229 tari
128 4176 233 4240 solere,
252 4196 263 4225 a
281 4184 308 4230 ct
333 4176 462 4233 rationein
488 4176 599 4231 adducit
613 4193 645 4230 ex
669 4176 784 4241 triliano,
801 4191 826 4230 ι.
844 4177 861 4231 Ι.
919 4172 1098 4230 extremitate.
1114 4173 1176 4227 llio.
1514 4203 1516 4207 ,

68 4247 138 4313 oni:
159 4268 169 4297 ι
186 4247 257 4301 Nam
271 4247 334 4316 quid
350 4247 471 4316 interest,
486 4247 616 4318 sullragio
632 4248 750 4319 populus
764 4247 862 4302 volun·
953 4244 1011 4315 (at)
1026 4247 1079 4299 Per
1098 4243 1156 4299 boec
1167 4242 1319 4301 celerioris
1336 4239 1461 4297 beminis
1474 4240 1723 4307 administrantia,
1800 4306 1805 4313 ⁴

64 4327 140 4372 ntem
161 4334 243 4372 suam
266 4319 395 4383 declaret,
410 4334 445 4374 an
466 4320 547 4372 retina
569 4319 635 4382 ipsis¹
648 4330 674 4372 et
698 4318 798 4374 lactis‘l
812 4319 865 4373 rttl-
879 4284 901 4361 ὓ
917 4311 1726 4389 muncrumdiuinommaltortimodeducunturndsensus.

63 4391 142 4463 jungo
158 4388 326 4463 Gregorium
341 4389 421 4459 Nysa.
441 4389 498 4460 (lib.
522 4389 555 4445 de
585 4390 654 4460 Virp.
679 4405 738 4459 cap.
762 4390 790 4460 9)
810 4406 864 4445 ιιοιι
922 4386 1080 4443 Tertulliani
1108 4386 1243 4439 sententia
1266 4393 1330 4437 est:
1353 4399 1401 4454 per
1417 4384 1474 4437 baec
1490 4398 1604 4458 organa,
1621 4384 1726 4439 annunt

95 3891 154 3960 (30)
171 3892 353 3949 Consuetudo
374 3896 472 3949 autem
497 3895 594 3957 ctirtrn,
610 3902 661 3948 etc.
685 3891 788 3949 llonuit
810 3895 863 3959 jain

69 3962 195 4016 lleraldus
222 3964 282 4032 (lib.
305 3977 326 4017 ιι
349 3965 469 4034 Digresa.
493 3981 516 4020 c.
533 3966 561 4032 3)
577 3979 637 4019 esse
657 3963 729 4020 idem
744 3979 802 4018 cum
818 3964 865 4022 tti-

67 4032 132 4100 piaui
162 4033 221 4096 illo,
240 4034 426 4089 «Diuturnam
452 4034 674 4090 consuetudinem
697 4050 745 4106 pro
759 4037 823 4103 jure
838 4043 865 4090 et

63 4462 251 4516 abliorrcntcm
266 4477 284 4514 a
302 4462 390 4516 verbis
406 4460 521 4530 Ulpiani.
537 4461 600 4516 Sto.

90 4532 150 4594 iat)
161 4531 218 4588 Sed
232 4535 262 4585 et
277 4533 335 4603 ipse
352 4532 492 4603 Spiritum
511 4533 562 4588 Dei
578 4531 688 4588 liutara.
705 4531 793 4586 Etiam
810 4531 873 4586 binc

65 4603 192 4671 colaigere
227 4611 280 4666 eat,
302 4603 431 4671 scriptum
460 4604 534 4657 hunc
554 4603 650 4658 librum
665 4613 726 4657 aitte
750 4601 826 4656 illurn
840 4603 873 4658 dc

65 4676 190 4730 ntnac'a's
219 4674 290 4745 l't'rp.
318 4676 386 4728 bain
414 4674 449 4727 ibi
470 4674 497 4727 in
523 4674 581 4730 solo
612 4677 737 4728 tlontauo
751 4676 873 4745 agnoscit

64 4751 230 4814 impletum
246 4743 310 4798 illud
324 4745 415 4812 (loeta.
430 4746 579 4802 nv12Curn
594 4747 702 4801 uenerit
718 4745 768 4802 t'ltc
783 4746 873 4818 Spiri-

64 4820 104 4872 ιιι
117 4817 272 4880 macutes,
286 4815 402 4873 deducet
416 4831 463 4872 uos
477 4819 508 4870 in
518 4832 628 4873 omnem
643 4816 812 4887 ueritate-m).
829 4817 876 4872 llic

61 4901 118 4943 tarn
132 4888 166 4942 in
189 4886 318 4955 apostolo
334 4886 414 4943 Paulo
429 4891 556 4944 cumulem
572 4887 701 4958 Spiritum
712 4888 760 4943 Dei
775 4903 875 4960 agnos·

60 4956 99 5012 cit.
115 4961 158 5015 lta
176 4973 265 5012 anison
278 4958 403 5027 paulatim
419 4974 452 5011 cx
466 4975 521 5013 nno
536 4974 628 5014 erroro
638 4960 665 5012 iu
676 4960 769 5024 alium,
785 4974 816 5014 ac
831 4958 876 5014 dc·

61 5042 129 5085 unm
145 5033 176 5084 in
195 5028 319 5083 baerenm
328 5031 470 5099 prolapsus
485 5040 536 5085 est.
553 5030 624 5086 Ριιι.

89 5105 151 5170 (33)
168 5101 243 5156 litus
258 5102 346 5154 etium
368 5105 488 5166 notura,
499 5111 551 5155 ete.
567 5100 602 5153 Et
617 5117 683 5155 sane
698 5101 770 5171 leges
780 5114 876 5154 omnes

62 5173 195 5228 antecedit
225 5177 345 5235 uoluunt
375 5173 446 5226 unde
474 5173 520 5241 qui
544 5183 664 5244 peccant,
691 5179 877 5226 centrunutu·

64 5256 111 5295 nin
127 5242 328 5315 pecoen13sic
347 5243 512 5314 Tarquinius
539 5251 631 5298 contra
656 5242 745 5313 legum
774 5253 876 5297 naturae

63 5318 258 5383 senpiternam
282 5315 403 5382 peccavit
430 5314 457 5368 iu
473 5313 636 5380 Lucretiam,
653 5314 713 5370 licet
728 5315 801 5367 nulla
830 5315 876 5367 ad-

63 5384 112 5510 zac
125 5387 169 5442 lex
184 5384 262 5511 ΙυΙίἲ)
273 5395 402 5450 exstaret,
414 5386 488 5441 nulla
497 5386 532 5441 de
546 5394 650 5457 stupro,
663 5401 695 5439 er
706 5385 776 5440 Tull.
792 5384 839 5438 lib.
856 5398 876 5437 ιι

101 5459 136 5513 Ιι
156 5499 164 5510 .
183 5461 224 5513 Le
264 5472 291 5511 ι.

97 5476 157 5597 itaq)
171 5529 346 5584 Conductum
364 5527 396 5582 in
416 5528 548 5584 munibus
569 5528 733 5583 extimavit.
750 5528 808 5583 Hoc
825 5534 876 5592 est,

66 5610 228 5666 manetem,
261 5610 412 5655 extrcntum
448 5598 505 5655 sive
543 5599 673 5655 extimum
702 5614 827 5669 sensum,
851 5598 877 5651 in

927 4460 1040 4529 scilicet,
1067 4457 1131 4520 oris,
1155 4455 1309 4516 oculorum,
1335 4453 1450 4516 nanum,
1471 4469 1502 4509 ac
1525 4458 1641 4525 donique
1669 4471 1724 4509 ma-

927 4544 1020 4598 nuum,
1040 4543 1101 4599 quae
1115 4528 1205 4582 omnia
1232 4522 1361 4578 citeriori
1375 4523 1489 4588 bomini,
1503 4525 1530 4579 id
1550 4533 1591 4579 est
1605 4527 1724 4592 corpori,

927 4598 1130 4655 adtumulantur
1157 4606 1183 4653 et
1201 4593 1399 4660 administrant,
1429 4609 1520 4647 rerum
1549 4592 1723 4655 naturalium,

926 4687 987 4743 quae
1002 4679 1065 4726 sunt
1079 4674 1093 4723 l
1108 4671 1165 4724 Do
1187 4667 1326 4723 hominum
1342 4663 1430 4734 gratia
1445 4663 1570 4730 conditae,
1586 4677 1725 4718 assensum

928 4746 984 4798 sive
1000 4740 1223 4811 approbationem
1237 4738 1270 4794 ab
1285 4735 1373 4790 anima
1388 4733 1496 4790 deduci.
1516 4734 1619 4806 Nempe
1635 4733 1725 4788 anima

928 4823 968 4868 est
983 4827 1044 4895 quae
1058 4810 1142 4878 auoit,
1160 4812 1250 4865 anima
1264 4816 1305 4865 cst
1328 4822 1388 4879 quae
1403 4805 1485 4872 videt,
1507 4805 1597 4861 anima
1610 4813 1726 4886 est'quru

927 4890 1019 4940 sentit.
1044 4882 1085 4936 Ab
1108 4881 1198 4937 anima
1221 4881 1356 4945 sentienti,
1382 4881 1454 4934 recle
1477 4878 1612 4933 adsentire
1632 4877 1726 4932 dicun-

929 4963 972 5009 tur
991 4968 1081 5020 aures,
1101 4953 1181 5022 oculi,
1202 4968 1310 5019 manus,
1327 4966 1374 5023 per
1401 4965 1463 5024 quae
1484 4949 1574 5005 anima
1588 4948 1673 5020 audit,
1686 4947 1727 5003 tti-

927 5029 982 5092 det,
994 5036 1037 5080 lan
1059 5024 1088 5079 lt.
1104 5024 1165 5079 lito.

964 5097 1019 5169 (35)
1034 5043 1065 5151 ᾗ
1080 5097 1172 5166 cupite
1186 5094 1236 5170 qui
1249 5108 1333 5166 sopor
1346 5093 1426 5163 lieris
1436 5096 1448 5147 t
1459 5092 1578 5163 Ideoque
1589 5091 1729 5164 Diogenes
1790 5156 1792 5161 ¹

929 5177 1068 5240 unguento
1092 5167 1141 5221 sibi
1166 5168 1247 5237 pedes
1269 5181 1386 5237 ungens,
1413 5164 1560 5234 dictitabat,
1581 5166 1728 5220 odorema

929 5240 1015 5308 capite
1030 5239 1056 5293 in
1071 5254 1161 5293 acrem
1176 5252 1344 5307 evanescere,
1360 5235 1475 5308 pedibus
1494 5242 1585 5292 autem
1601 5235 1635 5290 ad
1652 5250 1729 5289 uaros

930 5310 1083 5382 pertenire.
1096 5311 1159 5364 llio.

966 5384 1022 5451 (36)
1046 5380 1163 5438 Monstri
1184 5385 1314 5438 meretur
1335 5382 1434 5437 notum
1448 5392 1531 5458 penca
1549 5392 1653 5433 omnes.
1667 5375 1729 5454 llaec

929 5455 1021 5518 uerba,
1035 5468 1121 5524 penca
1144 5467 1250 5519 omnes,
1264 5466 1318 5506 nou
1343 5451 1476 5505 habentur
1489 5464 1518 5502 tn
1531 5447 1686 5517 exemplari,
1703 5453 1729 5499 et

930 5525 1017 5581 omitti
1032 5525 1141 5595 quidem
1151 5531 1264 5595 pessunt
1274 5523 1423 5595 eleganter.
1436 5518 1497 5574 llio.
