3840 6134
32 295 36 301 .
126 236 197 298 1335
651 228 698 293 tlt
714 229 861 300 dthdltta
884 225 1105 295 anahaitam
1124 222 1234 288 oman
1701 218 1774 282 libb

125 361 306 434 descriptum
323 359 357 416 de
380 372 435 433 quo
455 357 475 413 l.
486 370 525 426 ιι,
544 357 578 414 ιι.
596 359 626 415 S.
640 363 707 415 sect.
724 363 750 425 l,
764 374 790 414 c.
805 360 821 413 8
845 365 872 416 et
894 361 923 427 9,
932 355 959 442 Ι
975 357 1117 415 bominem
1132 351 1214 410 homo
1227 355 1400 423 opnoscaret,
1415 349 1472 406 Cic.
1486 348 1506 406 l.
1521 363 1554 418 rr,
1570 349 1604 406 de
1616 347 1775 404 Nntdteor.

126 453 165 510 sic
179 450 298 524 loquitur
315 466 321 505 :
340 468 353 502 n
373 447 416 504 nd
431 461 568 503 summum
588 445 716 504 verticem
730 461 779 518 per
797 445 923 503 vastissi·
973 451 1177 505 commemorat.
1195 439 1250 497 Sed
1264 441 1294 496 S.
1309 439 1429 511 August
1444 437 1465 495 l.
1480 454 1526 505 ιιι,
1540 437 1613 496 ded.
1630 439 1662 493 D.
1680 450 1706 491 o.
1722 434 1773 490 ult.

126 558 201 598 muru
216 543 249 596 la
264 540 424 609 milliarum
447 538 517 594 ftnl.
533 536 560 591 in
574 535 679 594 ambitu
699 544 831 593 craterem
845 537 923 593 fatis-
974 535 1010 591 ita
1023 540 1136 591 testatur
1152 529 1327 602 :rugimus
1343 529 1413 601 apud
1425 543 1474 585 eos
1483 526 1595 583 AEtnaeis
1603 524 1729 598 ignibus,
1742 524 1776 578 ab

125 631 191 689 cit»
219 629 273 702 (alii
297 631 519 700 auroramque
536 624 581 682 alii
605 627 639 680 id
662 626 758 683 millia
775 642 922 700 passuum,
974 623 1036 696 ipso
1051 621 1151 680 montis
1161 620 1262 679 vertice
1275 633 1361 690 usque
1376 619 1409 672 ad
1420 617 1494 672 littus
1508 615 1664 687 proximum
1679 614 1774 670 decau-

125 718 210 791 aliqni
233 733 297 774 vero
312 715 438 789 pauciora
461 712 683 773 circumferentiae
706 713 829 784 ejusdem
851 713 923 770 assi-
974 712 1108 778 rentibus,
1124 710 1160 765 ita
1172 706 1306 766 ferbuisse
1322 709 1775 779 mare,ntrupesexurerentur,et

125 815 221 882 gnaut,
236 805 339 864 scilicet
356 811 458 861 cratere
472 805 525 860 hoo
539 801 675 870 infernali,
692 817 741 873 pro
759 803 841 861 variis
853 811 922 860 tem·
975 802 1050 875 pices
1064 801 1173 859 navium
1187 799 1366 865 solverentur,
1381 799 1435 853 ete.
1458 795 1561 852 Eodem
1585 809 1686 849 rursus
1706 800 1774 846 astu

126 896 250 969 poribus,
265 911 297 952 ac
321 891 458 950 horribilis
477 891 520 949 sui
544 891 646 948 furoris
669 891 878 949 circumstantiis
895 900 923 949 ιι
975 890 1083 964 ignium
1097 897 1169 946 tanta
1185 886 1318 943 rifavillae
1332 885 1467 957 opplotam
1476 882 1681 943 esscSiciliam.
1695 891 1776 936 utca-

126 985 286 1051 effectibus,
306 981 395 1055 magis
422 981 545 1037 minusve
572 979 663 1036 hiame
691 987 769 1052 atque
794 979 923 1052 distento)
975 978 1090 1038 tinensis
1105 976 1179 1035 urbis
1192 985 1262 1034 tecta
1275 974 1373 1033 obruta
1386 985 1413 1031 et
1426 988 1558 1046 oppressa
1570 971 1703 1027 diruerit.
1719 969 1776 1038 Qua

129 1073 211 1147 «qni
234 1073 321 1129 arduo
335 1071 483 1126 introrsum
497 1068 566 1126 clivo
590 1083 651 1125 sese
674 1067 701 1124 in
724 1075 923 1140 tartareusque
974 1069 1127 1128 calamitate
1142 1064 1256 1139 permoti
1274 1062 1486 1121 misericorditer
1499 1061 1626 1133 ejusdem
1640 1060 1707 1115 anni
1721 1058 1770 1116 tri·

127 1168 269 1235 angustat3
295 1157 472 1234 praecipitium
495 1157 554 1216 risu
573 1156 717 1226 horribile,
733 1156 861 1224 damnum,
877 1157 924 1214 fu·
974 1158 1070 1215 butum
1083 1157 1110 1213 ei
1124 1157 1310 1214 relaxaverant
1322 1152 1445 1212 Romani.
1458 1174 1469 1202 ι
1480 1150 1534 1220 Qui
1545 1149 1777 1221 antemtempori·

127 1265 182 1318 mo,
198 1259 255 1307 tum
269 1265 303 1305 ex
327 1248 392 1316 imo,
409 1255 465 1303 tum
484 1262 519 1302 ex
540 1246 624 1303 latore
645 1245 758 1313 montis,
774 1261 838 1303 oum
854 1246 924 1304 hor·
975 1248 1028 1305 bus
1041 1246 1181 1318 utriusque
1194 1244 1285 1314 Plinii,
1301 1244 1327 1299 id
1342 1251 1393 1310 est,
1403 1258 1465 1300 sanc.
1481 1256 1502 1308 ι,
1514 1242 1618 1304 ιιι.’16,
1631 1237 1774 1297 horribiles

128 1339 214 1396 rendo
236 1341 358 1412 mugitu,
379 1335 505 1392 tonitruis
527 1351 582 1392 uon
602 1334 733 1403 absimili,
756 1335 925 1408 erumpenti·
975 1335 1072 1395 AEtnaei
1092 1335 1190 1392 montis
1213 1335 1319 1390 furores
1341 1331 1450 1398 fuerint,
1473 1346 1511 1388 ex
1533 1331 1653 1402 Nepotis
1673 1326 1775 1384 duabus

127 1430 195 1499 bns,
223 1428 291 1485 adeo
318 1425 536 1494 formidandum,
560 1431 590 1480 ut
612 1424 655 1482 vol
679 1424 739 1497 ipsa
767 1425 924 1499 imaginatio
979 1425 1100 1499 epistolis
1113 1425 1147 1482 ad
1161 1422 1283 1481 Tacitum
1300 1423 1370 1494 lquae
1381 1420 1400 1477 l.
1416 1436 1445 1477 vr
1458 1420 1623 1479 ιιιιιιιηιι
1637 1424 1665 1473 ιι
1679 1417 1776 1475 niceci-

124 1518 236 1592 jamjam
260 1517 385 1576 instantis
403 1519 477 1591 ipnis
501 1533 533 1576 ac
553 1519 649 1585 ruinae,
664 1517 812 1584 neminem,
827 1532 923 1588 quam·
978 1532 1026 1574 ma
1040 1514 1113 1587 suut)
1132 1513 1274 1579 discimus,
1288 1511 1380 1584 utique
1393 1525 1448 1567 non
1471 1509 1529 1566 sina
1547 1507 1656 1580 ingenti
1682 1504 1776 1562 mentis

127 1608 227 1667 tumvis
253 1607 463 1667 audacissimum
491 1616 518 1665 ιι
544 1607 731 1682 intrepidum,
755 1622 810 1664 non
834 1605 924 1679 primo
978 1603 1158 1663 commotione
1180 1600 1311 1676 legendis,
1332 1600 1383 1657 uisi
1406 1597 1555 1672 spectaculi
1575 1596 1650 1653 illius
1679 1595 1777 1653 atroci·

128 1698 219 1754 statim
241 1704 408 1764 consternet,
424 1704 503 1769 atque
526 1713 541 1753 a
559 1697 677 1769 quodam
699 1696 775 1756 velut
797 1692 924 1752 infernali
938 1688 963 1781 ι
978 1703 1058 1752 tatem
1074 1693 1136 1765 styli
1151 1690 1285 1764 elegantis
1298 1689 1395 1747 lenitas
1409 1687 1556 1762 mitigaret.

128 1788 255 1844 barathro
269 1792 417 1846 avertat.»
1013 1785 1073 1840 Non
1094 1789 1186 1839 autem
1208 1795 1328 1837 memoro
1351 1777 1395 1834 bic
1417 1777 1484 1835 illud
1511 1775 1684 1841 incendium,
1710 1773 1777 1846 qnod

162 1876 197 1931 Et
217 1881 278 1945 post
297 1875 377 1931 aliam
401 1872 525 1930 immensi
543 1872 626 1944 huius
649 1872 738 1929 hiatus
760 1871 925 1946 descriptio·
978 1889 1023 1929 an.
1033 1875 1096 1944 tlt,
1111 1871 1239 1928 carolmn
1253 1869 1288 1926 bf.
1313 1866 1491 1941 lmpcrterriti
1498 1866 1622 1937 pectoris
1631 1865 1778 1935 imperato-

127 1978 192 2018 nem
204 1961 244 2019 sic
253 1961 425 2035 prosequitur
441 1980 448 2017 :
468 1983 479 2012 ι
496 1962 604 2033 vorago
619 1968 674 2018 tam
688 1961 821 2033 profunda
834 1972 885 2031 est,
896 1971 926 2020 ut
979 1979 1048 2029 rem,
1063 1976 1078 2016 e
1093 1962 1191 2019 Sicilia
1205 1959 1232 2014 in
1245 1957 1361 2016 ltaliam
1385 1956 1523 2028 propulit;
1547 1955 1667 2010 alterurn
1685 1951 1779 2010 deinde

128 2066 237 2110 omnem
250 2055 338 2112 visum
357 2051 483 2125 effugiat,
498 2051 617 2122 scopulis
633 2052 660 2107 in
674 2051 785 2108 modum
803 2050 926 2124 pyrami·
978 2051 1052 2125 quod
1065 2067 1110 2106 an.
1131 2050 1211 2116 toll,
1231 2055 1286 2105 tam
1305 2047 1450 2103 immanem
1474 2043 1627 2102 favillarum
1655 2049 1686 2098 et
1707 2043 1779 2099 cina·

127 2140 193 2197 dum
208 2156 241 2197 ιι
262 2140 392 2198 lateribus
413 2141 620 2214 exsurgentibus
641 2141 785 2198 metuenda
802 2147 927 2197 :etcum
979 2157 1040 2198 rum
1054 2140 1160 2213 copiam
1174 2139 1303 2205 evomuit,
1319 2143 1350 2192 ut
1373 2135 1454 2190 etiarn
1477 2144 1551 2190 trans
1573 2148 1650 2189 mare
1675 2131 1705 2186 in
1726 2131 1779 2188 lta·

128 2230 222 2302 latera,
248 2238 322 2287 recto
344 2238 371 2287 et
395 2229 610 2302 perpendiculari
639 2231 814 2301 scopulorum
843 2230 926 2286 ductu
978 2230 1041 2286 liam
1056 2228 1237 2303 pervaserint,
1252 2235 1289 2296 et,
1310 2225 1334 2282 si
1348 2223 1477 2281 Varentio
1501 2222 1521 2278 l.
1543 2238 1553 2280 r
1578 2223 1680 2295 Gener.
1696 2237 1724 2278 c.
1739 2224 1781 2290 lo,

129 2320 259 2376 deorsum
280 2320 409 2391 parallelo
432 2318 564 2376 descensu
587 2327 712 2391 vergant,
725 2320 804 2388 justa
822 2318 928 2389 opticas
979 2335 1056 2391 prop.
1077 2322 1104 2387 o,
1120 2317 1269 2382 credimus,
1286 2336 1297 2367 ι
1314 2330 1397 2371 ιιιιι
1410 2313 1438 2368 in
1451 2311 1531 2378 mari,
1546 2326 1612 2367 cnm
1626 2313 1682 2366 aas
1699 2310 1781 2366 leucis

129 2414 222 2462 tamen
249 2409 331 2478 leges,
356 2423 389 2462 err
416 2405 499 2463 nimia
526 2406 663 2473 distantia,
687 2406 715 2461 in
735 2413 830 2463 centro
854 2407 927 2462 coire
978 2407 1098 2465 aSicilia
1111 2408 1248 2475 abessent,
1265 2413 1293 2461 et
1312 2404 1347 2459 ad
1366 2404 1492 2462 Venetiae
1516 2401 1679 2471 tenderent,
1705 2400 1780 2454 dant·

129 2492 265 2561 videntur,
279 2502 331 2549 etc.
347 2493 378 2548 ln
400 2492 483 2549 fundo
502 2491 611 2564 (mirum
634 2492 736 2566 dictul)
749 2509 782 2549 ιι
796 2492 927 2550 continua
979 2512 1046 2552 num
1059 2511 1148 2569 passae
1163 2494 1271 2553 fuerint.
1288 2513 1300 2548 r
1317 2492 1372 2550 Sed
1393 2507 1443 2549 uec
1466 2489 1618 2564 quidquam
1637 2490 1675 2544 de
1697 2488 1782 2559 pluri·

131 2582 251 2638 materia
279 2580 419 2638 minernlis
444 2582 621 2653 eructatione,
649 2589 714 2650 etc„
741 2582 824 2639 veluti
850 2582 928 2639 lacu·
980 2585 1033 2643 bus
1047 2585 1179 2656 ejusmodi
1205 2583 1275 2652 aliis,
1300 2593 1428 2655 certeque
1452 2596 1507 2637 non
1524 2578 1695 2651 imparibus,
1709 2593 1784 2634 conr·

131 2688 192 2728 narn
207 2672 364 2745 qnamdam,
384 2670 530 2746 liquefacto
550 2672 659 2729 metallo
683 2688 836 2743 coruscam,
851 2688 929 2728 sem·
982 2690 1113 2732 memoro.
1128 2676 1189 2731 Duo
1211 2681 1311 2739 autern,
1331 2687 1392 2745 quae
1407 2670 1529 2744 proximo
1544 2669 1649 2726 saeculo
1674 2667 1787 2724 accide-

134 2777 185 2835 per
200 2776 244 2817 me
259 2762 416 2818 observasse
433 2761 555 2821 memini.
571 2763 666 2818 Latera
685 2761 788 2835 passim
802 2777 851 2834 per
864 2777 928 2820 cor·
983 2781 1023 2833 re,
1048 2763 1171 2836 exempla
1199 2761 1337 2836 praeterire
1364 2776 1420 2816 non
1448 2775 1572 2832 possum.
1597 2757 1640 2814 Ac
1669 2757 1790 2830 primurn

132 2851 326 2921 respondentes
341 2858 445 2906 meatus
468 2850 748 2923 perpetuumfumum
767 2851 794 2908 in
807 2850 930 2924 plurimis
984 2853 1093 2926 quidam
1114 2869 1146 2909 es
1161 2854 1196 2911 D.
1221 2852 1292 2908 Petri
1317 2849 1464 2923 Squillacii,
1488 2846 1670 2904 domucensis
1694 2862 1788 2903 saca·

131 2939 199 2995 locis
230 2947 368 3008 evomunt,
396 2955 476 3011 quern
509 2946 591 2996 noctu
622 2941 757 2997 flammam
789 2955 929 2996 accensam
983 2943 1064 3011 dotis,
1080 2941 1129 3014 qui
1151 2939 1296 2998 calamitati
1319 2940 1382 2995 huic
1404 2938 1462 3009 ipse
1487 2936 1620 3004 interluit,
1635 2936 1791 2994 enarratio·

132 3026 370 3098 deprehendimus.
396 3029 505 3102 vorago
526 3044 663 3100 nunquam
688 3029 747 3086 sine
771 3029 880 3086 fremitu
903 3037 932 3086 et
950 3016 1028 3108 flua,
1044 3039 1074 3088 ut
1087 3031 1158 3104 apud
1172 3031 1333 3087 Kircherum
1348 3029 1394 3084 lib.
1411 3044 1451 3097 ιι,
1466 3036 1534 3083 ιιιι.
1555 3043 1576 3094 ι,
1602 3041 1668 3098 cap.
1695 3029 1726 3093 9,
1747 3027 1792 3082 ba·

133 3115 284 3187 mugitibus
297 3124 350 3186 est,
364 3131 433 3188 quos
446 3117 564 3174 subinde
578 3126 634 3174 tam
648 3118 799 3176 horrendos
820 3117 886 3188 edit,
901 3125 931 3174 ut
982 3122 1071 3190 betur,
1100 3136 1255 3192 excerpo«
1283 3119 1351 3176 Cum
1375 3117 1456 3191 igitur
1483 3115 1572 3173 omnis
1601 3114 1655 3172 late
1689 3115 1792 3172 uicinia

131 3205 176 3262 vel
195 3204 281 3276 ipsum
307 3213 425 3262 montem
448 3205 640 3263 tremefaciant.
657 3207 759 3276 Verbo,
776 3209 822 3280 qui
843 3206 931 3263 admi·
983 3211 1124 3268 horrendis
1152 3218 1230 3266 terrae
1245 3206 1470 3265 succussionibus
1494 3204 1609 3276 jamiam
1638 3202 1792 3261 avertenda

132 3292 245 3349 rendam
260 3308 308 3350 nur
326 3291 389 3366 Opt.
406 3295 477 3350 Mar.
500 3295 648 3365 potentiam
667 3294 764 3352 intueri
782 3294 930 3364 desiderat,
984 3300 1137 3366 videbatur,
1153 3299 1260 3354 tandem
1277 3300 1308 3353 lt
1333 3298 1437 3352 mensis
1459 3293 1546 3350 ifartii
1572 3295 1678 3362 (annus
1703 3303 1791 3350 antem

133 3382 158 3438 is
171 3383 330 3452 hujusmodi
344 3391 452 3439 montes
471 3383 560 3456 adeat,
577 3392 604 3441 et
619 3391 724 3440 natura
739 3384 931 3441 miraculorum
984 3400 1043 3445 erat
1056 3405 1071 3444 a
1086 3390 1115 3444 C.
1139 3390 1171 3446 ll.
1198 3390 1278 3458 1669)
1299 3387 1391 3443 subito
1410 3386 1438 3441 in
1460 3392 1514 3440 tres
1539 3382 1682 3439 terribiles
1708 3385 1792 3439 hiatus

132 3470 276 3530 effectibus
314 3472 498 3530 ineffabilibus
530 3474 658 3530 attonitus
688 3474 932 3547 stupefactusque,
986 3477 1128 3535 fatiscente
1150 3484 1262 3543 monte,
1287 3476 1392 3547 primns
1415 3489 1511 3530 eornm
1539 3473 1689 3529 evomebat
1709 3472 1791 3544 pluri·

132 3561 282 3618 identidem
305 3564 401 3620 intimo
420 3563 512 3620 cordis
530 3563 628 3620 affectu
653 3563 827 3635 pronuntiare
849 3579 932 3636 coge·
988 3567 1155 3639 mumiguis,
1173 3565 1326 3636 multosque
1342 3563 1453 3635 lapidos,
1479 3578 1595 3636 quorum
1619 3563 1668 3621 uel
1691 3560 1790 3618 minimi

134 3650 388 3709 tnr20aur1runo
407 3666 573 3711 ntvrrtaaurr
587 3667 742 3710 ιιιιιιιτιιι
756 3657 784 3710 ιι
799 3667 934 3710 semiim
987 3657 1127 3729 aequabant
1153 3655 1262 3727 pondus
1283 3657 1298 3710 3
1318 3662 1470 3722 cantarum,
1484 3652 1539 3723 [seu
1561 3652 1684 3708 totidem
1702 3661 1791 3708 emta·

135 3738 199 3795 neri
215 3757 300 3812 qaam
313 3741 607 3813 incomprehensibilia
621 3745 690 3797 sant
699 3741 812 3812 judicia
826 3747 887 3809 tata,
908 3746 935 3799 ct
988 3745 1134 3802 uariorum.
1150 3745 1259 3802 Materia
1273 3759 1339 3800 uero
1363 3741 1436 3815 ignis
1459 3743 1485 3797 in
1506 3741 1591 3796 altum
1617 3742 1745 3812 projecta
1762 3738 1792 3794 ad

136 3843 221 3900 quom
236 3827 601 3899 inoestipnhilcsvioetaoe!
617 3850 628 3878 ι
646 3836 698 3886 ιιι.
713 3830 804 3900 (hom.
821 3845 861 3898 ιι,
878 3829 935 3901 33.)
989 3838 1007 3894 a
1038 3833 1195 3890 milliarium
1224 3835 1343 3904 (semper
1379 3830 1486 3888 nonnisi
1525 3829 1620 3890 italica
1658 3827 1792 3902 intelligo)

173 3919 252 3972 fctus
279 3917 431 3974 suscitant.
460 3917 609 3974 Terribiles
642 3932 707 3972 sane
740 3919 774 3972 ab
802 3917 937 3988 ejusmodi
991 3924 1144 3980 distantiam
1168 3922 1337 3979 dividebatur
1360 3920 1387 3977 in
1412 3918 1610 3976 minutissimas
1636 3919 1792 3990 particulas,

137 4004 291 4072 montibus,
316 4004 423 4080 integra
450 4005 571 4062 incendis
593 4020 789 4079 nonuunquam
813 4017 936 4066 cructau·
992 4021 1019 4071 et
1034 4012 1124 4085 speeie
1150 4012 1220 4084 ignei
1241 4011 1336 4068 imbris
1358 4009 1488 4066 saeviebat
1516 4008 1545 4064 in
1564 4008 1724 4079 subjeetum
1746 4006 1793 4065 sihi

138 4095 220 4164 tibus,
236 4095 350 4152 acvclnt
364 4094 499 4151 infernum
522 4095 611 4167 ipsum
630 4096 816 4154 evomentibus
838 4100 937 4171 (qnan·
993 4102 1128 4160 tellurem.
1149 4102 1263 4171 Quando
1286 4101 1374 4156 dictus
1389 4115 1468 4156 mons
1490 4097 1602 4155 rabidus
1628 4097 1793 4167 dehiscebat,

139 4201 218 4256 quam
237 4182 351 4242 aaut)
367 4185 465 4241 rectius
478 4201 494 4240 a
506 4187 606 4242 Nostro
621 4185 718 4242 inferni
733 4187 841 4244 nonnisi
855 4192 935 4246 scin·
993 4202 1099 4249 tantum
1114 4191 1246 4248 inferebat
1260 4190 1398 4262 fragorem
1413 4196 1440 4244 et
1465 4197 1544 4244 terrae
1567 4196 1691 4254 motum,
1708 4196 1737 4242 nt
1750 4201 1796 4241 na·

139 4276 212 4332 tittoe
230 4275 311 4346 paulo
330 4281 392 4347 post
411 4275 482 4331 dicta
500 4273 606 4346 fuerint)
620 4284 726 4350 strages
748 4278 823 4333 datas
842 4277 936 4350 fnisse,
993 4298 1090 4355 queam
1115 4281 1177 4337 ullis
1204 4279 1293 4338 verbis
1318 4280 1378 4349 ejus
1410 4279 1551 4334 horrorem
1585 4277 1756 4348 exprimere.
1781 4295 1794 4326 ι

137 4362 259 4420 omnium
289 4372 361 4420 retro
390 4365 551 4421 saeculorum
577 4365 697 4422 historiae
726 4375 866 4426 testantur.
892 4367 938 4423 Sic
955 4346 1141 4444 'fragorem
1166 4369 1280 4445 augebat
1311 4367 1469 4425 vociferatio
1496 4366 1676 4422 lamentantis
1705 4362 1796 4439 populi

139 4451 211 4507 enim
239 4450 378 4509 Diodorus
404 4451 521 4521 Siculus,
546 4456 649 4511 flator.
675 4454 693 4508 l.
719 4470 746 4525 r,
765 4457 856 4526 refert,
875 4471 937 4512 cum
994 4459 1179 4528 Cataueensis,
1197 4458 1242 4515 cni
1256 4457 1400 4515 videbatur
1415 4456 1533 4513 mundns
1557 4454 1685 4511 interire.
1706 4457 1797 4528 lgueru

142 4540 206 4597 oiim
230 4542 330 4599 Sicilia
349 4556 529 4613 persicarios
551 4542 668 4599 habitata
688 4542 793 4612 fuisset,
810 4543 938 4603 incendio
994 4558 1022 4606 et
1038 4565 1145 4607 arenam
1174 4552 1249 4604 tanta
1281 4545 1360 4621 copia
1387 4547 1477 4604 hiatus
1500 4544 1539 4600 illi
1567 4545 1747 4612 evomebant,
1771 4551 1799 4599 ut

144 4629 241 4686 AEfflffli
264 4631 364 4688 “¹⁰⁰¹ss
377 4647 471 4689 ⁰ffl⁰0⁸
494 4648 587 4690 00f¹¹¹¹¹
611 4649 712 4690 mimi
726 4641 843 4703 emitis.
864 4634 939 4692 cine·
993 4639 1081 4711 campi
1102 4638 1165 4698 vivo
1184 4636 1308 4694 incendio
1330 4637 1468 4706 ruberent,
1489 4642 1515 4690 et
1538 4633 1673 4705 oppidum
1707 4635 1796 4705 (cau-

145 4720 274 4794 ribusqne
304 4723 457 4780 universam
492 4723 616 4780 viciniam
645 4732 696 4781 tarn
725 4725 779 4781 alte
804 4726 940 4798 oppletam
994 4745 1055 4796 nea,
1080 4727 1272 4785 imilliaribus
1294 4726 1417 4782 abditus
1432 4723 1547 4794 distans)
1570 4723 1652 4794 qnasi
1672 4722 1798 4794 denigra-

145 4809 238 4883 fuisse,
255 4819 283 4867 nt
297 4828 379 4879 porro
391 4813 535 4887 desperata
552 4813 603 4870 soii
617 4815 659 4870 sni
681 4815 795 4882 cultura,
811 4831 841 4873 se
855 4816 882 4872 in
896 4816 939 4873 in·
994 4819 1029 4875 tis
1043 4818 1132 4874 arenis
1146 4816 1309 4889 operiretur.
1325 4845 1361 4857 -
1377 4837 1389 4866 a
1405 4813 1499 4872 Omnis
1512 4827 1578 4870 vero
1592 4812 1641 4868 illc
1654 4812 1729 4885 ignis
1740 4811 1797 4867 abi·

146 4901 213 4956 sulae
227 4900 409 4958 occidentales
427 4910 516 4973 partes
537 4903 664 4973 procula
687 4903 788 4960 montis
809 4904 880 4962 illius
896 4905 940 4962 fu·
992 4907 1110 4965 batiut
1129 4906 1202 4965 rivos
1230 4903 1356 4976 (domina
1382 4903 1484 4961 rectius
1506 4902 1645 4972 dixisset),
1676 4901 1797 4959 medium

145 4988 255 5044 roribus
282 5005 312 5044 se
338 4991 457 5062 recipere
485 4992 571 5048 coacti
593 4992 710 5060 fuerint,
736 4994 822 5050 donec
850 4994 942 5052 multis
995 4996 1188 5068 amplectentes
1200 5010 1232 5051 ac
1245 4993 1496 5051 circumlambeutea
1510 4992 1796 5064 unatempttr'ernm·

146 5084 241 5149 postea
263 5077 371 5134 saeculis
392 5095 460 5137 nora
474 5080 557 5137 ltaliae
580 5099 658 5157 gens,
673 5098 773 5151 srcuar,
788 5084 942 5156 praeterito·
995 5087 1085 5159 (cuijus
1110 5097 1197 5141 tamen
1226 5083 1356 5140 ambitum
1387 5082 1594 5140 semimilliaris
1623 5095 1686 5137 esse
1722 5090 1799 5137 antea

145 5166 352 5223 nummulorum
371 5167 446 5227 velut
460 5168 564 5243 ignara,
580 5187 677 5230 novam
692 5180 768 5229 trans
782 5172 881 5231 fretum
900 5189 943 5232 co·
997 5175 1143 5247 dixeratis
1168 5173 1216 5247 qui
1242 5173 1326 5230 instar
1346 5171 1511 5243 insulm,vel
1539 5170 1625 5242 rupis,
1656 5169 1684 5226 in
1709 5168 1798 5226 medio

145 5253 245 5312 ioniam
277 5256 305 5311 in
333 5256 469 5315 desertam
496 5261 583 5318 AEtnae
611 5261 737 5320 viciniam
769 5263 939 5321 deduxisset.
998 5265 1167 5321 flammarum
1190 5263 1370 5336 prominebat.
1393 5291 1430 5302 -
1449 5260 1640 5318 l‘rinrariorum
1664 5275 1733 5316 vero
1763 5258 1798 5313 ri·

147 5343 216 5400 Vide
230 5345 304 5413 dein,
319 5363 380 5419 quae
393 5348 428 5405 de
442 5348 576 5406 immensa
589 5350 711 5409 cinerum
726 5353 751 5408 vi
773 5368 807 5407 nx
822 5351 943 5422 ejusdem
999 5370 1094 5412 rorum
1110 5353 1177 5409 ulter
1196 5351 1330 5409 obruebat
1354 5351 1445 5409 villam
1468 5351 1677 5426 lfontiapiiieri,
1692 5356 1723 5403 ut
1738 5365 1796 5403 onr-

148 5433 249 5491 montis
271 5437 374 5494 exustis
387 5439 536 5496 visceribus
550 5441 646 5510 ejecta,
658 5456 690 5498 ac
706 5440 752 5496 toti
768 5439 821 5496 late
838 5438 944 5498 viciniae
999 5444 1046 5499 uia
1059 5443 1182 5513 ejusdem
1196 5440 1311 5515 vestigia
1326 5440 1425 5497 abolita
1438 5438 1558 5496 fuerunt.
1574 5439 1689 5497 -Tota
1711 5453 1797 5493 massa

147 5521 215 5581 adeo
224 5523 327 5596 spissas
340 5528 464 5587 tenebras
474 5526 725 5601 inducente,atper
734 5527 854 5586 ιιιιιιι
863 5545 944 5589 aaran
1001 5532 1081 5604 ignea
1095 5530 1304 5604 protendebatur
1319 5530 1346 5588 in
1355 5530 1527 5590 testudinem
1541 5532 1559 5587 a
1572 5529 1749 5592 malama„
1770 5533 1797 5584 ιι
