3840 6134
63 240 133 302 1325
469 217 636 293 saltabili
651 216 682 281 V.
716 249 754 264 -
772 220 805 282 ll.
824 216 1157 282 60166116111101111
1175 221 1297 287 aanor.
1639 238 1709 302 1326

64 368 223 426 tincturae.»
242 364 340 420 Verum
355 362 480 434 S.Greq.
490 362 556 419 Naz.
567 351 737 415 66613666.
752 341 988 423 tulianflniam
1011 362 1075 404 vero
1108 351 1338 426 repastinatione,
1361 356 1505 417 fruticibus
1535 357 1634 422 alienis
1665 379 1712 425 sut

63 456 165 528 pastori
180 452 285 511 cuidam
299 452 380 522 hujus
396 468 533 525 purpura
555 446 739 507 inventionem
756 443 862 514 tribuit,
916 436 1052 510 lapidibus
1075 439 1168 509 erutis,
1184 451 1313 515 purgatur
1327 461 1403 518 ager,
1426 447 1488 504 ideo
1510 452 1590 507 etiam
1612 458 1712 525 quaeti.

64 548 101 602 ita
114 544 242 614 inquiens
258 560 265 595 :
284 563 295 594 ‹
312 540 404 611 Quid?
419 555 508 596 annon
530 555 588 594 eam
611 535 699 608 Tyriis
716 534 862 603 relinques,
917 527 963 581 bet
975 537 1223 626 purgamentorum,
1249 532 1358 605 ipsaque
1381 538 1512 607 unguium
1534 543 1648 600 resectio
1664 561 1713 617 per

65 621 864 704 66611166ἥ661616616κὺων,ἣτῇκὸχλῳβρωθε1σῃ,661661
916 616 989 670 verbi
1015 617 1215 674 [111181611οΠθὼ
1242 618 1352 720 1239
1372 631 1560 697 repastinalio
1584 634 1713 704 appellari

64 724 131 790 χείλη
145 720 369 794 καθαιμαξάσῃ,τῷ
378 719 471 791 66161161
481 720 507 770 τὸ
521 719 587 777 ἄνθος
600 714 741 789 γνωρίσασα.
754 714 863 786 (patio-
917 704 1165 806 501911106111616
1189 724 1269 764 sensu
1285 717 1368 768 citam
1390 714 1424 771 de
1447 733 1537 773 rerum
1561 725 1713 792 superflua·

66 812 136 866 ralis
155 811 205 867 iile
224 811 302 865 66616
325 810 396 879 fuit,
415 808 464 879 qui
484 823 565 865 exeso
583 807 706 869 murice,
733 803 865 873 labiisque
918 809 976 848 111111
994 800 1039 849 aul
1055 810 1195 895 notatarum
1215 800 1437 869 amputationem
1455 805 1473 859 l.
1489 806 1522 863 de
1541 810 1616 867 Oult.
1632 815 1713 884 sem„

66 916 164 958 cruore
176 902 311 972 perfusis,
325 900 434 970 pastori
448 899 546 966 liorem
559 900 660 952 notum
674 890 802 962 reddens)
819 905 866 961 per
917 898 942 982 ⁰3
960 887 987 949 9.
1003 899 1068 940 usus
1081 895 1237 985 reperitur:
1257 910 1268 940 r
1287 889 1428 990 Quomodo
1443 895 1622 955 humilitatem
1638 913 1716 972 pote-

67 989 189 1047 osvobis
211 988 416 1061 imperatoribus
435 985 642 1059 pannumillum
663 982 794 1056 improbis
808 981 865 1035 luc·
918 988 1011 1042 umba,
1039 990 1094 1028 nou
1117 985 1312 1045 repastinantes
1334 981 1486 1040 divitiamm
1499 996 1648 1045 vestrarum
1671 993 1717 1051 vel

68 1088 175 1137 tunsum
190 1088 217 1134 et
235 1078 381 1148 superbum
397 1075 598 1146 porrexerint»
919 1062 1111 1134 elessasslillufll
1137 1081 1257 1132 usum»
1281 1070 1335 1129 elc-
1362 1070 1484 1143 Itemque
1506 1076 1534 1131 in
1557 1076 1630 1136 lde
1653 1082 1715 1149 Ara,

104 1169 233 1224 Caeterum
263 1167 344 1222 vestis
374 1180 523 1238 purpureo
553 1164 616 1219 olim
640 1161 750 1234 propria
771 1174 868 1231 regum
919 1155 1028 1250 ⁰‘.⁵⁰²
1054 1154 1145 1209 «Nou
1170 1156 1266 1229 magiae
1289 1165 1391 1216 tantum
1415 1163 1489 1219 dabit
1509 1167 1665 1238 qnisquam,
1689 1180 1720 1226 ut

70 1258 163 1326 166661,
180 1256 309 1326 deinceps
329 1255 412 1311 etiarn
428 1253 534 1309 tamiliae
559 1268 628 1319 suae,
642 1258 670 1307 et
694 1247 868 1322 optimatibus
920 1248 1020 1298 eximat
1035 1250 1159 1341 mortem.
1180 1253 1225 1300 aut
1249 1249 1418 1318 repastinet,
1435 1251 1497 1308 vitis
1510 1256 1593 1311 modo
1607 1258 1669 1330 (pro
1683 1261 1720 1316 od

70 1347 147 1420 regni
161 1345 367 1411 communicata,
383 1352 413 1399 ut
425 1343 526 1399 indicio
539 1349 620 1407 esset,
638 1356 685 1397 sos
699 1340 727 1395 in
742 1339 869 1409 majesta·
920 1329 1024 1402 instar)
1039 1340 1130 1398 vitam,
1142 1340 1378 1433 etate-renovata.
1391 1358 1403 1393 s
1415 1341 1719 1416 116661666611666,

70 1436 103 1492 tis
126 1436 206 1507 regiae
231 1432 399 1504 participium
423 1431 558 1487 admissos
580 1430 676 1486 ivisse.
700 1428 790 1499 Reges
810 1428 868 1483 lla·
921 1433 946 1472 ὓ·
967 1422 1023 1472 ¹⁸²
1051 1420 1115 1475 ‘Ul
1136 1436 1290 1520 ⁰⁰⁰¹.m¹⁸⁸¹⁰
1314 1426 1420 1496 ifliusiae
1443 1439 1518 1487 melu
1541 1434 1607 1491 11111
1631 1437 1721 1492 statim

70 1526 140 1581 dian
166 1521 310 1594 purpureis
334 1520 456 1577 vestibus
479 1535 559 1584 usos,
581 1517 736 1589 similesque
758 1516 793 1572 ab
816 1515 869 1570 illis
922 1520 1076 1563 accursurae
1091 1514 1326 1581 repastinaretur.
1346 1536 1358 1565 »
1375 1516 1427 1573 Sed
1450 1528 1478 1575 et
1498 1520 1527 1575 iu
1551 1524 1670 1582 Extare,
1686 1525 1723 1581 avi

70 1612 201 1683 Gedeoni,
227 1609 412 1666 lsraelitarum
437 1608 534 1679 judici,
559 1609 630 1665 dono
652 1606 749 1662 missas
776 1604 870 1675 luisse,
923 1599 1005 1665 cast,
1020 1600 1328 1671 abrenuntiationis
1341 1607 1471 1664 vocabulo
1487 1625 1538 1681 pro
1552 1615 1722 1684 revulsione,

71 1720 104 1761 ex
131 1703 218 1760 tudio.
246 1716 308 1767 vur,
333 1705 379 1769 16,
403 1700 498 1772 116661.
523 1698 633 1768 Daniel,
658 1712 721 1753 cum
743 1709 870 1751 arcanum
887 1663 968 1746 Baua
981 1689 1147 1747 rescissione
1161 1690 1252 1746 utitur.
1287 1780 1293 1790 ·

72 1790 381 1865 incimmemmaum
403 1792 464 1863 regi
486 1789 513 1844 in
532 1788 638 1845 somnio
658 1794 783 1853 ostense,
803 1799 871 1840 sen·
962 1777 1536 1885 6666666666.8666616616666111661
1560 1805 1591 1846 ac
1612 1792 1724 1851 611666-

73 1899 133 1938 sum
161 1881 318 1954 prophetico
344 1896 395 1937 suo
418 1880 516 1949 spiritu
537 1878 692 1950 revelasset,
710 1891 872 1949 purpuram
924 1873 1049 1967 1110111111
1070 1867 1209 1923 b0m1uuut
1226 1879 1370 1971 pigmenta,
1395 1876 1495 1946 quibus
1517 1885 1638 1936 veterem
1658 1885 1726 1953 (imo

73 1979 101 2026 et
123 1987 236 2026 aureum
259 1981 390 2042 torquem,
413 1968 463 2023 sibl
489 1966 517 2021 iu
540 1966 644 2039 regium
667 1980 767 2021 munus
785 1963 872 2020 obve·
923 1969 980 2025 Jam
994 1956 1138 2054 vetustum)
1153 1956 1266 2056 etvelut
1279 1958 1400 2058 elloetam
1414 1979 1491 2021 suam
1515 1965 1726 2043 formositatem,

75 2060 157 2125 nisse,
172 2059 287 2130 ipsemet
306 2075 365 2129 cap.
382 2075 407 2115 v.
428 2060 455 2127 6,
473 2062 594 2114 testatur.
614 2055 669 2126 Sic,
684 2062 714 2110 ut
727 2054 781 2110 alia
794 2054 872 2123 ejus·
925 2057 997 2098 novo
1012 2045 1152 2145 menda⁰t⁰
1169 2046 1287 2146 11111111,
1303 2056 1393 2122 titique
1416 2068 1512 2126 cepere
1533 2072 1565 2113 ac
1588 2058 1662 2117 velut
1675 2077 1727 2119 ec·

74 2147 147 2203 modi
169 2147 291 2217 exempla
314 2156 483 2217 praeteream,
508 2144 662 2199 Alexander
683 2142 762 2209 bala,
787 2140 874 2212 Syriae
928 2134 1057 2204 torpuere
1069 2148 1181 2202 iamiam
1197 2144 1305 2193 invitam
1321 2139 1482 2197 rubedinem
1494 2148 1665 2217 purpurisso
1678 2165 1728 2207 so·

75 2251 133 2301 rex,
154 2236 294 2291 Jonatham
316 2233 515 2289 Macchabaeum
539 2247 619 2287 aurea
640 2245 740 2287 corona
761 2237 787 2286 61
807 2245 874 2299 pur·
927 2220 991 2275 lent.

73 2330 343 2395 pmsemunfflqus
358 2321 449 2386 fuisse,
465 2320 477 2374 1
490 2320 575 2375 pach,
592 2335 623 2389 χ,
640 2322 683 2386 20,
700 2319 809 2390 legitur,
962 2310 1091 2366 Bulaeus.
1121 2311 1227 2366 Nomen
1255 2313 1306 2368 boc
1334 2313 1362 2370 in
1389 2317 1485 2388 plurali
1514 2320 1644 2379 feminino
1673 2326 1729 2397 ipse

113 2411 191 2468 Cedo.
206 2410 399 2466 adverbialiter
416 2409 589 2481 prodinunt
607 2408 706 2466 exhibe
720 2407 801 2463 milvi.
927 2396 1008 2451 eliam
1022 2397 1118 2454 010910
1132 2399 1221 2466 essert,
1246 2410 1276 2456 ¹11
1298 2403 1324 2457 in
1348 2403 1423 2461 Orat·
1448 2423 1497 2478 pro
1520 2412 1555 2467 ll.
1572 2412 1657 2468 Coelio
1671 2414 1731 2471 aar·

112 2503 198 2558 lcum
207 2500 331 2558 crinibus
340 2496 770 2570 616666661ιί6.166166666166
780 2495 875 2551 muudi
927 2502 1049 2543 aearum
1066 2489 1219 2545 Xeniorum
1233 2492 1365 2550 meminit.

77 2591 227 2660 muliebris,
241 2590 275 2646 ab
296 2587 385 2646 olficio
407 2603 456 2643 suo
475 2604 543 2645 oeus
562 2586 681 2644 66166116
698 2587 873 2657 appellatum,
964 2575 1129 2641 H0rlulssm'2
1152 2591 1203 2647 lll⁰
1228 2577 1377 2639 1011111111·
1403 2582 1459 2641 Ηθθ
1482 2586 1616 2657 adjectivo
1639 2599 1729 2649 11111111
1795 2633 1801 2640 -

77 2697 108 2738 66
125 2682 161 2737 66
183 2679 344 2751 capillorum
363 2678 503 2732 cincinnos
523 2674 648 2750 figendos
667 2674 874 2749 excogitatum:
928 2676 1011 2717 ⁸0⁰⁵l¹
1034 2678 1085 2720 V⁰x
1110 2663 1280 2723 1011110111
1307 2669 1382 2738 apud
1405 2680 1511 2729 1011111
1532 2675 1601 2733 alios
1618 2680 1663 2734 le
1677 2694 1728 2737 oc·

76 2771 112 2827 de
125 2785 178 2843 quo
192 2767 319 2824 Martialis
333 2767 378 2823 lib.
394 2782 453 2836 xxv,
468 2765 555 2837 epigr.
570 2767 605 2820 at
622 2783 629 2824 :
929 2757 1029 2806 “ulfel-

154 2885 224 2948 Figat
239 2898 298 2934 acus
313 2897 424 2946 sparsas,
440 2880 613 2945 snsdneatqne
630 2894 724 2931 eomas.

76 2992 112 3048 Et
125 2992 175 3049 lib.
190 3007 219 3057 u,
234 2993 320 3064 epigr.
332 2995 365 3047 66
384 3008 391 3045 z

156 3107 225 3159 lluus
239 3106 271 3156 de
285 3115 337 3157 toto
353 3114 501 3170 peccaverat
519 3105 580 3156 orbe
596 3119 721 3156 comarum

186 3170 312 3230 11666166,
327 3170 421 3219 1666616
434 3184 484 3219 666
498 3169 562 3219 6666
575 3169 640 3219 fixus
654 3182 710 3218 acu.

76 3278 143 3334 Erat
156 3285 182 3334 et
201 3277 407 3336 discriminatis
424 3277 487 3346 alia,
503 3276 649 3335 nomnibus
667 3276 740 3333 velut
753 3274 877 3350 cingilla.

77 3368 145 3438 tim,
170 3368 364 3441 improbaque,
392 3383 511 3441 saneque
538 3366 717 3434 improbanda
745 3366 878 3423 industria

78 3456 311 3514 discriminandis
334 3457 415 3511 dicta.
436 3456 493 3511 lloc
513 3461 605 3510 autern
626 3455 695 3512 inter
716 3456 838 3528 viraines
851 3464 879 3515 et
950 3506 956 3519 ,

78 3546 214 3602 mutieres
227 3547 350 3604 erinium
365 3545 510 3601 discrimen
520 3553 588 3606 erat,
597 3546 670 3614 quod
685 3546 736 3601 illae
750 3549 878 3616 cirratis,

78 3635 122 3689 bre
142 3649 206 3691 vero
223 3651 239 3691 6
261 3634 349 3691 fronte
367 3635 462 3692 dionis
481 3640 629 3690 uterentur.
645 3634 723 3690 Unde
737 3635 834 3691 Noster
850 3636 879 3693 in

77 3725 126 3780 lib.
143 3724 177 3780 de
187 3724 241 3781 vel.
256 3727 338 3796 vira,
350 3740 375 3780 c.
393 3723 503 3795 166116
522 3744 533 3775 r
551 3724 690 3796 Simulque
705 3740 735 3780 se
751 3725 879 3784 mulieres

78 3811 296 3868 intellexemnt...
312 3820 419 3870 vertunt
432 3812 545 3884 (propre
564 3812 734 3885 scripsissem
748 3818 879 3887 oemunt)

78 3900 216 3971 capillum,
232 3911 259 3958 et
272 3902 300 3957 in
319 3918 369 3958 666
391 3903 535 3961 lasciviore
558 3918 663 3959 comam
687 3903 740 3960 sibi
763 3904 879 3964 inferunt

78 3990 186 4062 (quidni
207 3992 299 4062 potins
323 3991 486 4062 inserenti)
506 3992 624 4049 crinibus
643 3992 763 4050 6166616
786 3995 879 4051 divisis

77 4088 199 4150 apertam
210 4081 340 4153 professae
356 4081 556 4138 mulieritatem.
574 4104 587 4131 »

116 4171 249 4228 Dentibus
271 4171 433 4229 elimandis.
447 4171 562 4228 Pulvere
580 4169 643 4227 otim
659 4186 770 4243 quoque
785 4173 880 4230 666166

77 4258 186 4332 detergi
205 4259 345 4327 solebant;
365 4267 391 4317 et
412 4260 475 4318 hinc
495 4268 558 4317 sunt
576 4259 618 4317 illi
635 4260 708 4332 apud
721 4262 879 4333 Apuleium,

77 4438 133 4494 culi
147 4456 154 4493 :

158 4552 223 4615 llisi,
239 4563 268 4605 nt
283 4555 376 4619 petisti,
387 4556 544 4608 mundicinns
555 4559 676 4619 dentium,

157 4615 278 4678 Tenuem,
293 4618 450 4675 candihcum.
465 4619 576 4671 nobilem
590 4621 771 4685 pulvisculum,

157 4677 375 4742 Complanatorem
391 4682 521 4732 tumidnlae
540 4685 680 4756 qinm'mlae,

158 4739 358 4791 Converritorem
372 4743 493 4806 pridiana
505 4747 632 4810 reliquum

158 4801 194 4852 116
209 4817 260 4868 666
272 4805 387 4854 videatur
401 4814 465 4855 tetra
478 4807 549 4857 labes
563 4810 687 4872 sordium,

158 4863 289 4916 hestrictis
306 4868 368 4917 torte
384 4868 406 4917 si
420 4869 521 4921 labellis
537 4871 632 4923 riseris.

116 4972 275 5029 Biseaium.
291 4973 421 5031 Forfioem
436 4975 884 5052 161611161616666666661666666

78 5059 301 5135 instrumentum,
335 5063 481 5134 bitumum,
501 5074 565 5138 etc,
583 5070 762 5126 asartorihus
779 5083 884 5129 mutua·

77 5157 147 5211 turn.

117 5241 348 5312 llepastinandis.
373 5243 513 5302 llusticum
536 5246 658 5316 verbum,
683 5255 710 5304 et
730 5250 885 5310 vinitorum

80 5329 202 5386 maxime
223 5331 373 5402 proprium,
399 5333 445 5405 qui
469 5337 647 5408 repastincre
673 5337 775 5405 dicunt,
790 5355 887 5411 agrum
938 5357 1020 5414 arce,
1045 5343 1255 5414 Sclrrofenstein
1277 5347 1430 5421 appellata,
1453 5367 1537 5422 prope
1561 5355 1686 5413 1666661
1710 5359 1735 5415 16
1827 5351 1838 5373 “

80 5419 197 5491 pastino
211 5418 343 5491 (birlurco
359 5421 468 5492 pariter,
483 5425 532 5479 sed
547 5424 627 5498 longe
642 5425 751 5482 alterius
764 5428 886 5500 generis,

79 5507 272 5583 instrumento)
291 5510 425 5581 refodere,
445 5513 498 5574 dea
518 5513 609 5572 victer
627 5516 794 5577 umbaeken.
815 5516 889 5588 Quo·

967 2839 1146 2897 Senectutem
1160 2843 1229 2898 viai.
1250 2843 1368 2916 Elegans
1383 2847 1418 2903 ed
1433 2851 1524 2907 vinnm
1540 2860 1675 2911 vetustum
1690 2859 1730 2915 si-

930 2927 1113 2997 gnificandum
1136 2932 1303 3002 metaphora,
1327 2936 1400 3007 quod
1423 2938 1459 2993 ob
1481 2940 1619 2998 leuitatem
1643 2961 1730 3018 suam,

928 3015 986 3083 iam
1000 3026 1106 3072 exutam
1123 3021 1541 3097 666666611616666666161666,
1549 3033 1626 3103 quasi
1638 3035 1731 3091 denti·

930 3102 982 3160 bus
996 3120 1098 3173 carens,
1114 3115 1221 3165 veteres
1234 3108 1337 3179 dixere,
1348 3123 1376 3169 ut
1388 3115 1484 3171 iterum
1497 3118 1626 3177 Plautia
1639 3125 1728 3192 Pver„

931 3194 991 3249 Act.
1008 3209 1049 3262 m,
1066 3211 1141 3252 scen.
1157 3201 1173 3253 3
1188 3215 1195 3252 :

995 3310 1123 3363 Vetustate
1138 3313 1199 3366 vino
1208 3315 1326 3367 edentulo
1341 3327 1440 3372 aetatem
1451 3323 1546 3388 irriges.

966 3419 1002 3475 Ut
1024 3427 1114 3476 autem
1137 3431 1263 3480 senectus
1286 3424 1343 3483 vini
1368 3442 1595 3506 cognosceretur,
1619 3453 1636 3493 6
1660 3439 1733 3497 vasis

930 3507 1045 3563 vinariis
1061 3509 1167 3565 tubelle
1181 3528 1320 3582 suspensae
1339 3526 1496 3593 erantque
1511 3539 1581 3581 6666
1596 3526 1734 3599 quibusve·

930 3596 1087 3653 consulibus
1109 3600 1246 3671 quodlibet
1268 3603 1360 3662 vinum
1384 3608 1521 3667 conditum
1544 3612 1652 3687 luisset,
1673 3633 1731 3690 pre

930 3700 961 3743 66
975 3685 1099 3743 16666166.
1112 3688 1203 3760 Atque
1216 3689 1280 3749 hinc
1293 3701 1334 3749 est
1349 3694 1416 3752 illud
1429 3698 1527 3757 Tibulli
1542 3720 1550 3759 τ

993 3827 1076 3943 2313ch
1077 3830 1145 3943 ffsihi
1161 3831 1634 3904 1666666666166166661661616166666

969 4008 1045 4063 Unde
1057 4011 1157 4065 einum
1171 4014 1321 4071 consulare
1345 4033 1393 4083 pro
1415 4024 1599 4082 vetustissimo
1612 4030 1731 4099 optimo·

933 4110 987 4167 que
1002 4103 1160 4165 usurpatum
1173 4099 1305 4158 habetur:
1320 4103 1464 4175 interque
1477 4111 1592 4168 maxime
1606 4115 1732 4187 Opimia·

933 4200 1015 4253 num,
1040 4198 1055 4237 a
1079 4185 1220 4242 consulatu
1233 4188 1264 4242 b.
1279 4189 1383 4262 Opimii
1402 4192 1466 4264 (sub
1481 4212 1546 4267 quo,
1572 4206 1602 4255 ut
1619 4209 1734 4263 testatur

719 4351 724 4362 Ι
854 4352 860 4364 ι
892 4271 1016 4384 nmio,
1040 4270 1059 4326 l.
1082 4287 1143 4337 xrv,
1164 4288 1189 4329 c.
1215 4277 1261 4344 11,
1281 4277 1400 4346 optimus
1423 4281 1478 4338 viui
1501 4297 1649 4357 proventus
1663 4293 1732 4367 6661)

76 4362 148 4420 quos
162 4349 242 4422 Apol.
258 4351 280 4407 1.
296 4366 305 4406 t
320 4366 352 4407 ex
366 4350 469 4410 Catullo
483 4349 658 4423 depromptos
672 4360 777 4424 recitat,
792 4368 879 4411 verst-
934 4361 1009 4427 olim,
1029 4366 1056 4416 et
1073 4359 1189 4416 maxime
1203 4377 1220 4417 a
1233 4363 1360 4422 Petronio
1374 4365 1494 4437 6616166,
1509 4387 1534 4429 6.
1550 4377 1595 4446 31,
1611 4376 1733 4437 celebra·

935 4458 992 4508 tum
1006 4449 1108 4521 tuerat3
1124 4452 1202 4520 cujns
1215 4452 1295 4508 etiam
1317 4454 1411 4512 Cicero
1425 4457 1455 4513 in
1469 4458 1488 4516 l.
1504 4460 1538 4520 de
1551 4465 1637 4524 claris
1654 4468 1730 4528 Orat.

934 4556 960 4597 c.
977 4543 1011 4596 63
1026 4540 1158 4606 meminit,
1180 4562 1191 4592 i
1208 4542 1242 4598 de
1255 4541 1369 4600 Falerno
1382 4544 1445 4602 vino
1458 4563 1556 4620 agens:
1573 4555 1620 4611 sed
1635 4571 1668 4613 eo
1680 4573 1733 4617 666

935 4629 972 4685 ita
986 4644 1067 4701 novo,
1091 4637 1121 4685 ut
1142 4630 1272 4701 proximis
1295 4633 1453 4690 consulibus
1475 4644 1568 4695 natum
1592 4645 1665 4714 velit,
1683 4661 1735 4703 nec

935 4734 1030 4774 rursus
1045 4717 1197 4784 itavcterc,
1213 4728 1243 4774 ut
1269 4719 1406 4789 Opimium
1430 4730 1458 4779 et
1481 4726 1608 4786 Anicium
1630 4747 1732 4792 consu-

935 4806 987 4862 lem
1013 4813 1126 4877 quaerat.
1152 4825 1163 4856 6
1189 4807 1226 4862 ht
1247 4822 1313 4865 vero
1337 4825 1400 4865 cum
1414 4814 1570 4874 consulatus
1585 4817 1686 4890 Opimii
1705 4824 1736 4881 in

935 4910 979 4952 66.
1005 4895 1037 4950 U.
1061 4895 1092 4950 C.
1115 4898 1178 4963 631,
1195 4904 1256 4954 6616
1280 4898 1344 4954 Chr.
1360 4905 1422 4970 119,
1442 4904 1575 4975 inciderit,
1591 4909 1736 4972 Petronius

939 4998 1005 5042 vero
1020 4984 1090 5039 circa
1113 4985 1146 5039 Α.
1171 4984 1200 5042 C.
1225 4988 1270 5058 66,
1286 5003 1335 5044 666
1359 4989 1392 5044 U.
1414 4991 1443 5048 C.
1460 4996 1511 5050 ata
1526 4997 1633 5069 obierit,
1651 5011 1734 5074 patet,

938 5080 1059 5144 tempore
1080 5072 1198 5130 Petronii
1224 5074 1319 5131 vinum
1343 5077 1409 5134 illud
1432 5080 1512 5140 lacile
1535 5090 1587 5144 tao
1602 5105 1735 5149 annorum

937 5159 1030 5218 luisse.

977 5251 1030 5311 Sed
1048 5252 1112 5323 qnid
1136 5254 1189 5311 hoc
1210 5256 1244 5310 66
1268 5256 1359 5313 vinnm
1382 5258 1460 5330 illud,
1480 5265 1553 5334 quod
1581 5267 1607 5319 in
1630 5274 1738 5324 vetusta

940 5432 1081 5503 Tyrolensi
1105 5435 1251 5504 comitatu,
1274 5446 1446 5504 asservatur,
1470 5449 1498 5496 et
1518 5441 1661 5514 plusquam
1685 5449 1737 5504 too

940 5537 1074 5580 annorum
1097 5533 1260 5583 senectutem
1285 5526 1356 5584 lerre
1379 5527 1505 5585 dicitur?
1528 5529 1608 5590 Certe
1634 5533 1739 5592 dolium
