<?xml version="1.0" encoding="UTF-8"?>
<!DOCTYPE html PUBLIC "-//W3C//DTD XHTML 1.0 Transitional//EN"
    "http://www.w3.org/TR/xhtml1/DTD/xhtml1-transitional.dtd">
<html xmlns="http://www.w3.org/1999/xhtml" xml:lang="en" lang="en">
 <head>
  <title>
</title>
<meta http-equiv="Content-Type" content="text/html;charset=utf-8" />
  <meta name='ocr-system' content='tesseract 3.04.00' />
  <meta name='ocr-capabilities' content='ocr_page ocr_carea ocr_par ocr_line ocrx_word'/>
</head>
<body>
  <div class='ocr_page' id='page_1' title='image "./patrologiaecurs51unkngoog/patrologiaecurs51unkngoog_0460.png"; bbox 0 0 3840 6134; ppageno 0'>
   <div class='ocr_carea' id='block_1_1' title="bbox 55 302 1687 381">
    <p class='ocr_par' dir='ltr' id='par_1_1' title="bbox 55 302 1687 381">
     <span class='ocr_line' id='line_1_1' title="bbox 55 302 1687 381; baseline 0.002 -19"><span class='ocrx_word' id='word_1_1' title='bbox 55 302 110 362; x_wconf 75' lang='grc'><strong>900</strong></span> <span class='ocrx_word' id='word_1_2' title='bbox 579 308 676 372; x_wconf 76' lang='lat' dir='ltr'><strong>clota</strong></span> <span class='ocrx_word' id='word_1_3' title='bbox 700 310 742 372; x_wconf 79' lang='lat' dir='ltr'><strong>DE</strong></span> <span class='ocrx_word' id='word_1_4' title='bbox 767 304 1040 375; x_wconf 74' lang='lat' dir='ltr'>RESURRECTIONE</span> <span class='ocrx_word' id='word_1_5' title='bbox 1057 305 1186 369; x_wconf 73' lang='lat' dir='ltr'><strong>ustula.</strong></span> <span class='ocrx_word' id='word_1_6' title='bbox 1654 318 1687 381; x_wconf 74' lang='lat' dir='ltr'><strong>pt</strong></span> 
     </span>
    </p>
   </div>
   <div class='ocr_carea' id='block_1_2' title="bbox 55 402 1714 584">
    <p class='ocr_par' dir='ltr' id='par_1_2' title="bbox 55 402 1714 584">
     <span class='ocr_line' id='line_1_2' title="bbox 56 402 1714 490; baseline 0.012 -34"><span class='ocrx_word' id='word_1_7' title='bbox 56 404 147 457; x_wconf 83' lang='lat' dir='ltr'><strong>adbuc</strong></span> <span class='ocrx_word' id='word_1_8' title='bbox 161 402 276 474; x_wconf 76' lang='lat' dir='ltr'><strong>ingerit:</strong></span> <span class='ocrx_word' id='word_1_9' title='bbox 294 405 333 460; x_wconf 85' lang='lat' dir='ltr'><strong>lle</strong></span> <span class='ocrx_word' id='word_1_10' title='bbox 348 420 411 478; x_wconf 80' lang='lat' dir='ltr'><strong>erpo</strong></span> <span class='ocrx_word' id='word_1_11' title='bbox 426 410 587 479; x_wconf 82' lang='lat' dir='ltr'><strong>repnaneril</strong></span> <span class='ocrx_word' id='word_1_12' title='bbox 599 411 630 469; x_wconf 87' lang='lat' dir='ltr'><strong>in</strong></span> <span class='ocrx_word' id='word_1_13' title='bbox 646 426 761 484; x_wconf 80' lang='lat' dir='ltr'><strong>corpore</strong></span> <span class='ocrx_word' id='word_1_14' title='bbox 772 419 865 475; x_wconf 83' lang='lat' dir='ltr'><strong>uestro</strong></span> <span class='ocrx_word' id='word_1_15' title='bbox 923 409 966 477; x_wconf 84' lang='lat' dir='ltr'><strong>lli,</strong></span> <span class='ocrx_word' id='word_1_16' title='bbox 982 409 1058 464; x_wconf 84' lang='lat' dir='ltr'><strong>sicot</strong></span> <span class='ocrx_word' id='word_1_17' title='bbox 1076 407 1206 478; x_wconf 81' lang='lat' dir='ltr'><strong>repnacit</strong></span> <span class='ocrx_word' id='word_1_18' title='bbox 1220 407 1253 464; x_wconf 83' lang='lat' dir='ltr'><strong>itt</strong></span> <span class='ocrx_word' id='word_1_19' title='bbox 1261 413 1350 466; x_wconf 80' lang='lat' dir='ltr'><strong>atarto</strong></span> <span class='ocrx_word' id='word_1_20' title='bbox 1362 407 1509 477; x_wconf 79' lang='lat' dir='ltr'><strong>delictam,</strong></span> <span class='ocrx_word' id='word_1_21' title='bbox 1525 415 1569 470; x_wconf 89' lang='lat' dir='ltr'><strong>ita</strong></span> <span class='ocrx_word' id='word_1_22' title='bbox 1582 421 1611 473; x_wconf 88' lang='lat' dir='ltr'><strong>el</strong></span> <span class='ocrx_word' id='word_1_23' title='bbox 1620 421 1714 490; x_wconf 79' lang='lat' dir='ltr'><strong>pratia</strong></span> 
     </span>
     <span class='ocr_line' id='line_1_3' title="bbox 55 491 1710 584; baseline 0.011 -36"><span class='ocrx_word' id='word_1_24' title='bbox 55 491 178 548; x_wconf 78' lang='lat' dir='ltr'><strong><em>mortali</em></strong></span> <span class='ocrx_word' id='word_1_25' title='bbox 190 491 395 565; x_wconf 78' lang='lat' dir='ltr'><em>delinquentia,</em></span> <span class='ocrx_word' id='word_1_26' title='bbox 416 494 450 549; x_wconf 88' lang='lat' dir='ltr'><strong>ab</strong></span> <span class='ocrx_word' id='word_1_27' title='bbox 465 495 674 557; x_wconf 83' lang='lat' dir='ltr'><strong>obaudiendum</strong></span> <span class='ocrx_word' id='word_1_28' title='bbox 697 502 751 568; x_wconf 85' lang='lat' dir='ltr'><strong>illi,</strong></span> <span class='ocrx_word' id='word_1_29' title='bbox 777 506 806 558; x_wconf 87' lang='lat' dir='ltr'><strong>et</strong></span> <span class='ocrx_word' id='word_1_30' title='bbox 827 503 863 561; x_wconf 88' lang='lat' dir='ltr'><strong>nd</strong></span> <span class='ocrx_word' id='word_1_31' title='bbox 922 502 1016 570; x_wconf 76' lang='lat' dir='ltr'><strong>ropnal</strong></span> <span class='ocrx_word' id='word_1_32' title='bbox 1029 496 1235 576; x_wconf 74' lang='lat' dir='ltr'><strong>perjoulilium</strong></span> <span class='ocrx_word' id='word_1_33' title='bbox 1248 497 1280 562; x_wconf 82' lang='lat' dir='ltr'><strong>in</strong></span> <span class='ocrx_word' id='word_1_34' title='bbox 1291 497 1381 552; x_wconf 64' lang='lat' dir='ltr'><strong>vitam</strong></span> <span class='ocrx_word' id='word_1_35' title='bbox 1395 501 1596 575; x_wconf 77' lang='lat' dir='ltr'><strong>senpiternam</strong></span> <span class='ocrx_word' id='word_1_36' title='bbox 1604 522 1656 584; x_wconf 83' lang='lat' dir='ltr'><strong>per</strong></span> <span class='ocrx_word' id='word_1_37' title='bbox 1665 509 1710 573; x_wconf 80' lang='lat' dir='ltr'><strong>lc-</strong></span> 
     </span>
    </p>
   </div>
   <div class='ocr_carea' id='block_1_3' title="bbox 53 579 1825 678">
    <p class='ocr_par' dir='ltr' id='par_1_3' title="bbox 53 579 1825 678">
     <span class='ocr_line' id='line_1_4' title="bbox 53 579 1825 678; baseline 0.007 -40"><span class='ocrx_word' id='word_1_38' title='bbox 53 579 247 638; x_wconf 76' lang='lat' dir='ltr'><strong>exhibendam</strong></span> <span class='ocrx_word' id='word_1_39' title='bbox 256 582 381 638; x_wconf 85' lang='lat' dir='ltr'><strong>membra</strong></span> <span class='ocrx_word' id='word_1_40' title='bbox 395 588 489 640; x_wconf 86' lang='lat' dir='ltr'><strong>vestra</strong></span> <span class='ocrx_word' id='word_1_41' title='bbox 503 602 586 643; x_wconf 88' lang='lat' dir='ltr'><strong>arma</strong></span> <span class='ocrx_word' id='word_1_42' title='bbox 602 589 863 659; x_wconf 80' lang='lat' dir='ltr'><strong>irtjaslilice,clelin-</strong></span> <span class='ocrx_word' id='word_1_43' title='bbox 917 603 981 644; x_wconf 82' lang='lat' dir='ltr'><strong>sunt</strong></span> <span class='ocrx_word' id='word_1_44' title='bbox 999 585 1144 643; x_wconf 79' lang='lat' dir='ltr'><em>Christum</em></span> <span class='ocrx_word' id='word_1_45' title='bbox 1158 586 1310 644; x_wconf 84' lang='lat' dir='ltr'><strong>Dominum</strong></span> <span class='ocrx_word' id='word_1_46' title='bbox 1323 590 1466 648; x_wconf 82' lang='lat' dir='ltr'><strong>nostram.</strong></span> <span class='ocrx_word' id='word_1_47' title='bbox 1484 586 1624 660; x_wconf 80' lang='lat' dir='ltr'><strong>Quomodo</strong></span> <span class='ocrx_word' id='word_1_48' title='bbox 1639 595 1675 657; x_wconf 88' lang='lat' dir='ltr'><strong>ita</strong></span> <span class='ocrx_word' id='word_1_49' title='bbox 1689 598 1712 678; x_wconf 70' lang='lat'><strong>⁸,</strong></span> <span class='ocrx_word' id='word_1_50' title='bbox 1815 633 1825 647; x_wconf 90' lang='lat'><em>.</em></span> 
     </span>
    </p>
   </div>
   <div class='ocr_carea' id='block_1_4' title="bbox 11 670 1715 3764">
    <p class='ocr_par' dir='ltr' id='par_1_4' title="bbox 11 670 1715 3764">
     <span class='ocr_line' id='line_1_5' title="bbox 57 670 1712 753; baseline 0.01 -27"><span class='ocrx_word' id='word_1_51' title='bbox 57 671 204 752; x_wconf 69' lang='lat' dir='ltr'><strong>quentiae:</strong></span> <span class='ocrx_word' id='word_1_52' title='bbox 228 670 276 727; x_wconf 84' lang='lat' dir='ltr'><strong>sed</strong></span> <span class='ocrx_word' id='word_1_53' title='bbox 297 670 425 730; x_wconf 69' lang='lat' dir='ltr'><strong>calmeta</strong></span> <span class='ocrx_word' id='word_1_54' title='bbox 444 677 626 748; x_wconf 77' lang='lat' dir='ltr'><strong>oosrnctipsos</strong></span> <span class='ocrx_word' id='word_1_55' title='bbox 648 680 713 746; x_wconf 86' lang='lat' dir='ltr'><strong>Deo,</strong></span> <span class='ocrx_word' id='word_1_56' title='bbox 731 681 811 737; x_wconf 85' lang='lat' dir='ltr'><strong>velot</strong></span> <span class='ocrx_word' id='word_1_57' title='bbox 825 697 862 739; x_wconf 80' lang='lat' dir='ltr'><strong>ex</strong></span> <span class='ocrx_word' id='word_1_58' title='bbox 915 675 938 731; x_wconf 91' lang='lat' dir='ltr'><strong>si</strong></span> <span class='ocrx_word' id='word_1_59' title='bbox 958 689 1012 729; x_wconf 89' lang='lat' dir='ltr'><strong>non</strong></span> <span class='ocrx_word' id='word_1_60' title='bbox 1029 689 1105 745; x_wconf 86' lang='lat' dir='ltr'><strong>aeque</strong></span> <span class='ocrx_word' id='word_1_61' title='bbox 1119 672 1146 729; x_wconf 91' lang='lat' dir='ltr'><strong>in</strong></span> <span class='ocrx_word' id='word_1_62' title='bbox 1165 674 1270 733; x_wconf 81' lang='lat' dir='ltr'><strong>carnal</strong></span> <span class='ocrx_word' id='word_1_63' title='bbox 1285 674 1337 732; x_wconf 87' lang='lat' dir='ltr'><strong>Ubi</strong></span> <span class='ocrx_word' id='word_1_64' title='bbox 1360 677 1432 734; x_wconf 91' lang='lat' dir='ltr'><strong>enim</strong></span> <span class='ocrx_word' id='word_1_65' title='bbox 1456 691 1542 753; x_wconf 86' lang='lat' dir='ltr'><strong>mors,</strong></span> <span class='ocrx_word' id='word_1_66' title='bbox 1564 679 1603 739; x_wconf 91' lang='lat' dir='ltr'><strong>ibi</strong></span> <span class='ocrx_word' id='word_1_67' title='bbox 1617 689 1643 740; x_wconf 89' lang='grc' dir='ltr'><strong>ει</strong></span> <span class='ocrx_word' id='word_1_68' title='bbox 1657 685 1712 753; x_wconf 83' lang='lat' dir='ltr'><strong>vita</strong></span> 
     </span>
     <span class='ocr_line' id='line_1_6' title="bbox 54 758 1711 841; baseline 0.009 -24"><span class='ocrx_word' id='word_1_69' title='bbox 54 759 178 817; x_wconf 77' lang='lat' dir='ltr'><strong><em>mortuis</em></strong></span> <span class='ocrx_word' id='word_1_70' title='bbox 190 761 282 825; x_wconf 62' lang='lat' dir='ltr'><strong>ninom</strong></span> <span class='ocrx_word' id='word_1_71' title='bbox 297 775 351 815; x_wconf 91' lang='lat' dir='ltr'><strong>non</strong></span> <span class='ocrx_word' id='word_1_72' title='bbox 365 758 438 817; x_wconf 88' lang='lat' dir='ltr'><strong>velut</strong></span> <span class='ocrx_word' id='word_1_73' title='bbox 453 759 538 829; x_wconf 84' lang='lat' dir='ltr'><strong>viros,</strong></span> <span class='ocrx_word' id='word_1_74' title='bbox 551 764 599 821; x_wconf 91' lang='lat' dir='ltr'><strong>scd</strong></span> <span class='ocrx_word' id='word_1_75' title='bbox 610 763 683 822; x_wconf 88' lang='lat' dir='ltr'><strong>velut</strong></span> <span class='ocrx_word' id='word_1_76' title='bbox 697 782 731 823; x_wconf 87' lang='lat' dir='ltr'><strong>ex</strong></span> <span class='ocrx_word' id='word_1_77' title='bbox 747 767 862 826; x_wconf 77' lang='lat' dir='ltr'>mortuis</span> <span class='ocrx_word' id='word_1_78' title='bbox 914 773 977 835; x_wconf 90' lang='lat' dir='ltr'><strong>post</strong></span> <span class='ocrx_word' id='word_1_79' title='bbox 990 770 1126 829; x_wconf 61' lang='lat' dir='ltr'><strong>murteum</strong></span> <span class='ocrx_word' id='word_1_80' title='bbox 1142 763 1205 836; x_wconf 89' lang='lat' dir='ltr'><strong>qnia</strong></span> <span class='ocrx_word' id='word_1_81' title='bbox 1218 772 1245 820; x_wconf 89' lang='lat' dir='ltr'><strong>et</strong></span> <span class='ocrx_word' id='word_1_82' title='bbox 1259 763 1313 823; x_wconf 83' lang='lat' dir='ltr'><strong>sita</strong></span> <span class='ocrx_word' id='word_1_83' title='bbox 1325 763 1364 822; x_wconf 90' lang='lat' dir='ltr'><strong>ibi</strong></span> <span class='ocrx_word' id='word_1_84' title='bbox 1377 771 1451 836; x_wconf 90' lang='lat' dir='ltr'><strong>ante,</strong></span> <span class='ocrx_word' id='word_1_85' title='bbox 1462 765 1507 824; x_wconf 93' lang='lat' dir='ltr'><strong>ubi</strong></span> <span class='ocrx_word' id='word_1_86' title='bbox 1522 779 1617 841; x_wconf 88' lang='lat' dir='ltr'><strong>postea</strong></span> <span class='ocrx_word' id='word_1_87' title='bbox 1627 789 1711 841; x_wconf 84' lang='lat' dir='ltr'><strong>mors,</strong></span> 
     </span>
     <span class='ocr_line' id='line_1_7' title="bbox 54 844 1712 931; baseline 0.006 -26"><span class='ocrx_word' id='word_1_88' title='bbox 54 844 133 906; x_wconf 83' lang='lat' dir='ltr'><strong>vivos</strong></span> <span class='ocrx_word' id='word_1_89' title='bbox 139 865 147 920; x_wconf 76' lang='lat'><em>3</em></span> <span class='ocrx_word' id='word_1_90' title='bbox 163 852 193 904; x_wconf 87' lang='lat' dir='ltr'><strong>el</strong></span> <span class='ocrx_word' id='word_1_91' title='bbox 205 850 330 906; x_wconf 86' lang='lat' dir='ltr'><strong>membra</strong></span> <span class='ocrx_word' id='word_1_92' title='bbox 344 854 446 914; x_wconf 86' lang='lat' dir='ltr'><strong>uestra,</strong></span> <span class='ocrx_word' id='word_1_93' title='bbox 463 868 545 908; x_wconf 89' lang='lat' dir='ltr'><strong>arma</strong></span> <span class='ocrx_word' id='word_1_94' title='bbox 555 853 691 925; x_wconf 80' lang='lat' dir='ltr'><strong>justitia.</strong></span> <span class='ocrx_word' id='word_1_95' title='bbox 707 856 742 910; x_wconf 88' lang='lat' dir='ltr'><strong>Et</strong></span> <span class='ocrx_word' id='word_1_96' title='bbox 751 865 860 913; x_wconf 84' lang='lat' dir='ltr'><strong>rursus:</strong></span> <span class='ocrx_word' id='word_1_97' title='bbox 914 851 984 908; x_wconf 91' lang='lat' dir='ltr'><strong>Nam</strong></span> <span class='ocrx_word' id='word_1_98' title='bbox 999 851 1022 907; x_wconf 91' lang='lat' dir='ltr'><strong>si</strong></span> <span class='ocrx_word' id='word_1_99' title='bbox 1041 867 1155 927; x_wconf 78' lang='lat' dir='ltr'><strong>regnum</strong></span> <span class='ocrx_word' id='word_1_100' title='bbox 1169 851 1264 908; x_wconf 89' lang='lat' dir='ltr'><strong>mortis</strong></span> <span class='ocrx_word' id='word_1_101' title='bbox 1286 851 1352 915; x_wconf 89' lang='lat' dir='ltr'><strong>nibil</strong></span> <span class='ocrx_word' id='word_1_102' title='bbox 1369 863 1507 926; x_wconf 73' lang='lat' dir='ltr'>operatur,</span> <span class='ocrx_word' id='word_1_103' title='bbox 1524 873 1605 931; x_wconf 86' lang='lat' dir='ltr'><strong>qnam</strong></span> <span class='ocrx_word' id='word_1_104' title='bbox 1623 862 1712 923; x_wconf 80' lang='lat' dir='ltr'><strong>carnis</strong></span> 
     </span>
     <span class='ocr_line' id='line_1_8' title="bbox 55 936 1711 1022; baseline 0.009 -28"><span class='ocrx_word' id='word_1_105' title='bbox 55 936 140 994; x_wconf 80' lang='lat' dir='ltr'><strong>Sicut</strong></span> <span class='ocrx_word' id='word_1_106' title='bbox 156 937 327 999; x_wconf 74' lang='lat' dir='ltr'><strong>exhibuistis</strong></span> <span class='ocrx_word' id='word_1_107' title='bbox 346 939 472 995; x_wconf 81' lang='lat' dir='ltr'><strong>merubra</strong></span> <span class='ocrx_word' id='word_1_108' title='bbox 494 945 588 997; x_wconf 85' lang='lat' dir='ltr'><strong>cestra</strong></span> <span class='ocrx_word' id='word_1_109' title='bbox 605 943 719 1014; x_wconf 76' lang='lat' dir='ltr'><strong>famula</strong></span> <span class='ocrx_word' id='word_1_110' title='bbox 735 945 861 1002; x_wconf 88' lang='lat' dir='ltr'><strong>imman—</strong></span> <span class='ocrx_word' id='word_1_111' title='bbox 915 940 1133 1007; x_wconf 80' lang='lat' dir='ltr'><strong>dissolutionem,</strong></span> <span class='ocrx_word' id='word_1_112' title='bbox 1162 938 1277 1020; x_wconf 84' lang='lat' dir='ltr'><strong>proinde</strong></span> <span class='ocrx_word' id='word_1_113' title='bbox 1310 941 1402 1010; x_wconf 85' lang='lat' dir='ltr'><strong>vitam,</strong></span> <span class='ocrx_word' id='word_1_114' title='bbox 1430 946 1593 1009; x_wconf 76' lang='lat' dir='ltr'><strong>annuariam</strong></span> <span class='ocrx_word' id='word_1_115' title='bbox 1619 952 1711 1022; x_wconf 88' lang='lat' dir='ltr'><strong>morti,</strong></span> 
     </span>
     <span class='ocr_line' id='line_1_9' title="bbox 56 1026 1712 1106; baseline 0.007 -22"><span class='ocrx_word' id='word_1_116' title='bbox 56 1026 138 1085; x_wconf 82' lang='lat' dir='ltr'><strong>illine</strong></span> <span class='ocrx_word' id='word_1_117' title='bbox 164 1027 203 1099; x_wconf 89' lang='lat'><strong>(6)</strong></span> <span class='ocrx_word' id='word_1_118' title='bbox 230 1031 259 1084; x_wconf 88' lang='grc' dir='ltr'><strong>ει</strong></span> <span class='ocrx_word' id='word_1_119' title='bbox 277 1029 442 1100; x_wconf 80' lang='lat' dir='ltr'><strong>iniquitatis</strong></span> <span class='ocrx_word' id='word_1_120' title='bbox 452 1027 476 1067; x_wconf 85' lang='lat'><strong>⁹¹</strong></span> <span class='ocrx_word' id='word_1_121' title='bbox 494 1032 531 1089; x_wconf 89' lang='lat' dir='ltr'><strong>ad</strong></span> <span class='ocrx_word' id='word_1_122' title='bbox 550 1033 753 1106; x_wconf 80' lang='lat' dir='ltr'><strong>imquitatem,-</strong></span> <span class='ocrx_word' id='word_1_123' title='bbox 775 1037 819 1091; x_wconf 89' lang='lat' dir='ltr'><strong>ila</strong></span> <span class='ocrx_word' id='word_1_124' title='bbox 837 1038 866 1092; x_wconf 87' lang='lat' dir='ltr'><strong>cl</strong></span> <span class='ocrx_word' id='word_1_125' title='bbox 915 1028 1077 1094; x_wconf 76' lang='lat' dir='ltr'><strong>conuarium</strong></span> <span class='ocrx_word' id='word_1_126' title='bbox 1101 1037 1206 1105; x_wconf 79' lang='lat' dir='ltr'><strong>oportet</strong></span> <span class='ocrx_word' id='word_1_127' title='bbox 1219 1029 1336 1105; x_wconf 87' lang='lat' dir='ltr'><strong>operari,</strong></span> <span class='ocrx_word' id='word_1_128' title='bbox 1359 1031 1387 1089; x_wconf 91' lang='lat' dir='ltr'><strong>id</strong></span> <span class='ocrx_word' id='word_1_129' title='bbox 1413 1039 1465 1104; x_wconf 86' lang='lat' dir='ltr'><strong>est,</strong></span> <span class='ocrx_word' id='word_1_130' title='bbox 1479 1035 1568 1097; x_wconf 88' lang='lat' dir='ltr'><strong>carnis</strong></span> <span class='ocrx_word' id='word_1_131' title='bbox 1590 1026 1712 1101; x_wconf 59' lang='lat' dir='ltr'><strong>redime,=</strong></span> 
     </span>
     <span class='ocr_line' id='line_1_10' title="bbox 55 1115 1712 1204; baseline 0.007 -32"><span class='ocrx_word' id='word_1_132' title='bbox 55 1133 137 1173; x_wconf 87' lang='lat' dir='ltr'><strong>nnnc</strong></span> <span class='ocrx_word' id='word_1_133' title='bbox 159 1115 286 1175; x_wconf 69' lang='lat' dir='ltr'><strong>eanum</strong></span> <span class='ocrx_word' id='word_1_134' title='bbox 307 1118 432 1174; x_wconf 88' lang='lat' dir='ltr'><strong>membra</strong></span> <span class='ocrx_word' id='word_1_135' title='bbox 453 1123 549 1178; x_wconf 85' lang='lat' dir='ltr'><strong>vestra</strong></span> <span class='ocrx_word' id='word_1_136' title='bbox 559 1122 672 1191; x_wconf 77' lang='lat' dir='ltr'><strong>famula</strong></span> <span class='ocrx_word' id='word_1_137' title='bbox 685 1124 866 1196; x_wconf 64' lang='lat' dir='ltr'><strong>maritimive</strong></span> <span class='ocrx_word' id='word_1_138' title='bbox 915 1120 1068 1197; x_wconf 76' lang='lat' dir='ltr'><strong>prationem</strong></span> <span class='ocrx_word' id='word_1_139' title='bbox 1079 1137 1086 1175; x_wconf 90' lang='lat'>:</span> <span class='ocrx_word' id='word_1_140' title='bbox 1099 1118 1139 1182; x_wconf 89' lang='lat' dir='ltr'><strong>uti</strong></span> <span class='ocrx_word' id='word_1_141' title='bbox 1152 1119 1222 1176; x_wconf 86' lang='lat' dir='ltr'><strong>sicut</strong></span> <span class='ocrx_word' id='word_1_142' title='bbox 1236 1119 1412 1179; x_wconf 80' lang='lat' dir='ltr'><strong>devoraverat</strong></span> <span class='ocrx_word' id='word_1_143' title='bbox 1426 1123 1712 1204; x_wconf 77' lang='lat' dir='ltr'><strong>morsintalescendc,</strong></span> 
     </span>
     <span class='ocr_line' id='line_1_11' title="bbox 55 1204 1712 1290; baseline 0.007 -28"><span class='ocrx_word' id='word_1_144' title='bbox 55 1204 252 1276; x_wconf 78' lang='lat' dir='ltr'><strong>sanctificium</strong></span> <span class='ocrx_word' id='word_1_145' title='bbox 279 1204 313 1263; x_wconf 79' lang='lat'><strong>⁹¹.</strong></span> <span class='ocrx_word' id='word_1_146' title='bbox 331 1206 401 1263; x_wconf 85' lang='lat' dir='ltr'><strong>Cam</strong></span> <span class='ocrx_word' id='word_1_147' title='bbox 417 1208 494 1268; x_wconf 88' lang='lat' dir='ltr'><strong>enim</strong></span> <span class='ocrx_word' id='word_1_148' title='bbox 508 1211 580 1267; x_wconf 87' lang='lat' dir='ltr'><strong>serui</strong></span> <span class='ocrx_word' id='word_1_149' title='bbox 595 1213 689 1269; x_wconf 75' lang='lat' dir='ltr'><strong>erretis</strong></span> <span class='ocrx_word' id='word_1_150' title='bbox 704 1211 867 1288; x_wconf 80' lang='lat' dir='ltr'><strong>delinquen·</strong></span> <span class='ocrx_word' id='word_1_151' title='bbox 914 1208 953 1266; x_wconf 85' lang='lat' dir='ltr'><strong>ita</strong></span> <span class='ocrx_word' id='word_1_152' title='bbox 979 1215 1006 1272; x_wconf 86' lang='lat' dir='ltr'><strong>et</strong></span> <span class='ocrx_word' id='word_1_153' title='bbox 1030 1207 1139 1271; x_wconf 75' lang='lat' dir='ltr'><strong>mortali</strong></span> <span class='ocrx_word' id='word_1_154' title='bbox 1166 1207 1294 1265; x_wconf 81' lang='lat' dir='ltr'><strong>devorato</strong></span> <span class='ocrx_word' id='word_1_155' title='bbox 1317 1209 1352 1265; x_wconf 89' lang='lat' dir='ltr'><strong>ab</strong></span> <span class='ocrx_word' id='word_1_156' title='bbox 1374 1207 1593 1290; x_wconf 72' lang='lat' dir='ltr'><strong>inmortalitate,</strong></span> <span class='ocrx_word' id='word_1_157' title='bbox 1615 1216 1712 1280; x_wconf 71' lang='lat' dir='ltr'><strong>andire</strong></span> 
     </span>
     <span class='ocr_line' id='line_1_12' title="bbox 57 1293 1711 1380; baseline 0.009 -30"><span class='ocrx_word' id='word_1_158' title='bbox 57 1295 117 1361; x_wconf 83' lang='lat' dir='ltr'><strong>iioe,</strong></span> <span class='ocrx_word' id='word_1_159' title='bbox 128 1293 451 1368; x_wconf 77' lang='lat' dir='ltr'><strong>libemeratisjtntitiae.</strong></span> <span class='ocrx_word' id='word_1_160' title='bbox 467 1297 763 1373; x_wconf 76' lang='lat' dir='ltr'><strong>Quemcrpofructam</strong></span> <span class='ocrx_word' id='word_1_161' title='bbox 778 1301 864 1358; x_wconf 82' lang='lat' dir='ltr'><strong>babe-</strong></span> <span class='ocrx_word' id='word_1_162' title='bbox 915 1299 1021 1369; x_wconf 85' lang='lat' dir='ltr'><strong>possit:</strong></span> <span class='ocrx_word' id='word_1_163' title='bbox 1040 1299 1088 1357; x_wconf 86' lang='lat' dir='ltr'><strong>llbt&#39;</strong></span> <span class='ocrx_word' id='word_1_164' title='bbox 1100 1301 1152 1365; x_wconf 85' lang='lat' dir='ltr'><strong>est,</strong></span> <span class='ocrx_word' id='word_1_165' title='bbox 1177 1313 1263 1365; x_wconf 85' lang='lat' dir='ltr'><strong>mors,</strong></span> <span class='ocrx_word' id='word_1_166' title='bbox 1288 1299 1406 1357; x_wconf 85' lang='lat' dir='ltr'><strong>aculeus</strong></span> <span class='ocrx_word' id='word_1_167' title='bbox 1428 1303 1497 1361; x_wconf 84' lang='lat' dir='ltr'><strong>tans</strong></span> <span class='ocrx_word' id='word_1_168' title='bbox 1509 1301 1574 1378; x_wconf 71' lang='lat' dir='ltr'><strong>(illi</strong></span> <span class='ocrx_word' id='word_1_169' title='bbox 1587 1304 1636 1364; x_wconf 84' lang='lat' dir='ltr'><strong>abi</strong></span> <span class='ocrx_word' id='word_1_170' title='bbox 1658 1313 1711 1380; x_wconf 83' lang='lat' dir='ltr'><strong>est,</strong></span> 
     </span>
     <span class='ocr_line' id='line_1_13' title="bbox 57 1383 1714 1464; baseline 0.005 -24"><span class='ocrx_word' id='word_1_171' title='bbox 57 1384 130 1441; x_wconf 86' lang='lat' dir='ltr'><strong>batis</strong></span> <span class='ocrx_word' id='word_1_172' title='bbox 139 1400 225 1457; x_wconf 83' lang='lat' dir='ltr'><strong>super</strong></span> <span class='ocrx_word' id='word_1_173' title='bbox 240 1383 294 1448; x_wconf 86' lang='lat' dir='ltr'><strong>bis,</strong></span> <span class='ocrx_word' id='word_1_174' title='bbox 306 1383 339 1441; x_wconf 82' lang='lat' dir='ltr'><strong>de</strong></span> <span class='ocrx_word' id='word_1_175' title='bbox 355 1385 542 1459; x_wconf 81' lang='lat' dir='ltr'><strong>quibusmmc</strong></span> <span class='ocrx_word' id='word_1_176' title='bbox 553 1389 768 1460; x_wconf 75' lang='lat' dir='ltr'><strong>confundimini</strong></span> <span class='ocrx_word' id='word_1_177' title='bbox 778 1391 865 1462; x_wconf 73' lang='lat' dir='ltr'><strong>trinis</strong></span> <span class='ocrx_word' id='word_1_178' title='bbox 914 1403 1000 1452; x_wconf 84' lang='lat' dir='ltr'><strong>mors,</strong></span> <span class='ocrx_word' id='word_1_179' title='bbox 1016 1386 1161 1453; x_wconf 83' lang='lat' dir='ltr'><strong>contentio</strong></span> <span class='ocrx_word' id='word_1_180' title='bbox 1174 1385 1249 1464; x_wconf 71' lang='lat' dir='ltr'><strong>lua?</strong></span> <span class='ocrx_word' id='word_1_181' title='bbox 1259 1386 1305 1444; x_wconf 84' lang='lat' dir='ltr'><strong>Sic</strong></span> <span class='ocrx_word' id='word_1_182' title='bbox 1315 1389 1392 1446; x_wconf 85' lang='lat' dir='ltr'><strong>enim</strong></span> <span class='ocrx_word' id='word_1_183' title='bbox 1402 1392 1430 1447; x_wconf 84' lang='lat' dir='ltr'><strong>el</strong></span> <span class='ocrx_word' id='word_1_184' title='bbox 1441 1391 1538 1462; x_wconf 76' lang='lat' dir='ltr'><strong>pratia</strong></span> <span class='ocrx_word' id='word_1_185' title='bbox 1553 1389 1641 1453; x_wconf 60' lang='lat'><strong>858</strong></span> <span class='ocrx_word' id='word_1_186' title='bbox 1658 1394 1714 1459; x_wconf 77' lang='lat' dir='ltr'><strong>illia</strong></span> 
     </span>
     <span class='ocr_line' id='line_1_14' title="bbox 56 1471 1713 1554; baseline 0.007 -25"><span class='ocrx_word' id='word_1_187' title='bbox 56 1471 291 1529; x_wconf 65' lang='lat' dir='ltr'><strong>mimfflittornn</strong></span> <span class='ocrx_word' id='word_1_188' title='bbox 305 1490 390 1531; x_wconf 89' lang='lat' dir='ltr'><strong>mors.</strong></span> <span class='ocrx_word' id='word_1_189' title='bbox 403 1474 484 1531; x_wconf 84' lang='lat' dir='ltr'><strong>Nunc</strong></span> <span class='ocrx_word' id='word_1_190' title='bbox 502 1473 659 1534; x_wconf 53' lang='lat' dir='ltr'><strong>caroffi?</strong></span> <span class='ocrx_word' id='word_1_191' title='bbox 671 1476 750 1535; x_wconf 85' lang='lat' dir='ltr'><strong>liberi</strong></span> <span class='ocrx_word' id='word_1_192' title='bbox 764 1480 866 1549; x_wconf 72' lang='lat' dir='ltr'><strong>faeda</strong></span> <span class='ocrx_word' id='word_1_193' title='bbox 914 1474 1147 1554; x_wconf 73' lang='lat' dir='ltr'><strong>superabundabit</strong></span> <span class='ocrx_word' id='word_1_194' title='bbox 1161 1474 1183 1547; x_wconf 80' lang='lat'><strong>⁹,</strong></span> <span class='ocrx_word' id='word_1_195' title='bbox 1201 1473 1248 1530; x_wconf 92' lang='lat' dir='ltr'><strong>ubi</strong></span> <span class='ocrx_word' id='word_1_196' title='bbox 1263 1480 1291 1531; x_wconf 91' lang='lat' dir='ltr'><strong>et</strong></span> <span class='ocrx_word' id='word_1_197' title='bbox 1306 1473 1433 1551; x_wconf 85' lang='lat' dir='ltr'><strong>iniquitas</strong></span> <span class='ocrx_word' id='word_1_198' title='bbox 1446 1477 1593 1539; x_wconf 82' lang='lat' dir='ltr'><strong>abundavit</strong></span> <span class='ocrx_word' id='word_1_199' title='bbox 1616 1482 1650 1539; x_wconf 90' lang='lat'><strong>¹⁰.</strong></span> <span class='ocrx_word' id='word_1_200' title='bbox 1666 1484 1713 1545; x_wconf 78' lang='lat' dir='ltr'><strong>sta</strong></span> 
     </span>
     <span class='ocr_line' id='line_1_15' title="bbox 57 1560 1712 1641; baseline 0.004 -21"><span class='ocrx_word' id='word_1_201' title='bbox 57 1560 260 1635; x_wconf 79' lang='lat' dir='ltr'><strong>delinquentia,</strong></span> <span class='ocrx_word' id='word_1_202' title='bbox 270 1562 409 1634; x_wconf 77' lang='lat' dir='ltr'><strong>famulati</strong></span> <span class='ocrx_word' id='word_1_203' title='bbox 419 1568 515 1622; x_wconf 86' lang='lat' dir='ltr'><strong>aatcm</strong></span> <span class='ocrx_word' id='word_1_204' title='bbox 525 1566 590 1632; x_wconf 83' lang='lat' dir='ltr'><strong>Dm,</strong></span> <span class='ocrx_word' id='word_1_205' title='bbox 607 1564 714 1623; x_wconf 83' lang='lat' dir='ltr'><strong>babctis</strong></span> <span class='ocrx_word' id='word_1_206' title='bbox 732 1568 865 1641; x_wconf 72' lang='lat' dir='ltr'><strong>fractum</strong></span> <span class='ocrx_word' id='word_1_207' title='bbox 914 1570 940 1621; x_wconf 92' lang='lat' dir='ltr'><strong>et</strong></span> <span class='ocrx_word' id='word_1_208' title='bbox 960 1561 1045 1618; x_wconf 80' lang='lat' dir='ltr'><strong>virtus</strong></span> <span class='ocrx_word' id='word_1_209' title='bbox 1066 1561 1094 1621; x_wconf 91' lang='lat' dir='ltr'><strong>iu</strong></span> <span class='ocrx_word' id='word_1_210' title='bbox 1117 1561 1271 1619; x_wconf 86' lang='lat' dir='ltr'><strong>infirmitate</strong></span> <span class='ocrx_word' id='word_1_211' title='bbox 1290 1562 1456 1641; x_wconf 79' lang='lat' dir='ltr'><strong>perficietur,</strong></span> <span class='ocrx_word' id='word_1_212' title='bbox 1478 1566 1554 1638; x_wconf 90' lang='lat' dir='ltr'><strong>quod</strong></span> <span class='ocrx_word' id='word_1_213' title='bbox 1576 1569 1660 1641; x_wconf 89' lang='lat' dir='ltr'><strong>periit</strong></span> <span class='ocrx_word' id='word_1_214' title='bbox 1687 1572 1712 1612; x_wconf 89' lang='lat'><strong>¹¹</strong></span> 
     </span>
     <span class='ocr_line' id='line_1_16' title="bbox 56 1648 1710 1736; baseline 0.007 -31"><span class='ocrx_word' id='word_1_215' title='bbox 56 1649 863 1721; x_wconf 72' lang='lat' dir='ltr'><strong>oestraminrancliftciam¹3firtematrtem,oilamoetct·</strong></span> <span class='ocrx_word' id='word_1_216' title='bbox 916 1653 1017 1709; x_wconf 86' lang='lat' dir='ltr'><strong>salvum</strong></span> <span class='ocrx_word' id='word_1_217' title='bbox 1038 1648 1139 1710; x_wconf 79' lang='lat' dir='ltr'><strong>facicm</strong></span> <span class='ocrx_word' id='word_1_218' title='bbox 1163 1648 1229 1721; x_wconf 78' lang='lat'><strong>(10),</strong></span> <span class='ocrx_word' id='word_1_219' title='bbox 1245 1651 1318 1720; x_wconf 89' lang='lat' dir='ltr'><strong>quod</strong></span> <span class='ocrx_word' id='word_1_220' title='bbox 1341 1661 1476 1712; x_wconf 85' lang='lat' dir='ltr'><strong>mortuum</strong></span> <span class='ocrx_word' id='word_1_221' title='bbox 1498 1661 1541 1729; x_wconf 82' lang='lat' dir='ltr'><strong>est</strong></span> <span class='ocrx_word' id='word_1_222' title='bbox 1560 1654 1710 1736; x_wconf 81' lang='lat' dir='ltr'><strong>vivificans,</strong></span> 
     </span>
     <span class='ocr_line' id='line_1_17' title="bbox 57 1737 1710 1817; baseline 0.007 -23"><span class='ocrx_word' id='word_1_223' title='bbox 57 1737 289 1813; x_wconf 84' lang='lat' dir='ltr'><strong>nam.Stipendla</strong></span> <span class='ocrx_word' id='word_1_224' title='bbox 298 1737 375 1796; x_wconf 86' lang='lat' dir='ltr'><strong>mim</strong></span> <span class='ocrx_word' id='word_1_225' title='bbox 384 1738 686 1813; x_wconf 80' lang='lat' dir='ltr'><strong>delinqacnlim,mors;</strong></span> <span class='ocrx_word' id='word_1_226' title='bbox 696 1743 862 1802; x_wconf 85' lang='lat' dir='ltr'><strong>donatiuum</strong></span> <span class='ocrx_word' id='word_1_227' title='bbox 915 1740 987 1812; x_wconf 89' lang='lat' dir='ltr'><strong>quod</strong></span> <span class='ocrx_word' id='word_1_228' title='bbox 1002 1753 1160 1812; x_wconf 88' lang='lat' dir='ltr'><strong>percussum</strong></span> <span class='ocrx_word' id='word_1_229' title='bbox 1172 1745 1214 1794; x_wconf 86' lang='lat' dir='ltr'><strong>est</strong></span> <span class='ocrx_word' id='word_1_230' title='bbox 1227 1753 1336 1806; x_wconf 83' lang='lat' dir='ltr'><strong>samus,</strong></span> <span class='ocrx_word' id='word_1_231' title='bbox 1354 1739 1429 1815; x_wconf 85' lang='lat' dir='ltr'><strong>quod</strong></span> <span class='ocrx_word' id='word_1_232' title='bbox 1443 1739 1549 1815; x_wconf 76' lang='lat' dir='ltr'><strong>languit</strong></span> <span class='ocrx_word' id='word_1_233' title='bbox 1564 1744 1710 1817; x_wconf 85' lang='lat' dir='ltr'><strong>medicans,</strong></span> 
     </span>
     <span class='ocr_line' id='line_1_18' title="bbox 60 1804 1713 1902; baseline 0.001 -19"><span class='ocrx_word' id='word_1_234' title='bbox 60 1830 162 1892; x_wconf 83' lang='lat' dir='ltr'><strong>antem</strong></span> <span class='ocrx_word' id='word_1_235' title='bbox 175 1826 282 1901; x_wconf 75' lang='lat' dir='ltr'><strong>beili),</strong></span> <span class='ocrx_word' id='word_1_236' title='bbox 291 1827 351 1885; x_wconf 84' lang='lat' dir='ltr'><strong>vila</strong></span> <span class='ocrx_word' id='word_1_237' title='bbox 366 1831 474 1886; x_wconf 79' lang='lat' dir='ltr'><strong>aelerna</strong></span> <span class='ocrx_word' id='word_1_238' title='bbox 489 1830 520 1888; x_wconf 86' lang='lat' dir='ltr'><strong>in</strong></span> <span class='ocrx_word' id='word_1_239' title='bbox 544 1830 653 1890; x_wconf 83' lang='lat' dir='ltr'><strong>Cbrislo</strong></span> <span class='ocrx_word' id='word_1_240' title='bbox 664 1832 731 1890; x_wconf 86' lang='lat' dir='ltr'><strong>lesa</strong></span> <span class='ocrx_word' id='word_1_241' title='bbox 744 1835 862 1894; x_wconf 82' lang='lat' dir='ltr'><strong>Domino</strong></span> <span class='ocrx_word' id='word_1_242' title='bbox 879 1804 988 1902; x_wconf 68' lang='lat' dir='ltr'><strong>flquod</strong></span> <span class='ocrx_word' id='word_1_243' title='bbox 1008 1835 1132 1899; x_wconf 87' lang='lat' dir='ltr'><strong>ereptum</strong></span> <span class='ocrx_word' id='word_1_244' title='bbox 1155 1834 1196 1885; x_wconf 88' lang='lat' dir='ltr'><strong>est</strong></span> <span class='ocrx_word' id='word_1_245' title='bbox 1217 1826 1364 1899; x_wconf 88' lang='lat' dir='ltr'><strong>redimens,</strong></span> <span class='ocrx_word' id='word_1_246' title='bbox 1385 1827 1459 1900; x_wconf 89' lang='lat' dir='ltr'><strong>quod</strong></span> <span class='ocrx_word' id='word_1_247' title='bbox 1487 1828 1648 1897; x_wconf 62' lang='lat' dir='ltr'><strong>famulatura</strong></span> <span class='ocrx_word' id='word_1_248' title='bbox 1671 1847 1713 1895; x_wconf 70' lang='lat' dir='ltr'><strong>est</strong></span> 
     </span>
     <span class='ocr_line' id='line_1_19' title="bbox 59 1915 1713 1996; baseline 0.002 -22"><span class='ocrx_word' id='word_1_249' title='bbox 59 1921 172 1976; x_wconf 85' lang='lat' dir='ltr'><strong>nostro.</strong></span> <span class='ocrx_word' id='word_1_250' title='bbox 194 1915 243 1983; x_wconf 86' lang='lat' dir='ltr'><strong>lta,</strong></span> <span class='ocrx_word' id='word_1_251' title='bbox 264 1932 313 1991; x_wconf 90' lang='lat' dir='ltr'><strong>per</strong></span> <span class='ocrx_word' id='word_1_252' title='bbox 336 1924 419 1974; x_wconf 87' lang='lat' dir='ltr'><strong>totam</strong></span> <span class='ocrx_word' id='word_1_253' title='bbox 439 1916 451 1954; x_wconf 90' lang='lat'><strong>¹</strong></span> <span class='ocrx_word' id='word_1_254' title='bbox 470 1917 541 1977; x_wconf 87' lang='lat' dir='ltr'><strong>hauc</strong></span> <span class='ocrx_word' id='word_1_255' title='bbox 564 1935 691 1982; x_wconf 87' lang='lat' dir='ltr'><strong>sensuum</strong></span> <span class='ocrx_word' id='word_1_256' title='bbox 706 1919 814 1996; x_wconf 84' lang='lat' dir='ltr'><strong>seriem,</strong></span> <span class='ocrx_word' id='word_1_257' title='bbox 831 1925 864 1983; x_wconf 80' lang='lat' dir='ltr'><strong>ab</strong></span> <span class='ocrx_word' id='word_1_258' title='bbox 916 1915 1044 1982; x_wconf 85' lang='lat' dir='ltr'><strong>liberans,</strong></span> <span class='ocrx_word' id='word_1_259' title='bbox 1065 1915 1137 1991; x_wconf 85' lang='lat' dir='ltr'><strong>quod</strong></span> <span class='ocrx_word' id='word_1_260' title='bbox 1156 1915 1296 1975; x_wconf 86' lang='lat' dir='ltr'><strong>seductum</strong></span> <span class='ocrx_word' id='word_1_261' title='bbox 1311 1922 1352 1972; x_wconf 88' lang='lat' dir='ltr'><strong>est</strong></span> <span class='ocrx_word' id='word_1_262' title='bbox 1370 1930 1510 1988; x_wconf 84' lang='lat' dir='ltr'><strong>revocans,</strong></span> <span class='ocrx_word' id='word_1_263' title='bbox 1529 1920 1603 1990; x_wconf 85' lang='lat' dir='ltr'><strong>quod</strong></span> <span class='ocrx_word' id='word_1_264' title='bbox 1617 1921 1713 1981; x_wconf 80' lang='lat' dir='ltr'><strong>absum</strong></span> 
     </span>
     <span class='ocr_line' id='line_1_20' title="bbox 58 1994 1715 2083; baseline 0.002 -23"><span class='ocrx_word' id='word_1_265' title='bbox 58 2002 194 2077; x_wconf 87' lang='lat' dir='ltr'><strong>injustitia</strong></span> <span class='ocrx_word' id='word_1_266' title='bbox 210 2008 238 2060; x_wconf 87' lang='lat' dir='ltr'><strong>et</strong></span> <span class='ocrx_word' id='word_1_267' title='bbox 257 1994 440 2077; x_wconf 80' lang='lat' dir='ltr'><strong>delinquentia</strong></span> <span class='ocrx_word' id='word_1_268' title='bbox 462 2009 584 2065; x_wconf 87' lang='lat' dir='ltr'><strong>membra</strong></span> <span class='ocrx_word' id='word_1_269' title='bbox 611 2020 705 2068; x_wconf 89' lang='lat' dir='ltr'><strong>nostra</strong></span> <span class='ocrx_word' id='word_1_270' title='bbox 731 2012 864 2072; x_wconf 86' lang='lat' dir='ltr'><strong>divellens</strong></span> <span class='ocrx_word' id='word_1_271' title='bbox 916 2014 957 2066; x_wconf 87' lang='lat' dir='ltr'><strong>est</strong></span> <span class='ocrx_word' id='word_1_272' title='bbox 977 2006 1130 2070; x_wconf 79' lang='lat' dir='ltr'><strong>suscitansr</strong></span> <span class='ocrx_word' id='word_1_273' title='bbox 1154 2012 1180 2063; x_wconf 91' lang='grc' dir='ltr'><strong>ει</strong></span> <span class='ocrx_word' id='word_1_274' title='bbox 1205 2003 1315 2079; x_wconf 85' lang='lat' dir='ltr'><strong>quidem</strong></span> <span class='ocrx_word' id='word_1_275' title='bbox 1338 2004 1372 2063; x_wconf 90' lang='lat' dir='ltr'><strong>de</strong></span> <span class='ocrx_word' id='word_1_276' title='bbox 1396 2011 1467 2064; x_wconf 80' lang='lat' dir='ltr'><strong>tana</strong></span> <span class='ocrx_word' id='word_1_277' title='bbox 1489 2006 1644 2083; x_wconf 76' lang='lat' dir='ltr'><strong>incmluru,</strong></span> <span class='ocrx_word' id='word_1_278' title='bbox 1667 2012 1715 2069; x_wconf 84' lang='lat' dir='ltr'><strong>ubi</strong></span> 
     </span>
     <span class='ocr_line' id='line_1_21' title="bbox 58 2091 1714 2172; baseline 0.004 -22"><span class='ocrx_word' id='word_1_279' title='bbox 58 2103 88 2150; x_wconf 89' lang='lat' dir='ltr'><strong>et</strong></span> <span class='ocrx_word' id='word_1_280' title='bbox 99 2091 213 2166; x_wconf 87' lang='lat' dir='ltr'><strong>justitiae</strong></span> <span class='ocrx_word' id='word_1_281' title='bbox 231 2101 257 2149; x_wconf 86' lang='lat' dir='ltr'><strong>et</strong></span> <span class='ocrx_word' id='word_1_282' title='bbox 276 2094 460 2152; x_wconf 71' lang='lat' dir='ltr'><strong>sanctimoniae</strong></span> <span class='ocrx_word' id='word_1_283' title='bbox 474 2098 634 2169; x_wconf 74' lang='lat' dir='ltr'><strong>aojnnuens,</strong></span> <span class='ocrx_word' id='word_1_284' title='bbox 654 2106 681 2155; x_wconf 92' lang='lat' dir='ltr'><strong>et</strong></span> <span class='ocrx_word' id='word_1_285' title='bbox 697 2099 863 2159; x_wconf 81' lang='lat' dir='ltr'><strong>transferens</strong></span> <span class='ocrx_word' id='word_1_286' title='bbox 916 2102 1039 2151; x_wconf 81' lang='lat' dir='ltr'><strong>nostrum</strong></span> <span class='ocrx_word' id='word_1_287' title='bbox 1054 2091 1248 2166; x_wconf 86' lang='lat' dir='ltr'><strong>municipatum</strong></span> <span class='ocrx_word' id='word_1_288' title='bbox 1263 2091 1448 2167; x_wconf 71' lang='lat' dir='ltr'><strong>Philippenses</strong></span> <span class='ocrx_word' id='word_1_289' title='bbox 1461 2109 1570 2169; x_wconf 86' lang='lat' dir='ltr'><strong>quoqne</strong></span> <span class='ocrx_word' id='word_1_290' title='bbox 1583 2097 1617 2155; x_wconf 89' lang='lat' dir='ltr'><strong>ab</strong></span> <span class='ocrx_word' id='word_1_291' title='bbox 1632 2098 1714 2172; x_wconf 79' lang='lat' dir='ltr'><strong>apo·</strong></span> 
     </span>
     <span class='ocr_line' id='line_1_22' title="bbox 59 2172 1715 2271; baseline 0.004 -31"><span class='ocrx_word' id='word_1_292' title='bbox 59 2182 180 2245; x_wconf 82' lang='lat' dir='ltr'><strong>cedema</strong></span> <span class='ocrx_word' id='word_1_293' title='bbox 194 2172 327 2254; x_wconf 86' lang='lat' dir='ltr'><strong>stipendio</strong></span> <span class='ocrx_word' id='word_1_294' title='bbox 343 2185 435 2240; x_wconf 88' lang='lat' dir='ltr'><strong>mortis</strong></span> <span class='ocrx_word' id='word_1_295' title='bbox 449 2184 483 2240; x_wconf 86' lang='lat' dir='ltr'><strong>ad</strong></span> <span class='ocrx_word' id='word_1_296' title='bbox 498 2187 654 2249; x_wconf 88' lang='lat' dir='ltr'><strong>donativum</strong></span> <span class='ocrx_word' id='word_1_297' title='bbox 667 2187 727 2246; x_wconf 84' lang='lat' dir='ltr'><strong>vitae</strong></span> <span class='ocrx_word' id='word_1_298' title='bbox 742 2197 860 2271; x_wconf 67' lang='lat' dir='ltr'><strong>aetarnae,</strong></span> <span class='ocrx_word' id='word_1_299' title='bbox 916 2183 984 2238; x_wconf 77' lang='lat' dir='ltr'><strong>stolo</strong></span> <span class='ocrx_word' id='word_1_300' title='bbox 1012 2180 1121 2237; x_wconf 69' lang='lat' dir='ltr'><strong>discunt</strong></span> <span class='ocrx_word' id='word_1_301' title='bbox 1144 2195 1152 2233; x_wconf 66' lang='grc' dir='ltr'>ἑ</span> <span class='ocrx_word' id='word_1_302' title='bbox 1180 2178 1254 2239; x_wconf 60' lang='lat' dir='ltr'><strong>liudo</strong></span> <span class='ocrx_word' id='word_1_303' title='bbox 1277 2184 1304 2237; x_wconf 72' lang='lat' dir='ltr'><strong>el</strong></span> <span class='ocrx_word' id='word_1_304' title='bbox 1324 2179 1562 2252; x_wconf 71' lang='lat' dir='ltr'><strong>saltiifioalerem</strong></span> <span class='ocrx_word' id='word_1_305' title='bbox 1581 2191 1715 2247; x_wconf 75' lang='lat' dir='ltr'><strong>animm</strong></span> 
     </span>
     <span class='ocr_line' id='line_1_23' title="bbox 59 2267 1713 2349; baseline 0.003 -20"><span class='ocrx_word' id='word_1_306' title='bbox 59 2272 236 2346; x_wconf 80' lang='lat' dir='ltr'><strong>cernimiqne</strong></span> <span class='ocrx_word' id='word_1_307' title='bbox 248 2273 497 2345; x_wconf 87' lang='lat' dir='ltr'><strong>compensationem</strong></span> <span class='ocrx_word' id='word_1_308' title='bbox 517 2275 610 2333; x_wconf 86' lang='lat' dir='ltr'><strong>salutis</strong></span> <span class='ocrx_word' id='word_1_309' title='bbox 631 2277 802 2347; x_wconf 87' lang='lat' dir='ltr'><strong>repromittit,</strong></span> <span class='ocrx_word' id='word_1_310' title='bbox 818 2277 862 2338; x_wconf 92' lang='lat' dir='ltr'><strong>cui</strong></span> <span class='ocrx_word' id='word_1_311' title='bbox 916 2274 1112 2345; x_wconf 77' lang='lat' dir='ltr'><strong>exspectamus</strong></span> <span class='ocrx_word' id='word_1_312' title='bbox 1126 2269 1222 2326; x_wconf 85' lang='lat' dir='ltr'><strong>lesam</strong></span> <span class='ocrx_word' id='word_1_313' title='bbox 1234 2267 1451 2342; x_wconf 72' lang='lat' dir='ltr'><strong>cruciatumque·</strong></span> <span class='ocrx_word' id='word_1_314' title='bbox 1466 2273 1679 2349; x_wconf 77' lang='lat' dir='ltr'><strong>tranrfiprtrabit</strong></span> <span class='ocrx_word' id='word_1_315' title='bbox 1690 2278 1713 2320; x_wconf 87' lang='lat'><strong>¹²</strong></span> 
     </span>
     <span class='ocr_line' id='line_1_24' title="bbox 59 2357 1713 2439; baseline 0.001 -21"><span class='ocrx_word' id='word_1_316' title='bbox 59 2360 166 2419; x_wconf 90' lang='lat' dir='ltr'><strong>nnllam</strong></span> <span class='ocrx_word' id='word_1_317' title='bbox 207 2361 317 2419; x_wconf 90' lang='lat' dir='ltr'><strong>omnino</strong></span> <span class='ocrx_word' id='word_1_318' title='bbox 345 2364 521 2434; x_wconf 88' lang='lat' dir='ltr'><strong>competisset</strong></span> <span class='ocrx_word' id='word_1_319' title='bbox 554 2363 683 2436; x_wconf 86' lang='lat' dir='ltr'><strong>imperari</strong></span> <span class='ocrx_word' id='word_1_320' title='bbox 723 2366 861 2439; x_wconf 85' lang='lat' dir='ltr'><strong>propriam</strong></span> <span class='ocrx_word' id='word_1_321' title='bbox 916 2376 1016 2436; x_wconf 79' lang='lat' dir='ltr'><strong>corpus</strong></span> <span class='ocrx_word' id='word_1_322' title='bbox 1034 2363 1141 2419; x_wconf 81' lang='lat' dir='ltr'><strong>nostra</strong></span> <span class='ocrx_word' id='word_1_323' title='bbox 1150 2357 1335 2426; x_wconf 77' lang='lat' dir='ltr'><strong>numilitatis,</strong></span> <span class='ocrx_word' id='word_1_324' title='bbox 1345 2360 1520 2431; x_wconf 65' lang='lat' dir='ltr'><strong>condemnate</strong></span> <span class='ocrx_word' id='word_1_325' title='bbox 1528 2367 1640 2437; x_wconf 77' lang='lat' dir='ltr'><strong>corpori</strong></span> <span class='ocrx_word' id='word_1_326' title='bbox 1652 2367 1713 2439; x_wconf 77' lang='lat' dir='ltr'><strong>plo·</strong></span> 
     </span>
     <span class='ocr_line' id='line_1_25' title="bbox 63 2444 1715 2529; baseline -0.001 -18"><span class='ocrx_word' id='word_1_327' title='bbox 63 2450 248 2511; x_wconf 76' lang='lat' dir='ltr'><strong>sanctimonia</strong></span> <span class='ocrx_word' id='word_1_328' title='bbox 270 2458 298 2507; x_wconf 89' lang='lat' dir='ltr'><strong>ct</strong></span> <span class='ocrx_word' id='word_1_329' title='bbox 320 2449 431 2523; x_wconf 76' lang='lat' dir='ltr'><strong>justitia</strong></span> <span class='ocrx_word' id='word_1_330' title='bbox 459 2450 640 2526; x_wconf 83' lang='lat' dir='ltr'><strong>disciplinam,</strong></span> <span class='ocrx_word' id='word_1_331' title='bbox 663 2453 686 2509; x_wconf 91' lang='lat' dir='ltr'><strong>si</strong></span> <span class='ocrx_word' id='word_1_332' title='bbox 702 2468 759 2513; x_wconf 88' lang='lat' dir='ltr'><strong>oon</strong></span> <span class='ocrx_word' id='word_1_333' title='bbox 774 2453 864 2529; x_wconf 85' lang='lat' dir='ltr'><strong>ipsius</strong></span> <span class='ocrx_word' id='word_1_334' title='bbox 915 2444 1715 2528; x_wconf 67' lang='lat' dir='ltr'><strong>riasaoersinedubiopastresurrectionempuiaueoipsa</strong></span> 
     </span>
     <span class='ocr_line' id='line_1_26' title="bbox 62 2525 1714 2617; baseline -0.001 -20"><span class='ocrx_word' id='word_1_335' title='bbox 62 2547 136 2599; x_wconf 90' lang='lat' dir='ltr'><strong>esset</strong></span> <span class='ocrx_word' id='word_1_336' title='bbox 150 2547 177 2600; x_wconf 88' lang='lat' dir='ltr'><strong>et</strong></span> <span class='ocrx_word' id='word_1_337' title='bbox 199 2539 341 2612; x_wconf 84' lang='lat' dir='ltr'><strong>praemium</strong></span> <span class='ocrx_word' id='word_1_338' title='bbox 363 2525 529 2614; x_wconf 82' lang='lat' dir='ltr'><strong>disciplinae:</strong></span> <span class='ocrx_word' id='word_1_339' title='bbox 559 2542 607 2597; x_wconf 90' lang='lat' dir='ltr'><strong>sed</strong></span> <span class='ocrx_word' id='word_1_340' title='bbox 628 2558 678 2599; x_wconf 89' lang='lat' dir='ltr'><strong>nec</strong></span> <span class='ocrx_word' id='word_1_341' title='bbox 701 2542 789 2617; x_wconf 87' lang='lat' dir='ltr'><strong>ipsum</strong></span> <span class='ocrx_word' id='word_1_342' title='bbox 809 2543 861 2599; x_wconf 90' lang='lat' dir='ltr'><strong>ba·</strong></span> <span class='ocrx_word' id='word_1_343' title='bbox 916 2537 1039 2596; x_wconf 86' lang='lat' dir='ltr'><strong>Christus</strong></span> <span class='ocrx_word' id='word_1_344' title='bbox 1057 2534 1224 2609; x_wconf 78' lang='lat' dir='ltr'><strong>glorificatus</strong></span> <span class='ocrx_word' id='word_1_345' title='bbox 1237 2541 1278 2591; x_wconf 83' lang='lat' dir='ltr'><strong>est</strong></span> <span class='ocrx_word' id='word_1_346' title='bbox 1291 2540 1353 2593; x_wconf 82' lang='lat' dir='ltr'><strong>aute</strong></span> <span class='ocrx_word' id='word_1_347' title='bbox 1372 2535 1535 2610; x_wconf 83' lang='lat' dir='ltr'><strong>passionem.</strong></span> <span class='ocrx_word' id='word_1_348' title='bbox 1555 2537 1714 2600; x_wconf 75' lang='lat' dir='ltr'><strong>Haeserunt</strong></span> 
     </span>
     <span class='ocr_line' id='line_1_27' title="bbox 62 2623 1713 2702; baseline 0.001 -18"><span class='ocrx_word' id='word_1_349' title='bbox 62 2626 161 2697; x_wconf 87' lang='lat' dir='ltr'><strong>ptisma</strong></span> <span class='ocrx_word' id='word_1_350' title='bbox 189 2625 329 2695; x_wconf 76' lang='lat' dir='ltr'><strong>committi,</strong></span> <span class='ocrx_word' id='word_1_351' title='bbox 355 2627 378 2682; x_wconf 92' lang='lat' dir='ltr'><strong>si</strong></span> <span class='ocrx_word' id='word_1_352' title='bbox 409 2627 432 2692; x_wconf 81' lang='lat'><strong>³,</strong></span> <span class='ocrx_word' id='word_1_353' title='bbox 461 2644 509 2699; x_wconf 91' lang='lat' dir='ltr'><strong>per</strong></span> <span class='ocrx_word' id='word_1_354' title='bbox 537 2628 782 2702; x_wconf 78' lang='lat' dir='ltr'><strong>regenerationem,</strong></span> <span class='ocrx_word' id='word_1_355' title='bbox 808 2646 862 2693; x_wconf 90' lang='lat' dir='ltr'><strong>nou</strong></span> <span class='ocrx_word' id='word_1_356' title='bbox 915 2641 1030 2701; x_wconf 89' lang='lat' dir='ltr'><strong>corpora</strong></span> <span class='ocrx_word' id='word_1_357' title='bbox 1054 2633 1157 2693; x_wconf 89' lang='lat' dir='ltr'><strong>nostra,</strong></span> <span class='ocrx_word' id='word_1_358' title='bbox 1183 2639 1245 2696; x_wconf 80' lang='lat' dir='ltr'><strong>quae</strong></span> <span class='ocrx_word' id='word_1_359' title='bbox 1265 2623 1402 2681; x_wconf 83' lang='lat' dir='ltr'><strong>Romanos</strong></span> <span class='ocrx_word' id='word_1_360' title='bbox 1428 2626 1552 2689; x_wconf 82' lang='lat' dir='ltr'><strong>obsecrat</strong></span> <span class='ocrx_word' id='word_1_361' title='bbox 1584 2630 1713 2692; x_wconf 75' lang='lat' dir='ltr'><strong>exhibere</strong></span> 
     </span>
     <span class='ocr_line' id='line_1_28' title="bbox 62 2711 1712 2793; baseline 0.002 -21"><span class='ocrx_word' id='word_1_362' title='bbox 62 2715 144 2786; x_wconf 86' lang='lat' dir='ltr'><strong>etiam</strong></span> <span class='ocrx_word' id='word_1_363' title='bbox 168 2713 328 2773; x_wconf 85' lang='lat' dir='ltr'><strong>restitutioni</strong></span> <span class='ocrx_word' id='word_1_364' title='bbox 352 2715 566 2788; x_wconf 78' lang='lat' dir='ltr'><strong>inauguraretur,</strong></span> <span class='ocrx_word' id='word_1_365' title='bbox 590 2718 642 2775; x_wconf 88' lang='lat' dir='ltr'><strong>hoc</strong></span> <span class='ocrx_word' id='word_1_366' title='bbox 660 2734 766 2793; x_wconf 90' lang='lat' dir='ltr'><strong>quoqne</strong></span> <span class='ocrx_word' id='word_1_367' title='bbox 788 2720 862 2791; x_wconf 80' lang='lat' dir='ltr'><strong>Apo·</strong></span> <span class='ocrx_word' id='word_1_368' title='bbox 914 2715 1030 2772; x_wconf 85' lang='lat' dir='ltr'><strong>hostiam</strong></span> <span class='ocrx_word' id='word_1_369' title='bbox 1039 2714 1140 2782; x_wconf 82' lang='lat' dir='ltr'><strong>vivam,</strong></span> <span class='ocrx_word' id='word_1_370' title='bbox 1149 2722 1281 2778; x_wconf 75' lang='lat' dir='ltr'><strong>semum,</strong></span> <span class='ocrx_word' id='word_1_371' title='bbox 1288 2711 1444 2784; x_wconf 87' lang='lat' dir='ltr'><strong>placibilem</strong></span> <span class='ocrx_word' id='word_1_372' title='bbox 1455 2714 1558 2773; x_wconf 86' lang='lat' dir='ltr'><strong>¹³Deo.</strong></span> <span class='ocrx_word' id='word_1_373' title='bbox 1568 2716 1712 2786; x_wconf 76' lang='lat' dir='ltr'><strong>Quomodo</strong></span> 
     </span>
     <span class='ocr_line' id='line_1_29' title="bbox 63 2800 1712 2882; baseline 0.002 -23"><span class='ocrx_word' id='word_1_374' title='bbox 63 2806 134 2862; x_wconf 90' lang='lat' dir='ltr'><strong>stolo</strong></span> <span class='ocrx_word' id='word_1_375' title='bbox 158 2805 368 2881; x_wconf 74' lang='lat' dir='ltr'><strong>ingerentazdn</strong></span> <span class='ocrx_word' id='word_1_376' title='bbox 386 2804 534 2876; x_wconf 64' lang='lat' dir='ltr'><strong>innormis,</strong></span> <span class='ocrx_word' id='word_1_377' title='bbox 551 2807 623 2880; x_wconf 82' lang='lat' dir='ltr'><strong>quod</strong></span> <span class='ocrx_word' id='word_1_378' title='bbox 646 2809 816 2882; x_wconf 82' lang='lat' dir='ltr'><strong>quicumque</strong></span> <span class='ocrx_word' id='word_1_379' title='bbox 830 2809 862 2865; x_wconf 87' lang='lat' dir='ltr'><strong>in</strong></span> <span class='ocrx_word' id='word_1_380' title='bbox 914 2806 1017 2871; x_wconf 76' lang='lat' dir='ltr'><strong>umam,</strong></span> <span class='ocrx_word' id='word_1_381' title='bbox 1041 2802 1065 2858; x_wconf 89' lang='lat' dir='ltr'><strong>si</strong></span> <span class='ocrx_word' id='word_1_382' title='bbox 1087 2801 1208 2875; x_wconf 89' lang='lat' dir='ltr'><strong>peritura</strong></span> <span class='ocrx_word' id='word_1_383' title='bbox 1234 2800 1325 2861; x_wconf 73' lang='lat' dir='ltr'><strong>suut?</strong></span> <span class='ocrx_word' id='word_1_384' title='bbox 1349 2804 1486 2874; x_wconf 88' lang='lat' dir='ltr'><strong>quomodo</strong></span> <span class='ocrx_word' id='word_1_385' title='bbox 1516 2810 1658 2877; x_wconf 83' lang='lat' dir='ltr'><strong>sanctam,</strong></span> <span class='ocrx_word' id='word_1_386' title='bbox 1686 2808 1712 2873; x_wconf 76' lang='lat' dir='ltr'><strong>si</strong></span> 
     </span>
     <span class='ocr_line' id='line_1_30' title="bbox 65 2889 1713 2968; baseline 0 -17"><span class='ocrx_word' id='word_1_387' title='bbox 65 2892 701 2959; x_wconf 79' lang='lat' dir='ltr'><strong>Christamlesum¹tinctisumas‚inmoriem</strong></span> <span class='ocrx_word' id='word_1_388' title='bbox 709 2898 768 2968; x_wconf 86' lang='lat' dir='ltr'><strong>ejas</strong></span> <span class='ocrx_word' id='word_1_389' title='bbox 776 2898 862 2955; x_wconf 84' lang='lat' dir='ltr'><strong>tincti</strong></span> <span class='ocrx_word' id='word_1_390' title='bbox 915 2892 1029 2964; x_wconf 82' lang='lat' dir='ltr'><strong>profana</strong></span> <span class='ocrx_word' id='word_1_391' title='bbox 1044 2892 1130 2950; x_wconf 78' lang='lat' dir='ltr'><strong>sunt?</strong></span> <span class='ocrx_word' id='word_1_392' title='bbox 1144 2889 1282 2964; x_wconf 89' lang='lat' dir='ltr'><strong>quomodo</strong></span> <span class='ocrx_word' id='word_1_393' title='bbox 1303 2891 1466 2964; x_wconf 78' lang='lat' dir='ltr'><strong>placibilem</strong></span> <span class='ocrx_word' id='word_1_394' title='bbox 1488 2893 1520 2964; x_wconf 74' lang='lat'><strong>¹¹,</strong></span> <span class='ocrx_word' id='word_1_395' title='bbox 1541 2895 1566 2952; x_wconf 85' lang='lat' dir='ltr'><strong>si</strong></span> <span class='ocrx_word' id='word_1_396' title='bbox 1583 2896 1713 2963; x_wconf 74' lang='lat' dir='ltr'><strong>damnata</strong></span> 
     </span>
     <span class='ocr_line' id='line_1_31' title="bbox 61 2978 1713 3059; baseline 0.004 -21"><span class='ocrx_word' id='word_1_397' title='bbox 61 2979 189 3040; x_wconf 83' lang='lat' dir='ltr'><strong>sumas?</strong></span> <span class='ocrx_word' id='word_1_398' title='bbox 209 2982 369 3055; x_wconf 82' lang='lat' dir='ltr'><strong>Consepulti</strong></span> <span class='ocrx_word' id='word_1_399' title='bbox 379 2997 442 3058; x_wconf 83' lang='lat' dir='ltr'><strong>erpo</strong></span> <span class='ocrx_word' id='word_1_400' title='bbox 451 2983 497 3038; x_wconf 89' lang='lat' dir='ltr'><strong>illi</strong></span> <span class='ocrx_word' id='word_1_401' title='bbox 509 3000 611 3040; x_wconf 83' lang='lat' dir='ltr'><strong>turnus</strong></span> <span class='ocrx_word' id='word_1_402' title='bbox 618 3001 670 3057; x_wconf 84' lang='lat' dir='ltr'><strong>per</strong></span> <span class='ocrx_word' id='word_1_403' title='bbox 676 2987 817 3057; x_wconf 82' lang='lat' dir='ltr'><strong>baptisma</strong></span> <span class='ocrx_word' id='word_1_404' title='bbox 831 2987 864 3044; x_wconf 86' lang='lat' dir='ltr'><strong>in</strong></span> <span class='ocrx_word' id='word_1_405' title='bbox 917 2982 1005 3037; x_wconf 73' lang='lat' dir='ltr'><strong>suut?</strong></span> <span class='ocrx_word' id='word_1_406' title='bbox 1019 2982 1078 3053; x_wconf 73' lang='lat' dir='ltr'><strong>Ago</strong></span> <span class='ocrx_word' id='word_1_407' title='bbox 1090 2981 1157 3052; x_wconf 79' lang='lat' dir='ltr'><strong>jum,</strong></span> <span class='ocrx_word' id='word_1_408' title='bbox 1171 2978 1243 3052; x_wconf 85' lang='lat' dir='ltr'><strong>quod</strong></span> <span class='ocrx_word' id='word_1_409' title='bbox 1264 2978 1298 3034; x_wconf 90' lang='lat' dir='ltr'><strong>ad</strong></span> <span class='ocrx_word' id='word_1_410' title='bbox 1313 2978 1569 3041; x_wconf 67' lang='lat' dir='ltr'><strong>Thessalonicenses</strong></span> <span class='ocrx_word' id='word_1_411' title='bbox 1584 2985 1607 3025; x_wconf 89' lang='lat'><strong>¹⁵</strong></span> <span class='ocrx_word' id='word_1_412' title='bbox 1627 2984 1713 3059; x_wconf 79' lang='lat' dir='ltr'><strong>ipsius</strong></span> 
     </span>
     <span class='ocr_line' id='line_1_32' title="bbox 59 3061 1711 3144; baseline 0.005 -17"><span class='ocrx_word' id='word_1_413' title='bbox 59 3074 195 3136; x_wconf 75' lang='lat' dir='ltr'><strong>morlain,</strong></span> <span class='ocrx_word' id='word_1_414' title='bbox 221 3071 266 3127; x_wconf 88' lang='lat' dir='ltr'><strong>nli</strong></span> <span class='ocrx_word' id='word_1_415' title='bbox 289 3070 526 3144; x_wconf 80' lang='lat' dir='ltr'><strong>quemadmodum</strong></span> <span class='ocrx_word' id='word_1_416' title='bbox 539 3072 669 3129; x_wconf 79' lang='lat' dir='ltr'><strong>surrexit</strong></span> <span class='ocrx_word' id='word_1_417' title='bbox 700 3070 828 3130; x_wconf 76' lang='lat' dir='ltr'><strong>Christos</strong></span> <span class='ocrx_word' id='word_1_418' title='bbox 845 3089 864 3131; x_wconf 88' lang='lat' dir='ltr'><strong>a</strong></span> <span class='ocrx_word' id='word_1_419' title='bbox 879 3061 901 3138; x_wconf 71' lang='lat' dir='ltr'>B</span> <span class='ocrx_word' id='word_1_420' title='bbox 916 3068 982 3125; x_wconf 89' lang='lat' dir='ltr'><strong>solis</strong></span> <span class='ocrx_word' id='word_1_421' title='bbox 1000 3067 1076 3126; x_wconf 90' lang='lat' dir='ltr'><strong>radio</strong></span> <span class='ocrx_word' id='word_1_422' title='bbox 1091 3074 1183 3138; x_wconf 89' lang='lat' dir='ltr'><strong>putem</strong></span> <span class='ocrx_word' id='word_1_423' title='bbox 1197 3066 1337 3140; x_wconf 87' lang='lat' dir='ltr'><strong>scriptum,</strong></span> <span class='ocrx_word' id='word_1_424' title='bbox 1352 3066 1390 3124; x_wconf 82' lang='lat' dir='ltr'><strong>ita</strong></span> <span class='ocrx_word' id='word_1_425' title='bbox 1403 3068 1494 3137; x_wconf 85' lang='lat' dir='ltr'><strong>claret,</strong></span> <span class='ocrx_word' id='word_1_426' title='bbox 1508 3073 1624 3144; x_wconf 84' lang='lat' dir='ltr'><strong>qualiter</strong></span> <span class='ocrx_word' id='word_1_427' title='bbox 1636 3078 1711 3135; x_wconf 82' lang='lat' dir='ltr'><strong>acci·</strong></span> 
     </span>
     <span class='ocr_line' id='line_1_33' title="bbox 59 3155 1713 3232; baseline -0.002 -16"><span class='ocrx_word' id='word_1_428' title='bbox 59 3159 193 3232; x_wconf 71' lang='lat' dir='ltr'><strong>mortum,</strong></span> <span class='ocrx_word' id='word_1_429' title='bbox 200 3159 243 3215; x_wconf 87' lang='lat' dir='ltr'><strong>ila</strong></span> <span class='ocrx_word' id='word_1_430' title='bbox 252 3162 279 3216; x_wconf 87' lang='lat' dir='ltr'><strong>et</strong></span> <span class='ocrx_word' id='word_1_431' title='bbox 288 3175 338 3216; x_wconf 88' lang='lat' dir='ltr'><strong>nos</strong></span> <span class='ocrx_word' id='word_1_432' title='bbox 346 3159 510 3215; x_wconf 77' lang='lat' dir='ltr'><strong>inmonitate</strong></span> <span class='ocrx_word' id='word_1_433' title='bbox 519 3160 586 3216; x_wconf 81' lang='lat' dir='ltr'><strong>viia</strong></span> <span class='ocrx_word' id='word_1_434' title='bbox 595 3160 770 3219; x_wconf 84' lang='lat' dir='ltr'><strong>incedamus.</strong></span> <span class='ocrx_word' id='word_1_435' title='bbox 784 3160 822 3218; x_wconf 81' lang='lat' dir='ltr'><strong>tc</strong></span> <span class='ocrx_word' id='word_1_436' title='bbox 830 3176 864 3218; x_wconf 90' lang='lat' dir='ltr'><strong>ne</strong></span> <span class='ocrx_word' id='word_1_437' title='bbox 915 3157 992 3230; x_wconf 89' lang='lat' dir='ltr'><strong>pient</strong></span> <span class='ocrx_word' id='word_1_438' title='bbox 1012 3155 1138 3228; x_wconf 75' lang='lat' dir='ltr'><strong>lucifugae</strong></span> <span class='ocrx_word' id='word_1_439' title='bbox 1151 3155 1196 3211; x_wconf 90' lang='lat' dir='ltr'><strong>isti</strong></span> <span class='ocrx_word' id='word_1_440' title='bbox 1215 3155 1435 3227; x_wconf 75' lang='lat' dir='ltr'><strong>scripturarum?</strong></span> <span class='ocrx_word' id='word_1_441' title='bbox 1449 3162 1511 3230; x_wconf 75' lang='lat' dir='ltr'><strong>lpse</strong></span> <span class='ocrx_word' id='word_1_442' title='bbox 1524 3167 1622 3222; x_wconf 66' lang='lat' dir='ltr'><strong>mrum</strong></span> <span class='ocrx_word' id='word_1_443' title='bbox 1638 3167 1713 3229; x_wconf 60' lang='lat' dir='ltr'><strong>paup</strong></span> 
     </span>
     <span class='ocr_line' id='line_1_34' title="bbox 61 3234 1711 3323; baseline 0 -20"><span class='ocrx_word' id='word_1_444' title='bbox 61 3234 97 3306; x_wconf 88' lang='lat' dir='ltr'><strong>de</strong></span> <span class='ocrx_word' id='word_1_445' title='bbox 109 3249 162 3304; x_wconf 85' lang='lat' dir='ltr'><strong>ista</strong></span> <span class='ocrx_word' id='word_1_446' title='bbox 178 3255 282 3304; x_wconf 91' lang='lat' dir='ltr'><strong>tantum</strong></span> <span class='ocrx_word' id='word_1_447' title='bbox 301 3246 354 3304; x_wconf 84' lang='lat' dir='ltr'><strong>vito</strong></span> <span class='ocrx_word' id='word_1_448' title='bbox 372 3257 451 3318; x_wconf 86' lang='lat' dir='ltr'><strong>putes</strong></span> <span class='ocrx_word' id='word_1_449' title='bbox 470 3247 584 3314; x_wconf 87' lang='lat' dir='ltr'><strong>dictum,</strong></span> <span class='ocrx_word' id='word_1_450' title='bbox 607 3264 668 3323; x_wconf 77' lang='lat' dir='ltr'><strong>qua</strong></span> <span class='ocrx_word' id='word_1_451' title='bbox 692 3265 724 3304; x_wconf 83' lang='lat' dir='ltr'><strong>ex</strong></span> <span class='ocrx_word' id='word_1_452' title='bbox 748 3248 800 3305; x_wconf 85' lang='lat' dir='ltr'><strong>fide</strong></span> <span class='ocrx_word' id='word_1_453' title='bbox 815 3265 863 3320; x_wconf 90' lang='lat' dir='ltr'><strong>per</strong></span> <span class='ocrx_word' id='word_1_454' title='bbox 914 3247 995 3319; x_wconf 85' lang='lat' dir='ltr'><strong>pacis</strong></span> <span class='ocrx_word' id='word_1_455' title='bbox 1009 3245 1169 3314; x_wconf 82' lang='lat' dir='ltr'><strong>sanctificet</strong></span> <span class='ocrx_word' id='word_1_456' title='bbox 1183 3260 1230 3301; x_wconf 87' lang='lat' dir='ltr'><strong>nor</strong></span> <span class='ocrx_word' id='word_1_457' title='bbox 1253 3248 1336 3302; x_wconf 83' lang='lat' dir='ltr'><strong>lotos.</strong></span> <span class='ocrx_word' id='word_1_458' title='bbox 1352 3245 1415 3302; x_wconf 92' lang='lat' dir='ltr'><strong>Non</strong></span> <span class='ocrx_word' id='word_1_459' title='bbox 1430 3245 1541 3318; x_wconf 78' lang='lat' dir='ltr'><strong>suffieit,</strong></span> <span class='ocrx_word' id='word_1_460' title='bbox 1557 3251 1606 3311; x_wconf 75' lang='lat' dir='ltr'><strong>sad</strong></span> <span class='ocrx_word' id='word_1_461' title='bbox 1626 3253 1711 3311; x_wconf 68' lang='lat'><strong>16⁸0.</strong></span> 
     </span>
     <span class='ocr_line' id='line_1_35' title="bbox 59 3334 1711 3409; baseline 0 -17"><span class='ocrx_word' id='word_1_462' title='bbox 59 3335 196 3409; x_wconf 89' lang='lat' dir='ltr'><strong>baptisma</strong></span> <span class='ocrx_word' id='word_1_463' title='bbox 218 3336 246 3393; x_wconf 88' lang='lat' dir='ltr'><strong>iu</strong></span> <span class='ocrx_word' id='word_1_464' title='bbox 274 3335 366 3394; x_wconf 80' lang='lat' dir='ltr'><strong>notite</strong></span> <span class='ocrx_word' id='word_1_465' title='bbox 394 3335 508 3392; x_wconf 85' lang='lat' dir='ltr'><strong>vivenda</strong></span> <span class='ocrx_word' id='word_1_466' title='bbox 522 3336 534 3373; x_wconf 88' lang='lat'>⁵</span> <span class='ocrx_word' id='word_1_467' title='bbox 548 3344 598 3406; x_wconf 88' lang='lat' dir='ltr'><strong>est,</strong></span> <span class='ocrx_word' id='word_1_468' title='bbox 628 3336 863 3408; x_wconf 85' lang='lat' dir='ltr'><strong>providentissima</strong></span> <span class='ocrx_word' id='word_1_469' title='bbox 915 3334 1032 3407; x_wconf 88' lang='lat' dir='ltr'><strong>quitur:</strong></span> <span class='ocrx_word' id='word_1_470' title='bbox 1057 3336 1093 3394; x_wconf 78' lang='lat' dir='ltr'><strong>El</strong></span> <span class='ocrx_word' id='word_1_471' title='bbox 1107 3334 1252 3407; x_wconf 58' lang='lat' dir='ltr'><strong>interram</strong></span> <span class='ocrx_word' id='word_1_472' title='bbox 1269 3349 1372 3406; x_wconf 83' lang='lat' dir='ltr'><strong>corpur</strong></span> <span class='ocrx_word' id='word_1_473' title='bbox 1394 3338 1529 3403; x_wconf 81' lang='lat' dir='ltr'><strong>oestrum,</strong></span> <span class='ocrx_word' id='word_1_474' title='bbox 1552 3342 1582 3398; x_wconf 77' lang='lat' dir='ltr'><strong>at</strong></span> <span class='ocrx_word' id='word_1_475' title='bbox 1600 3343 1711 3409; x_wconf 70' lang='lat' dir='ltr'><strong>anina,</strong></span> 
     </span>
     <span class='ocr_line' id='line_1_36' title="bbox 11 3423 1712 3501; baseline 0.004 -20"><span class='ocrx_word' id='word_1_476' title='bbox 11 3474 17 3481; x_wconf 93' lang='lat'><strong><em>.</em></strong></span> <span class='ocrx_word' id='word_1_477' title='bbox 57 3424 188 3483; x_wconf 80' lang='lat' dir='ltr'><strong>adstruit:</strong></span> <span class='ocrx_word' id='word_1_478' title='bbox 202 3426 234 3483; x_wconf 86' lang='lat' dir='ltr'><strong>Si</strong></span> <span class='ocrx_word' id='word_1_479' title='bbox 248 3427 324 3485; x_wconf 86' lang='lat' dir='ltr'><strong>mim</strong></span> <span class='ocrx_word' id='word_1_480' title='bbox 338 3427 528 3501; x_wconf 83' lang='lat' dir='ltr'><strong>complantati</strong></span> <span class='ocrx_word' id='word_1_481' title='bbox 537 3425 862 3499; x_wconf 74' lang='lat' dir='ltr'><strong>6suerintacsimulacro</strong></span> <span class='ocrx_word' id='word_1_482' title='bbox 915 3427 943 3480; x_wconf 87' lang='grc' dir='ltr'><strong>ει</strong></span> <span class='ocrx_word' id='word_1_483' title='bbox 957 3424 1078 3499; x_wconf 83' lang='lat' dir='ltr'><strong>spiritns</strong></span> <span class='ocrx_word' id='word_1_484' title='bbox 1093 3423 1154 3480; x_wconf 83' lang='lat' dir='ltr'><strong>siue</strong></span> <span class='ocrx_word' id='word_1_485' title='bbox 1167 3423 1280 3496; x_wconf 79' lang='lat' dir='ltr'><strong>querela</strong></span> <span class='ocrx_word' id='word_1_486' title='bbox 1293 3427 1497 3496; x_wconf 76' lang='lat' dir='ltr'><strong>construantur</strong></span> <span class='ocrx_word' id='word_1_487' title='bbox 1511 3425 1544 3489; x_wconf 82' lang='lat' dir='ltr'><strong>in</strong></span> <span class='ocrx_word' id='word_1_488' title='bbox 1555 3433 1712 3499; x_wconf 77' lang='lat' dir='ltr'><strong>presentia</strong></span> 
     </span>
     <span class='ocr_line' id='line_1_37' title="bbox 58 3509 1714 3581; baseline -0.001 -11"><span class='ocrx_word' id='word_1_489' title='bbox 58 3513 163 3570; x_wconf 82' lang='lat' dir='ltr'><strong>mortis</strong></span> <span class='ocrx_word' id='word_1_490' title='bbox 187 3512 302 3580; x_wconf 76' lang='lat' dir='ltr'><strong>Christi,</strong></span> <span class='ocrx_word' id='word_1_491' title='bbox 322 3515 365 3568; x_wconf 87' lang='lat' dir='ltr'><strong>ita</strong></span> <span class='ocrx_word' id='word_1_492' title='bbox 384 3516 412 3567; x_wconf 85' lang='lat' dir='ltr'><strong>et</strong></span> <span class='ocrx_word' id='word_1_493' title='bbox 434 3514 652 3572; x_wconf 82' lang='lat' dir='ltr'><strong>resurrectionis</strong></span> <span class='ocrx_word' id='word_1_494' title='bbox 675 3515 793 3573; x_wconf 78' lang='lat' dir='ltr'><strong>emmas.</strong></span> <span class='ocrx_word' id='word_1_495' title='bbox 812 3514 863 3571; x_wconf 89' lang='lat' dir='ltr'><strong>Per</strong></span> <span class='ocrx_word' id='word_1_496' title='bbox 916 3513 1039 3570; x_wconf 80' lang='lat' dir='ltr'><strong>Domini.</strong></span> <span class='ocrx_word' id='word_1_497' title='bbox 1063 3511 1154 3568; x_wconf 85' lang='lat' dir='ltr'><strong>Habes</strong></span> <span class='ocrx_word' id='word_1_498' title='bbox 1174 3525 1282 3569; x_wconf 84' lang='lat' dir='ltr'><strong>omnem</strong></span> <span class='ocrx_word' id='word_1_499' title='bbox 1302 3509 1478 3569; x_wconf 83' lang='lat' dir='ltr'><strong>substanttam</strong></span> <span class='ocrx_word' id='word_1_500' title='bbox 1492 3512 1612 3579; x_wconf 82' lang='lat' dir='ltr'><strong>bominis</strong></span> <span class='ocrx_word' id='word_1_501' title='bbox 1632 3517 1714 3581; x_wconf 75' lang='lat' dir='ltr'><strong>saluti</strong></span> 
     </span>
     <span class='ocr_line' id='line_1_38' title="bbox 57 3599 1710 3675; baseline -0.002 -16"><span class='ocrx_word' id='word_1_502' title='bbox 57 3600 238 3659; x_wconf 78' lang='lat' dir='ltr'><strong>simulacrum</strong></span> <span class='ocrx_word' id='word_1_503' title='bbox 253 3601 324 3656; x_wconf 89' lang='lat' dir='ltr'><strong>enim</strong></span> <span class='ocrx_word' id='word_1_504' title='bbox 339 3601 470 3658; x_wconf 86' lang='lat' dir='ltr'><strong>morimur</strong></span> <span class='ocrx_word' id='word_1_505' title='bbox 480 3601 507 3656; x_wconf 92' lang='lat' dir='ltr'><strong>in</strong></span> <span class='ocrx_word' id='word_1_506' title='bbox 518 3601 736 3675; x_wconf 82' lang='lat' dir='ltr'><strong>baptismate(8)‚</strong></span> <span class='ocrx_word' id='word_1_507' title='bbox 751 3603 799 3658; x_wconf 90' lang='lat' dir='ltr'><strong>sed</strong></span> <span class='ocrx_word' id='word_1_508' title='bbox 813 3619 862 3675; x_wconf 91' lang='lat' dir='ltr'><strong>per</strong></span> <span class='ocrx_word' id='word_1_509' title='bbox 914 3601 1083 3668; x_wconf 86' lang='lat' dir='ltr'><strong>dastinatom,</strong></span> <span class='ocrx_word' id='word_1_510' title='bbox 1099 3615 1150 3658; x_wconf 82' lang='lat' dir='ltr'><strong>nec</strong></span> <span class='ocrx_word' id='word_1_511' title='bbox 1167 3599 1223 3658; x_wconf 83' lang='lat' dir='ltr'><strong>alio</strong></span> <span class='ocrx_word' id='word_1_512' title='bbox 1238 3606 1360 3670; x_wconf 81' lang='lat' dir='ltr'><strong>ternpore</strong></span> <span class='ocrx_word' id='word_1_513' title='bbox 1373 3614 1458 3672; x_wconf 78' lang='lat' dir='ltr'><strong>quam</strong></span> <span class='ocrx_word' id='word_1_514' title='bbox 1470 3600 1499 3668; x_wconf 82' lang='lat' dir='ltr'><strong>in</strong></span> <span class='ocrx_word' id='word_1_515' title='bbox 1510 3601 1631 3668; x_wconf 69' lang='lat' dir='ltr'><strong>adventu</strong></span> <span class='ocrx_word' id='word_1_516' title='bbox 1652 3607 1710 3665; x_wconf 71' lang='lat' dir='ltr'><strong>lto,</strong></span> 
     </span>
     <span class='ocr_line' id='line_1_39' title="bbox 58 3687 1425 3764; baseline 0.001 -15"><span class='ocrx_word' id='word_1_517' title='bbox 58 3690 201 3750; x_wconf 76' lang='lat' dir='ltr'><strong>veritatem</strong></span> <span class='ocrx_word' id='word_1_518' title='bbox 216 3692 384 3763; x_wconf 82' lang='lat' dir='ltr'><strong>resurgimus</strong></span> <span class='ocrx_word' id='word_1_519' title='bbox 400 3690 412 3733; x_wconf 89' lang='lat'><strong>¹</strong></span> <span class='ocrx_word' id='word_1_520' title='bbox 426 3691 456 3748; x_wconf 88' lang='lat' dir='ltr'><strong>la</strong></span> <span class='ocrx_word' id='word_1_521' title='bbox 474 3694 564 3760; x_wconf 85' lang='lat' dir='ltr'><strong>carna,</strong></span> <span class='ocrx_word' id='word_1_522' title='bbox 577 3692 648 3750; x_wconf 84' lang='lat' dir='ltr'><strong>siem</strong></span> <span class='ocrx_word' id='word_1_523' title='bbox 669 3700 696 3748; x_wconf 92' lang='lat' dir='ltr'><strong>et</strong></span> <span class='ocrx_word' id='word_1_524' title='bbox 718 3690 857 3747; x_wconf 86' lang='lat' dir='ltr'><strong>Christus:</strong></span> <span class='ocrx_word' id='word_1_525' title='bbox 914 3689 979 3748; x_wconf 91' lang='lat' dir='ltr'><strong>mini</strong></span> <span class='ocrx_word' id='word_1_526' title='bbox 994 3689 1040 3764; x_wconf 83' lang='lat' dir='ltr'><strong>qut</strong></span> <span class='ocrx_word' id='word_1_527' title='bbox 1054 3687 1195 3749; x_wconf 82' lang='lat' dir='ltr'><strong>claris-est</strong></span> <span class='ocrx_word' id='word_1_528' title='bbox 1211 3687 1425 3751; x_wconf 79' lang='lat' dir='ltr'><strong>resurrectionis.</strong></span> 
     </span>
    </p>
   </div>
   <div class='ocr_carea' id='block_1_5' title="bbox 747 3813 1022 3877">
    <p class='ocr_par' dir='ltr' id='par_1_5' title="bbox 747 3813 1022 3877">
     <span class='ocr_line' id='line_1_40' title="bbox 747 3813 1022 3877; baseline 0 -2"><span class='ocrx_word' id='word_1_529' title='bbox 747 3813 844 3876; x_wconf 82' lang='lat' dir='ltr'><strong>llariae</strong></span> <span class='ocrx_word' id='word_1_530' title='bbox 867 3816 1022 3877; x_wconf 86' lang='lat' dir='ltr'><strong>lectiones.</strong></span> 
     </span>
    </p>
   </div>
   <div class='ocr_carea' id='block_1_6' title="bbox 56 3903 1712 4269">
    <p class='ocr_par' dir='ltr' id='par_1_6' title="bbox 56 3903 1712 4269">
     <span class='ocr_line' id='line_1_41' title="bbox 94 3903 1708 3999; baseline 0.006 -24"><span class='ocrx_word' id='word_1_531' title='bbox 94 3918 123 3959; x_wconf 82' lang='lat'><strong>⁹¹</strong></span> <span class='ocrx_word' id='word_1_532' title='bbox 138 3917 306 3991; x_wconf 74' lang='lat' dir='ltr'><strong>murinum</strong></span> <span class='ocrx_word' id='word_1_533' title='bbox 319 3922 380 3977; x_wconf 88' lang='lat' dir='ltr'><strong>alii.</strong></span> <span class='ocrx_word' id='word_1_534' title='bbox 395 3922 422 3960; x_wconf 75' lang='lat'><strong>¹⁸</strong></span> <span class='ocrx_word' id='word_1_535' title='bbox 435 3919 604 3977; x_wconf 83' lang='lat' dir='ltr'><strong>Sacrificium</strong></span> <span class='ocrx_word' id='word_1_536' title='bbox 623 3917 711 3977; x_wconf 78' lang='lat' dir='ltr'><strong>ilion.</strong></span> <span class='ocrx_word' id='word_1_537' title='bbox 737 3920 822 3976; x_wconf 83' lang='lat' dir='ltr'><strong>Soml.</strong></span> <span class='ocrx_word' id='word_1_538' title='bbox 838 3919 864 3958; x_wconf 81' lang='lat'><strong>¹⁹</strong></span> <span class='ocrx_word' id='word_1_539' title='bbox 878 3919 953 3991; x_wconf 80' lang='lat' dir='ltr'><strong>Ergo</strong></span> <span class='ocrx_word' id='word_1_540' title='bbox 976 3916 1063 3976; x_wconf 77' lang='lat' dir='ltr'><strong>libert.</strong></span> <span class='ocrx_word' id='word_1_541' title='bbox 1090 3911 1200 3975; x_wconf 60' lang='grc' dir='ltr'><strong>δειιιι.1</strong></span> <span class='ocrx_word' id='word_1_542' title='bbox 1219 3908 1388 3975; x_wconf 63' lang='lat' dir='ltr'><strong>mucium</strong></span> <span class='ocrx_word' id='word_1_543' title='bbox 1413 3919 1502 3979; x_wconf 76' lang='lat' dir='ltr'><strong>ilben-</strong></span> <span class='ocrx_word' id='word_1_544' title='bbox 1528 3903 1613 3999; x_wconf 77' lang='lat' dir='ltr'><strong>Semi.</strong></span> <span class='ocrx_word' id='word_1_545' title='bbox 1641 3906 1708 3984; x_wconf 76' lang='lat' dir='ltr'><strong>lent</strong></span> 
     </span>
     <span class='ocr_line' id='line_1_42' title="bbox 57 3988 1712 4075; baseline 0.002 -27"><span class='ocrx_word' id='word_1_546' title='bbox 57 3993 71 4031; x_wconf 85' lang='lat'>²</span> <span class='ocrx_word' id='word_1_547' title='bbox 93 3993 203 4072; x_wconf 83' lang='lat' dir='ltr'><strong>Portam</strong></span> <span class='ocrx_word' id='word_1_548' title='bbox 226 3995 290 4049; x_wconf 85' lang='lat' dir='ltr'><strong>olii.</strong></span> <span class='ocrx_word' id='word_1_549' title='bbox 308 3993 322 4031; x_wconf 80' lang='lat'>³</span> <span class='ocrx_word' id='word_1_550' title='bbox 342 3992 373 4048; x_wconf 84' lang='lat' dir='ltr'><strong>Si</strong></span> <span class='ocrx_word' id='word_1_551' title='bbox 390 3993 485 4050; x_wconf 79' lang='lat' dir='ltr'><strong>omitt.</strong></span> <span class='ocrx_word' id='word_1_552' title='bbox 512 3993 599 4049; x_wconf 69' lang='lat' dir='ltr'><strong>istm·</strong></span> <span class='ocrx_word' id='word_1_553' title='bbox 625 3992 711 4048; x_wconf 73' lang='lat' dir='ltr'><strong>Soml.</strong></span> <span class='ocrx_word' id='word_1_554' title='bbox 730 3992 744 4032; x_wconf 82' lang='lat'><strong>¹</strong></span> <span class='ocrx_word' id='word_1_555' title='bbox 762 3990 856 4046; x_wconf 86' lang='lat' dir='ltr'><strong>lesum</strong></span> <span class='ocrx_word' id='word_1_556' title='bbox 879 3992 975 4048; x_wconf 79' lang='lat' dir='ltr'><strong>antiit.</strong></span> <span class='ocrx_word' id='word_1_557' title='bbox 1001 3988 1089 4046; x_wconf 81' lang='lat' dir='ltr'><strong>ssben.</strong></span> <span class='ocrx_word' id='word_1_558' title='bbox 1111 3988 1496 4075; x_wconf 58' lang='lat' dir='ltr'><strong>contumacitatem.</strong></span> <span class='ocrx_word' id='word_1_559' title='bbox 1524 3991 1592 4051; x_wconf 75' lang='lat' dir='ltr'><strong>rur.</strong></span> <span class='ocrx_word' id='word_1_560' title='bbox 1617 3989 1712 4054; x_wconf 71' lang='lat' dir='ltr'><strong>Frate.</strong></span> 
     </span>
     <span class='ocr_line' id='line_1_43' title="bbox 56 4059 1707 4201; baseline 0.005 -13"><span class='ocrx_word' id='word_1_561' title='bbox 56 4063 378 4191; x_wconf 61' lang='lat' dir='ltr'><strong>tramittit·</strong></span> <span class='ocrx_word' id='word_1_562' title='bbox 393 4061 902 4192; x_wconf 54' lang='lat' dir='ltr'><strong>tut.&#39;istrianorum</strong></span> <span class='ocrx_word' id='word_1_563' title='bbox 914 4059 1240 4201; x_wconf 68' lang='lat' dir='ltr'><strong>titttttttmt</strong></span> <span class='ocrx_word' id='word_1_564' title='bbox 1255 4060 1600 4193; x_wconf 58' lang='lat' dir='ltr'><strong>testiculum·</strong></span> <span class='ocrx_word' id='word_1_565' title='bbox 1619 4069 1707 4198; x_wconf 80' lang='lat' dir='ltr'><strong>stt:</strong></span> 
     </span>
     <span class='ocr_line' id='line_1_44' title="bbox 58 4198 1253 4269; baseline -0.005 -10"><span class='ocrx_word' id='word_1_566' title='bbox 58 4203 84 4243; x_wconf 79' lang='lat'><strong>¹¹</strong></span> <span class='ocrx_word' id='word_1_567' title='bbox 96 4204 246 4260; x_wconf 87' lang='lat' dir='ltr'><strong>Plaeabilia</strong></span> <span class='ocrx_word' id='word_1_568' title='bbox 264 4205 353 4262; x_wconf 74' lang='lat' dir='ltr'><strong>anan.</strong></span> <span class='ocrx_word' id='word_1_569' title='bbox 371 4207 456 4263; x_wconf 85' lang='lat' dir='ltr'><strong>Seml.</strong></span> <span class='ocrx_word' id='word_1_570' title='bbox 477 4204 501 4245; x_wconf 88' lang='lat'><strong>¹⁵</strong></span> <span class='ocrx_word' id='word_1_571' title='bbox 515 4207 550 4263; x_wconf 89' lang='lat' dir='ltr'><strong>Ut</strong></span> <span class='ocrx_word' id='word_1_572' title='bbox 565 4205 628 4262; x_wconf 89' lang='lat' dir='ltr'><strong>add.</strong></span> <span class='ocrx_word' id='word_1_573' title='bbox 645 4206 725 4260; x_wconf 88' lang='lat' dir='ltr'><strong>Pam.</strong></span> <span class='ocrx_word' id='word_1_574' title='bbox 741 4205 808 4260; x_wconf 84' lang='lat' dir='ltr'><strong>Par.</strong></span> <span class='ocrx_word' id='word_1_575' title='bbox 823 4204 909 4260; x_wconf 77' lang='lat' dir='ltr'><strong>Fran.</strong></span> <span class='ocrx_word' id='word_1_576' title='bbox 926 4200 950 4243; x_wconf 84' lang='lat'><strong>¹¹</strong></span> <span class='ocrx_word' id='word_1_577' title='bbox 964 4199 1043 4269; x_wconf 86' lang='lat' dir='ltr'><strong>Quod</strong></span> <span class='ocrx_word' id='word_1_578' title='bbox 1063 4198 1150 4254; x_wconf 74' lang='lat' dir='ltr'><strong>liban.</strong></span> <span class='ocrx_word' id='word_1_579' title='bbox 1167 4199 1253 4255; x_wconf 85' lang='lat' dir='ltr'><strong>Semi.</strong></span> 
     </span>
    </p>
   </div>
   <div class='ocr_carea' id='block_1_7' title="bbox 759 4326 1007 4390">
    <p class='ocr_par' dir='ltr' id='par_1_7' title="bbox 759 4326 1007 4390">
     <span class='ocr_line' id='line_1_45' title="bbox 759 4326 1007 4390; baseline -0.024 0"><span class='ocrx_word' id='word_1_580' title='bbox 759 4326 1007 4390; x_wconf 80' lang='lat' dir='ltr'><strong>Corumentarius.</strong></span> 
     </span>
    </p>
   </div>
   <div class='ocr_carea' id='block_1_8' title="bbox 56 4443 1707 5318">
    <p class='ocr_par' dir='ltr' id='par_1_8' title="bbox 56 4443 1707 4733">
     <span class='ocr_line' id='line_1_46' title="bbox 92 4443 1707 4530; baseline -0.002 -22"><span class='ocrx_word' id='word_1_581' title='bbox 92 4451 134 4525; x_wconf 84' lang='lat'><strong>(6)</strong></span> <span class='ocrx_word' id='word_1_582' title='bbox 149 4453 495 4525; x_wconf 70' lang='lat' dir='ltr'><strong>ilentbraoestrasamala</strong></span> <span class='ocrx_word' id='word_1_583' title='bbox 509 4451 858 4510; x_wconf 73' lang='lat' dir='ltr'><strong>immunitamttaresuo</strong></span> <span class='ocrx_word' id='word_1_584' title='bbox 872 4453 897 4530; x_wconf 69' lang='lat' dir='ltr'>ss</span> <span class='ocrx_word' id='word_1_585' title='bbox 913 4449 941 4505; x_wconf 90' lang='lat' dir='ltr'><strong>lu</strong></span> <span class='ocrx_word' id='word_1_586' title='bbox 955 4447 1100 4529; x_wconf 77' lang='lat' dir='ltr'><strong>bttptisruo,¹</strong></span> <span class='ocrx_word' id='word_1_587' title='bbox 1112 4443 1153 4501; x_wconf 82' lang='lat' dir='ltr'><strong>sic</strong></span> <span class='ocrx_word' id='word_1_588' title='bbox 1166 4446 1247 4502; x_wconf 81' lang='lat' dir='ltr'><strong>etlam</strong></span> <span class='ocrx_word' id='word_1_589' title='bbox 1264 4450 1465 4504; x_wconf 76' lang='lat' dir='ltr'><strong>rasumsotums</strong></span> <span class='ocrx_word' id='word_1_590' title='bbox 1476 4445 1569 4519; x_wconf 64' lang='lat' dir='ltr'><strong>smum</strong></span> <span class='ocrx_word' id='word_1_591' title='bbox 1595 4455 1621 4509; x_wconf 83' lang='lat' dir='ltr'><strong>tir</strong></span> <span class='ocrx_word' id='word_1_592' title='bbox 1648 4457 1650 4461; x_wconf 71' lang='grc'><strong>“</strong></span> <span class='ocrx_word' id='word_1_593' title='bbox 1692 4472 1707 4515; x_wconf 73' lang='lat' dir='ltr'><strong>e</strong></span> 
     </span>
     <span class='ocr_line' id='line_1_47' title="bbox 56 4517 1707 4599; baseline -0.002 -20"><span class='ocrx_word' id='word_1_594' title='bbox 56 4523 185 4579; x_wconf 73' lang='lat' dir='ltr'><strong>Graecam</strong></span> <span class='ocrx_word' id='word_1_595' title='bbox 204 4521 385 4585; x_wconf 77' lang='lat' dir='ltr'><strong>rocemloota</strong></span> <span class='ocrx_word' id='word_1_596' title='bbox 399 4525 533 4597; x_wconf 78' lang='lat' dir='ltr'><strong>exprimit.</strong></span> <span class='ocrx_word' id='word_1_597' title='bbox 550 4524 731 4582; x_wconf 85' lang='lat' dir='ltr'><strong>Famulaniia</strong></span> <span class='ocrx_word' id='word_1_598' title='bbox 744 4523 812 4579; x_wconf 81' lang='lat' dir='ltr'><strong>dixit</strong></span> <span class='ocrx_word' id='word_1_599' title='bbox 826 4524 857 4577; x_wconf 86' lang='lat' dir='ltr'><strong>B.</strong></span> <span class='ocrx_word' id='word_1_600' title='bbox 913 4528 941 4578; x_wconf 87' lang='lat' dir='ltr'><strong>et</strong></span> <span class='ocrx_word' id='word_1_601' title='bbox 968 4517 1169 4599; x_wconf 59' lang='lat' dir='ltr'><strong>spiritualiter,</strong></span> <span class='ocrx_word' id='word_1_602' title='bbox 1183 4531 1238 4572; x_wconf 84' lang='lat' dir='ltr'><strong>aon</strong></span> <span class='ocrx_word' id='word_1_603' title='bbox 1265 4531 1347 4586; x_wconf 73' lang='lat' dir='ltr'><strong>rerer</strong></span> <span class='ocrx_word' id='word_1_604' title='bbox 1374 4517 1501 4577; x_wconf 79' lang='lat' dir='ltr'><strong>observat</strong></span> <span class='ocrx_word' id='word_1_605' title='bbox 1527 4520 1616 4579; x_wconf 76' lang='lat' dir='ltr'><strong>tertul</strong></span> <span class='ocrx_word' id='word_1_606' title='bbox 1631 4524 1707 4584; x_wconf 69' lang='lat' dir='ltr'><strong>&#39;anat</strong></span> 
     </span>
     <span class='ocr_line' id='line_1_48' title="bbox 57 4587 1703 4673; baseline 0.002 -24"><span class='ocrx_word' id='word_1_607' title='bbox 57 4594 240 4667; x_wconf 68' lang='lat' dir='ltr'><strong>flieronpnnns</strong></span> <span class='ocrx_word' id='word_1_608' title='bbox 272 4597 307 4653; x_wconf 90' lang='lat' dir='ltr'><strong>ad</strong></span> <span class='ocrx_word' id='word_1_609' title='bbox 335 4596 440 4653; x_wconf 84' lang='lat' dir='ltr'><strong>Pamm.</strong></span> <span class='ocrx_word' id='word_1_610' title='bbox 467 4605 561 4653; x_wconf 77' lang='lat' dir='ltr'><strong>conus</strong></span> <span class='ocrx_word' id='word_1_611' title='bbox 592 4599 688 4654; x_wconf 89' lang='lat' dir='ltr'><strong>loaun.</strong></span> <span class='ocrx_word' id='word_1_612' title='bbox 724 4593 857 4651; x_wconf 81' lang='lat' dir='ltr'><strong>Hierosol.</strong></span> <span class='ocrx_word' id='word_1_613' title='bbox 913 4600 1008 4673; x_wconf 76' lang='lat' dir='ltr'><strong>typum</strong></span> <span class='ocrx_word' id='word_1_614' title='bbox 1021 4597 1049 4645; x_wconf 91' lang='lat' dir='ltr'><strong>et</strong></span> <span class='ocrx_word' id='word_1_615' title='bbox 1063 4595 1292 4671; x_wconf 77' lang='lat' dir='ltr'><strong>myrtinumassa</strong></span> <span class='ocrx_word' id='word_1_616' title='bbox 1306 4587 1487 4647; x_wconf 74' lang='lat' dir='ltr'><strong>dumtaxatiu</strong></span> <span class='ocrx_word' id='word_1_617' title='bbox 1501 4599 1587 4649; x_wconf 78' lang='lat' dir='ltr'><strong>morte</strong></span> <span class='ocrx_word' id='word_1_618' title='bbox 1600 4596 1703 4666; x_wconf 77' lang='lat' dir='ltr'><strong>ababa,</strong></span> 
     </span>
     <span class='ocr_line' id='line_1_49' title="bbox 56 4667 1705 4733; baseline -0.001 -11"><span class='ocrx_word' id='word_1_619' title='bbox 56 4667 96 4722; x_wconf 77' lang='lat' dir='ltr'><strong>la</strong></span> <span class='ocrx_word' id='word_1_620' title='bbox 111 4667 162 4722; x_wconf 75' lang='lat' dir='ltr'><strong>Pa</strong></span> <span class='ocrx_word' id='word_1_621' title='bbox 908 4678 965 4720; x_wconf 91' lang='lat' dir='ltr'><strong>non</strong></span> <span class='ocrx_word' id='word_1_622' title='bbox 986 4677 1014 4717; x_wconf 92' lang='lat' dir='ltr'><strong>m</strong></span> <span class='ocrx_word' id='word_1_623' title='bbox 1033 4671 1246 4733; x_wconf 69' lang='lat' dir='ltr'><strong>resurrectioner</strong></span> <span class='ocrx_word' id='word_1_624' title='bbox 1268 4673 1331 4715; x_wconf 88' lang='lat' dir='ltr'><strong>nam</strong></span> <span class='ocrx_word' id='word_1_625' title='bbox 1344 4672 1407 4715; x_wconf 85' lang='lat' dir='ltr'><strong>rere</strong></span> <span class='ocrx_word' id='word_1_626' title='bbox 1431 4676 1508 4718; x_wconf 82' lang='lat' dir='ltr'><strong>resur</strong></span> <span class='ocrx_word' id='word_1_627' title='bbox 1573 4668 1615 4721; x_wconf 83' lang='lat' dir='ltr'><strong>us.</strong></span> <span class='ocrx_word' id='word_1_628' title='bbox 1635 4669 1705 4726; x_wconf 70' lang='lat' dir='ltr'><strong>trun.</strong></span> 
     </span>
    </p>

    <p class='ocr_par' dir='ltr' id='par_1_9' title="bbox 56 4731 1704 5236">
     <span class='ocr_line' id='line_1_50' title="bbox 94 4731 1700 4813; baseline -0.001 -19"><span class='ocrx_word' id='word_1_629' title='bbox 94 4738 135 4806; x_wconf 81' lang='lat'><strong>(7)</strong></span> <span class='ocrx_word' id='word_1_630' title='bbox 143 4737 290 4808; x_wconf 85' lang='lat' dir='ltr'><strong>Stipendia</strong></span> <span class='ocrx_word' id='word_1_631' title='bbox 296 4738 858 4811; x_wconf 80' lang='lat' dir='ltr'><strong>enimdelinqmntioe,mors‚·donativum</strong></span> <span class='ocrx_word' id='word_1_632' title='bbox 946 4733 985 4804; x_wconf 86' lang='grc'><strong>(9)</strong></span> <span class='ocrx_word' id='word_1_633' title='bbox 999 4733 1046 4792; x_wconf 85' lang='lat' dir='ltr'><strong>Ubi</strong></span> <span class='ocrx_word' id='word_1_634' title='bbox 1060 4735 1111 4813; x_wconf 80' lang='grc' dir='ltr'><strong>εει,</strong></span> <span class='ocrx_word' id='word_1_635' title='bbox 1126 4733 1213 4799; x_wconf 84' lang='lat' dir='ltr'><strong>mors,</strong></span> <span class='ocrx_word' id='word_1_636' title='bbox 1229 4732 1342 4788; x_wconf 70' lang='lat' dir='ltr'><strong>emtam</strong></span> <span class='ocrx_word' id='word_1_637' title='bbox 1356 4734 1422 4788; x_wconf 83' lang='lat' dir='ltr'><strong>iam</strong></span> <span class='ocrx_word' id='word_1_638' title='bbox 1434 4735 1446 4787; x_wconf 88' lang='lat' dir='ltr'><strong>t</strong></span> <span class='ocrx_word' id='word_1_639' title='bbox 1460 4731 1505 4788; x_wconf 81' lang='lat' dir='ltr'><strong>Slc</strong></span> <span class='ocrx_word' id='word_1_640' title='bbox 1530 4749 1575 4806; x_wconf 71' lang='lat' dir='ltr'><strong>eg.</strong></span> <span class='ocrx_word' id='word_1_641' title='bbox 1590 4736 1652 4806; x_wconf 82' lang='lat' dir='ltr'><strong>cap.</strong></span> <span class='ocrx_word' id='word_1_642' title='bbox 1668 4741 1700 4793; x_wconf 84' lang='lat' dir='ltr'><strong>st</strong></span> 
     </span>
     <span class='ocr_line' id='line_1_51' title="bbox 56 4802 1704 4884; baseline 0.001 -22"><span class='ocrx_word' id='word_1_643' title='bbox 56 4813 158 4865; x_wconf 84' lang='lat' dir='ltr'><strong>autem</strong></span> <span class='ocrx_word' id='word_1_644' title='bbox 168 4810 227 4872; x_wconf 83' lang='lat' dir='ltr'><strong>Dei,</strong></span> <span class='ocrx_word' id='word_1_645' title='bbox 241 4819 293 4864; x_wconf 86' lang='lat' dir='ltr'><strong>etc.</strong></span> <span class='ocrx_word' id='word_1_646' title='bbox 308 4810 474 4880; x_wconf 90' lang='lat' dir='ltr'><strong>Stipendium</strong></span> <span class='ocrx_word' id='word_1_647' title='bbox 493 4826 598 4866; x_wconf 88' lang='lat' dir='ltr'><strong>merces</strong></span> <span class='ocrx_word' id='word_1_648' title='bbox 612 4818 669 4865; x_wconf 88' lang='lat' dir='ltr'><strong>erat</strong></span> <span class='ocrx_word' id='word_1_649' title='bbox 683 4811 796 4866; x_wconf 88' lang='lat' dir='ltr'><strong>militum</strong></span> <span class='ocrx_word' id='word_1_650' title='bbox 810 4807 856 4879; x_wconf 88' lang='lat' dir='ltr'><strong>qui</strong></span> <span class='ocrx_word' id='word_1_651' title='bbox 910 4811 938 4862; x_wconf 90' lang='lat' dir='ltr'><strong>et</strong></span> <span class='ocrx_word' id='word_1_652' title='bbox 951 4807 995 4869; x_wconf 77' lang='lat'><strong>53,</strong></span> <span class='ocrx_word' id='word_1_653' title='bbox 1011 4819 1060 4875; x_wconf 90' lang='lat' dir='ltr'><strong>pro</strong></span> <span class='ocrx_word' id='word_1_654' title='bbox 1073 4806 1202 4884; x_wconf 76' lang='lat' dir='ltr'><strong>victoria,</strong></span> <span class='ocrx_word' id='word_1_655' title='bbox 1213 4802 1287 4884; x_wconf 81' lang='lat' dir='ltr'><strong>quod</strong></span> <span class='ocrx_word' id='word_1_656' title='bbox 1296 4803 1376 4857; x_wconf 87' lang='lat' dir='ltr'><strong>habet</strong></span> <span class='ocrx_word' id='word_1_657' title='bbox 1385 4802 1528 4875; x_wconf 75' lang='lat' dir='ltr'><strong>Vulgatus,</strong></span> <span class='ocrx_word' id='word_1_658' title='bbox 1539 4807 1704 4863; x_wconf 84' lang='lat' dir='ltr'><strong>substituens</strong></span> 
     </span>
     <span class='ocr_line' id='line_1_52' title="bbox 57 4872 1702 4956; baseline 0.001 -24"><span class='ocrx_word' id='word_1_659' title='bbox 57 4878 219 4943; x_wconf 62' lang='lat' dir='ltr'><strong>memborum</strong></span> <span class='ocrx_word' id='word_1_660' title='bbox 242 4880 397 4938; x_wconf 86' lang='lat' dir='ltr'><strong>donativum</strong></span> <span class='ocrx_word' id='word_1_661' title='bbox 416 4891 504 4936; x_wconf 84' lang='lat' dir='ltr'><strong>autem</strong></span> <span class='ocrx_word' id='word_1_662' title='bbox 529 4881 630 4936; x_wconf 91' lang='lat' dir='ltr'><strong>donum</strong></span> <span class='ocrx_word' id='word_1_663' title='bbox 652 4890 708 4937; x_wconf 84' lang='lat' dir='ltr'><strong>erat</strong></span> <span class='ocrx_word' id='word_1_664' title='bbox 726 4880 856 4937; x_wconf 84' lang='lat' dir='ltr'><strong>militibus</strong></span> <span class='ocrx_word' id='word_1_665' title='bbox 909 4876 1073 4956; x_wconf 64' lang='lat' dir='ltr'><strong>omlenlt&#39;m</strong></span> <span class='ocrx_word' id='word_1_666' title='bbox 1093 4889 1157 4954; x_wconf 82' lang='lat' dir='ltr'><strong>nam</strong></span> <span class='ocrx_word' id='word_1_667' title='bbox 1171 4888 1198 4927; x_wconf 90' lang='lat' dir='ltr'><strong>m</strong></span> <span class='ocrx_word' id='word_1_668' title='bbox 1215 4872 1374 4955; x_wconf 82' lang='lat' dir='ltr'><strong>quibusdam</strong></span> <span class='ocrx_word' id='word_1_669' title='bbox 1389 4873 1492 4956; x_wconf 66' lang='lat' dir='ltr'><strong>(iraecis</strong></span> <span class='ocrx_word' id='word_1_670' title='bbox 1512 4879 1603 4948; x_wconf 88' lang='lat' dir='ltr'><strong>posuit</strong></span> <span class='ocrx_word' id='word_1_671' title='bbox 1628 4880 1702 4946; x_wconf 79' lang='grc' dir='ltr'><strong>νῖκος,</strong></span> 
     </span>
     <span class='ocr_line' id='line_1_53' title="bbox 58 4943 1704 5023; baseline 0.001 -18"><span class='ocrx_word' id='word_1_672' title='bbox 58 4951 91 5005; x_wconf 88' lang='lat' dir='ltr'><strong>ab</strong></span> <span class='ocrx_word' id='word_1_673' title='bbox 102 4950 267 5021; x_wconf 85' lang='lat' dir='ltr'><strong>imperatore</strong></span> <span class='ocrx_word' id='word_1_674' title='bbox 277 4954 382 5023; x_wconf 81' lang='lat' dir='ltr'><strong>erogari</strong></span> <span class='ocrx_word' id='word_1_675' title='bbox 391 4953 513 5010; x_wconf 87' lang='lat' dir='ltr'><strong>solitum.</strong></span> <span class='ocrx_word' id='word_1_676' title='bbox 524 4951 760 5023; x_wconf 86' lang='lat' dir='ltr'><strong>Quemadmodum</strong></span> <span class='ocrx_word' id='word_1_677' title='bbox 774 4953 857 5023; x_wconf 80' lang='lat' dir='ltr'><strong>igitur</strong></span> <span class='ocrx_word' id='word_1_678' title='bbox 909 4964 978 5014; x_wconf 88' lang='lat' dir='ltr'><strong>esse,</strong></span> <span class='ocrx_word' id='word_1_679' title='bbox 995 4961 1055 5002; x_wconf 78' lang='lat' dir='ltr'><strong>sive</strong></span> <span class='ocrx_word' id='word_1_680' title='bbox 1069 4944 1133 5012; x_wconf 81' lang='lat' dir='ltr'><strong>sinn,</strong></span> <span class='ocrx_word' id='word_1_681' title='bbox 1148 4943 1176 4999; x_wconf 82' lang='lat' dir='ltr'><strong>td</strong></span> <span class='ocrx_word' id='word_1_682' title='bbox 1190 4952 1234 5002; x_wconf 86' lang='lat' dir='ltr'><strong>est</strong></span> <span class='ocrx_word' id='word_1_683' title='bbox 1250 4947 1387 5013; x_wconf 76' lang='lat' dir='ltr'><strong>uiolortar</strong></span> <span class='ocrx_word' id='word_1_684' title='bbox 1401 4961 1429 5000; x_wconf 84' lang='lat' dir='ltr'><strong>nn</strong></span> <span class='ocrx_word' id='word_1_685' title='bbox 1443 4946 1503 5003; x_wconf 85' lang='lat' dir='ltr'><strong>aliis</strong></span> <span class='ocrx_word' id='word_1_686' title='bbox 1517 4951 1607 5018; x_wconf 74' lang='lat' dir='ltr'><strong>trians,</strong></span> <span class='ocrx_word' id='word_1_687' title='bbox 1618 4948 1646 5006; x_wconf 85' lang='lat' dir='ltr'><strong>it</strong></span> <span class='ocrx_word' id='word_1_688' title='bbox 1661 4960 1704 5009; x_wconf 85' lang='lat' dir='ltr'><strong>ast</strong></span> 
     </span>
     <span class='ocr_line' id='line_1_54' title="bbox 56 5011 1703 5095; baseline 0.001 -20"><span class='ocrx_word' id='word_1_689' title='bbox 56 5034 123 5076; x_wconf 75' lang='lat' dir='ltr'><strong>voce</strong></span> <span class='ocrx_word' id='word_1_690' title='bbox 136 5020 447 5095; x_wconf 84' lang='lat' dir='ltr'><strong>castrensislipendiam</strong></span> <span class='ocrx_word' id='word_1_691' title='bbox 458 5039 491 5080; x_wconf 82' lang='lat' dir='ltr'><strong>ex</strong></span> <span class='ocrx_word' id='word_1_692' title='bbox 505 5024 535 5082; x_wconf 86' lang='lat' dir='ltr'><strong>B.</strong></span> <span class='ocrx_word' id='word_1_693' title='bbox 551 5022 629 5080; x_wconf 89' lang='lat' dir='ltr'><strong>Pauli</strong></span> <span class='ocrx_word' id='word_1_694' title='bbox 640 5022 857 5093; x_wconf 82' lang='lat' dir='ltr'><strong>interpretatione</strong></span> <span class='ocrx_word' id='word_1_695' title='bbox 905 5019 1047 5092; x_wconf 66' lang='lat' dir='ltr'><strong>impiam,</strong></span> <span class='ocrx_word' id='word_1_696' title='bbox 1066 5015 1224 5083; x_wconf 83' lang='lat' dir='ltr'><strong>altercatio,</strong></span> <span class='ocrx_word' id='word_1_697' title='bbox 1235 5018 1314 5086; x_wconf 75' lang='lat' dir='ltr'><strong>rina,</strong></span> <span class='ocrx_word' id='word_1_698' title='bbox 1327 5015 1382 5074; x_wconf 84' lang='lat' dir='ltr'><strong>sive</strong></span> <span class='ocrx_word' id='word_1_699' title='bbox 1396 5011 1463 5088; x_wconf 68' lang='grc' dir='ltr'><strong>δίκη,</strong></span> <span class='ocrx_word' id='word_1_700' title='bbox 1482 5017 1510 5075; x_wconf 89' lang='lat' dir='ltr'><strong>id</strong></span> <span class='ocrx_word' id='word_1_701' title='bbox 1528 5025 1703 5093; x_wconf 64' lang='lat' dir='ltr'><strong>attrectatis</strong></span> 
     </span>
     <span class='ocr_line' id='line_1_55' title="bbox 58 5089 1704 5165; baseline 0.001 -17"><span class='ocrx_word' id='word_1_702' title='bbox 58 5106 123 5148; x_wconf 79' lang='lat' dir='ltr'><strong>usus</strong></span> <span class='ocrx_word' id='word_1_703' title='bbox 137 5092 235 5160; x_wconf 88' lang='lat' dir='ltr'><strong>luerat,</strong></span> <span class='ocrx_word' id='word_1_704' title='bbox 251 5106 313 5164; x_wconf 88' lang='lat' dir='ltr'><strong>apte</strong></span> <span class='ocrx_word' id='word_1_705' title='bbox 329 5096 398 5150; x_wconf 83' lang='lat' dir='ltr'><strong>hanc</strong></span> <span class='ocrx_word' id='word_1_706' title='bbox 418 5111 511 5152; x_wconf 90' lang='lat' dir='ltr'><strong>vocem</strong></span> <span class='ocrx_word' id='word_1_707' title='bbox 536 5095 564 5151; x_wconf 92' lang='lat' dir='ltr'><strong>in</strong></span> <span class='ocrx_word' id='word_1_708' title='bbox 587 5095 682 5151; x_wconf 89' lang='lat' dir='ltr'><strong>eadem</strong></span> <span class='ocrx_word' id='word_1_709' title='bbox 701 5093 856 5165; x_wconf 79' lang='lat' dir='ltr'><strong>metaphora</strong></span> <span class='ocrx_word' id='word_1_710' title='bbox 909 5106 1006 5156; x_wconf 85' lang='lat' dir='ltr'><strong>cansa,</strong></span> <span class='ocrx_word' id='word_1_711' title='bbox 1016 5091 1078 5162; x_wconf 85' lang='lat' dir='ltr'><strong>jas,</strong></span> <span class='ocrx_word' id='word_1_712' title='bbox 1097 5089 1253 5157; x_wconf 77' lang='lat' dir='ltr'><strong>sententia,</strong></span> <span class='ocrx_word' id='word_1_713' title='bbox 1270 5091 1299 5146; x_wconf 86' lang='lat' dir='ltr'><strong>et</strong></span> <span class='ocrx_word' id='word_1_714' title='bbox 1320 5104 1429 5162; x_wconf 80' lang='lat' dir='ltr'><strong>pana:</strong></span> <span class='ocrx_word' id='word_1_715' title='bbox 1448 5104 1502 5146; x_wconf 79' lang='lat' dir='ltr'><strong>vox</strong></span> <span class='ocrx_word' id='word_1_716' title='bbox 1515 5091 1645 5155; x_wconf 83' lang='lat' dir='ltr'><strong>nimirum</strong></span> <span class='ocrx_word' id='word_1_717' title='bbox 1663 5106 1704 5152; x_wconf 86' lang='lat' dir='ltr'><strong>ast</strong></span> 
     </span>
     <span class='ocr_line' id='line_1_56' title="bbox 59 5161 1117 5236; baseline 0.003 -20"><span class='ocrx_word' id='word_1_718' title='bbox 59 5163 211 5232; x_wconf 83' lang='lat' dir='ltr'><strong>persistens</strong></span> <span class='ocrx_word' id='word_1_719' title='bbox 223 5166 369 5236; x_wconf 83' lang='lat' dir='ltr'><strong>usurpavit.</strong></span> <span class='ocrx_word' id='word_1_720' title='bbox 386 5167 424 5222; x_wconf 87' lang='lat' dir='ltr'><strong>La</strong></span> <span class='ocrx_word' id='word_1_721' title='bbox 436 5168 483 5221; x_wconf 86' lang='lat' dir='ltr'><strong>Pa.</strong></span> <span class='ocrx_word' id='word_1_722' title='bbox 909 5161 1035 5217; x_wconf 78' lang='lat' dir='ltr'><strong>forensis.</strong></span> <span class='ocrx_word' id='word_1_723' title='bbox 1051 5162 1117 5219; x_wconf 81' lang='lat' dir='ltr'><strong>Lac.</strong></span> 
     </span>
    </p>

    <p class='ocr_par' dir='ltr' id='par_1_10' title="bbox 95 5229 1704 5318">
     <span class='ocr_line' id='line_1_57' title="bbox 95 5229 1704 5318; baseline 0.003 -30"><span class='ocrx_word' id='word_1_724' title='bbox 95 5229 389 5304; x_wconf 70' lang='lat' dir='ltr'><strong>(Spl’ersimalacram</strong></span> <span class='ocrx_word' id='word_1_725' title='bbox 399 5240 477 5296; x_wconf 85' lang='lat' dir='ltr'><strong>enim</strong></span> <span class='ocrx_word' id='word_1_726' title='bbox 486 5240 627 5295; x_wconf 84' lang='lat' dir='ltr'><strong>morimur</strong></span> <span class='ocrx_word' id='word_1_727' title='bbox 637 5239 668 5293; x_wconf 88' lang='lat' dir='ltr'><strong>in</strong></span> <span class='ocrx_word' id='word_1_728' title='bbox 677 5236 853 5318; x_wconf 80' lang='lat' dir='ltr'><strong>baptismale.</strong></span> <span class='ocrx_word' id='word_1_729' title='bbox 945 5234 1002 5305; x_wconf 85' lang='lat' dir='ltr'><strong>(to)</strong></span> <span class='ocrx_word' id='word_1_730' title='bbox 1020 5232 1095 5301; x_wconf 88' lang='lat' dir='ltr'><strong>Quod</strong></span> <span class='ocrx_word' id='word_1_731' title='bbox 1116 5232 1205 5303; x_wconf 82' lang='lat' dir='ltr'><strong>periit</strong></span> <span class='ocrx_word' id='word_1_732' title='bbox 1218 5231 1330 5288; x_wconf 88' lang='lat' dir='ltr'><strong>saluum</strong></span> <span class='ocrx_word' id='word_1_733' title='bbox 1345 5233 1464 5300; x_wconf 74' lang='lat' dir='ltr'><strong>suemus.</strong></span> <span class='ocrx_word' id='word_1_734' title='bbox 1480 5233 1578 5292; x_wconf 86' lang='lat' dir='ltr'><strong>Ezecb.</strong></span> <span class='ocrx_word' id='word_1_735' title='bbox 1598 5248 1704 5303; x_wconf 75' lang='lat' dir='ltr'><strong>xxxiv,</strong></span> 
     </span>
    </p>
   </div>
   <div class='ocr_carea' id='block_1_9' title="bbox 56 5303 1810 5665">
    <p class='ocr_par' dir='ltr' id='par_1_11' title="bbox 56 5303 1810 5592">
     <span class='ocr_line' id='line_1_58' title="bbox 56 5303 1810 5433; baseline -0.001 -70"><span class='ocrx_word' id='word_1_736' title='bbox 56 5303 229 5433; x_wconf 50' lang='lat' dir='ltr'><strong>&amp;war</strong></span> <span class='ocrx_word' id='word_1_737' title='bbox 247 5324 299 5377; x_wconf 88' lang='lat' dir='ltr'><strong>pro</strong></span> <span class='ocrx_word' id='word_1_738' title='bbox 319 5310 440 5366; x_wconf 89' lang='lat' dir='ltr'><strong>mortuis.</strong></span> <span class='ocrx_word' id='word_1_739' title='bbox 468 5311 614 5379; x_wconf 82' lang='lat' dir='ltr'><strong>ilergimur</strong></span> <span class='ocrx_word' id='word_1_740' title='bbox 636 5325 713 5380; x_wconf 82' lang='lat' dir='ltr'><strong>qnasi</strong></span> <span class='ocrx_word' id='word_1_741' title='bbox 742 5315 855 5366; x_wconf 87' lang='lat' dir='ltr'><strong>mortem</strong></span> <span class='ocrx_word' id='word_1_742' title='bbox 910 5303 1000 5360; x_wconf 88' lang='lat' dir='ltr'><strong>sicast</strong></span> <span class='ocrx_word' id='word_1_743' title='bbox 1016 5321 1022 5361; x_wconf 79' lang='lat'>2</span> <span class='ocrx_word' id='word_1_744' title='bbox 1037 5303 1251 5376; x_wconf 77' lang='lat' dir='ltr'><strong>Quodpcrt&#39;eral</strong></span> <span class='ocrx_word' id='word_1_745' title='bbox 1264 5303 1420 5375; x_wconf 71' lang='lat' dir='ltr'><strong>requiram,</strong></span> <span class='ocrx_word' id='word_1_746' title='bbox 1434 5304 1704 5378; x_wconf 72' lang='lat' dir='ltr'><strong>etqmaao&#39;eemm</strong></span> <span class='ocrx_word' id='word_1_747' title='bbox 1809 5353 1810 5356; x_wconf 63' lang='lat'><strong>,</strong></span> 
     </span>
     <span class='ocr_line' id='line_1_59' title="bbox 57 5376 1703 5454; baseline 0.001 -22"><span class='ocrx_word' id='word_1_748' title='bbox 57 5390 88 5432; x_wconf 87' lang='lat' dir='ltr'><strong>au</strong></span> <span class='ocrx_word' id='word_1_749' title='bbox 172 5394 215 5434; x_wconf 89' lang='lat' dir='ltr'><strong>na.</strong></span> <span class='ocrx_word' id='word_1_750' title='bbox 230 5378 413 5454; x_wconf 79' lang='lat' dir='ltr'><strong>Emergimus,</strong></span> <span class='ocrx_word' id='word_1_751' title='bbox 429 5389 458 5436; x_wconf 90' lang='lat' dir='ltr'><strong>ut</strong></span> <span class='ocrx_word' id='word_1_752' title='bbox 470 5381 671 5438; x_wconf 79' lang='lat' dir='ltr'><strong>reviviscentes.</strong></span> <span class='ocrx_word' id='word_1_753' title='bbox 688 5381 795 5435; x_wconf 74' lang='lat' dir='ltr'><strong>ilia-</strong></span> <span class='ocrx_word' id='word_1_754' title='bbox 816 5377 856 5434; x_wconf 90' lang='lat' dir='ltr'><strong>Nc</strong></span> <span class='ocrx_word' id='word_1_755' title='bbox 912 5379 975 5433; x_wconf 83' lang='lat' dir='ltr'><strong>croi</strong></span> <span class='ocrx_word' id='word_1_756' title='bbox 986 5376 1130 5441; x_wconf 85' lang='lat' dir='ltr'><strong>reducam,</strong></span> <span class='ocrx_word' id='word_1_757' title='bbox 1142 5380 1170 5433; x_wconf 89' lang='grc' dir='ltr'><strong>ει</strong></span> <span class='ocrx_word' id='word_1_758' title='bbox 1182 5377 1252 5448; x_wconf 79' lang='lat' dir='ltr'><strong>qaod</strong></span> <span class='ocrx_word' id='word_1_759' title='bbox 1272 5378 1421 5448; x_wconf 75' lang='lat' dir='ltr'><strong>confracta</strong></span> <span class='ocrx_word' id='word_1_760' title='bbox 1479 5382 1564 5434; x_wconf 80' lang='lat' dir='ltr'><strong>uerat</strong></span> <span class='ocrx_word' id='word_1_761' title='bbox 1605 5379 1626 5432; x_wconf 88' lang='grc' dir='ltr'><strong>ι’</strong></span> <span class='ocrx_word' id='word_1_762' title='bbox 1643 5379 1703 5444; x_wconf 87' lang='lat' dir='ltr'><strong>abo,</strong></span> 
     </span>
     <span class='ocr_line' id='line_1_60' title="bbox 57 5447 1705 5522; baseline -0.001 -15"><span class='ocrx_word' id='word_1_763' title='bbox 57 5450 257 5519; x_wconf 75' lang='lat' dir='ltr'><strong>responderent</strong></span> <span class='ocrx_word' id='word_1_764' title='bbox 281 5451 403 5509; x_wconf 78' lang='lat' dir='ltr'><strong>haeretici</strong></span> <span class='ocrx_word' id='word_1_765' title='bbox 431 5453 527 5510; x_wconf 89' lang='lat' dir='ltr'><strong>codem</strong></span> <span class='ocrx_word' id='word_1_766' title='bbox 549 5451 632 5510; x_wconf 91' lang='lat' dir='ltr'><strong>modo</strong></span> <span class='ocrx_word' id='word_1_767' title='bbox 661 5461 857 5508; x_wconf 86' lang='lat' dir='ltr'><strong>resurrecturos</strong></span> <span class='ocrx_word' id='word_1_768' title='bbox 912 5452 941 5505; x_wconf 88' lang='grc' dir='ltr'><strong>ει</strong></span> <span class='ocrx_word' id='word_1_769' title='bbox 953 5448 1026 5520; x_wconf 82' lang='lat' dir='ltr'><strong>qaod</strong></span> <span class='ocrx_word' id='word_1_770' title='bbox 1040 5448 1190 5519; x_wconf 70' lang='lat' dir='ltr'><strong>infirmam</strong></span> <span class='ocrx_word' id='word_1_771' title='bbox 1203 5450 1297 5520; x_wconf 77' lang='lat' dir='ltr'><strong>suerat</strong></span> <span class='ocrx_word' id='word_1_772' title='bbox 1314 5447 1418 5506; x_wconf 84' lang='lat' dir='ltr'><strong>consol&#39;</strong></span> <span class='ocrx_word' id='word_1_773' title='bbox 1473 5463 1499 5516; x_wconf 90' lang='lat' dir='ltr'><strong>o,</strong></span> <span class='ocrx_word' id='word_1_774' title='bbox 1514 5450 1573 5519; x_wconf 76' lang='lat' dir='ltr'><strong>etp</strong></span> <span class='ocrx_word' id='word_1_775' title='bbox 1638 5450 1705 5522; x_wconf 79' lang='lat' dir='ltr'><strong>pin·</strong></span> 
     </span>
     <span class='ocr_line' id='line_1_61' title="bbox 57 5518 1371 5592; baseline 0.002 -19"><span class='ocrx_word' id='word_1_776' title='bbox 57 5533 120 5574; x_wconf 91' lang='lat' dir='ltr'><strong>cum</strong></span> <span class='ocrx_word' id='word_1_777' title='bbox 135 5520 256 5586; x_wconf 84' lang='lat' dir='ltr'><strong>Christo,</strong></span> <span class='ocrx_word' id='word_1_778' title='bbox 279 5522 351 5580; x_wconf 91' lang='lat' dir='ltr'><strong>sicut</strong></span> <span class='ocrx_word' id='word_1_779' title='bbox 369 5531 397 5580; x_wconf 88' lang='lat' dir='ltr'><strong>et</strong></span> <span class='ocrx_word' id='word_1_780' title='bbox 415 5524 513 5582; x_wconf 89' lang='lat' dir='ltr'><strong>mortui</strong></span> <span class='ocrx_word' id='word_1_781' title='bbox 539 5539 642 5590; x_wconf 90' lang='lat' dir='ltr'><strong>snmus,</strong></span> <span class='ocrx_word' id='word_1_782' title='bbox 666 5523 770 5583; x_wconf 85' lang='lat' dir='ltr'><strong>scilicet</strong></span> <span class='ocrx_word' id='word_1_783' title='bbox 793 5521 857 5592; x_wconf 77' lang='lat' dir='ltr'><strong>auia</strong></span> <span class='ocrx_word' id='word_1_784' title='bbox 912 5536 964 5591; x_wconf 79' lang='lat' dir='ltr'><strong>pao</strong></span> <span class='ocrx_word' id='word_1_785' title='bbox 982 5524 1012 5581; x_wconf 86' lang='lat' dir='ltr'><strong>el</strong></span> <span class='ocrx_word' id='word_1_786' title='bbox 1031 5522 1106 5589; x_wconf 74' lang='lat' dir='ltr'><strong>forle</strong></span> <span class='ocrx_word' id='word_1_787' title='bbox 1120 5519 1289 5581; x_wconf 58' lang='lat' dir='ltr'><strong>aarum·</strong></span> <span class='ocrx_word' id='word_1_788' title='bbox 1302 5518 1371 5579; x_wconf 77' lang='lat' dir='ltr'><strong>ban.</strong></span> 
     </span>
    </p>

    <p class='ocr_par' dir='ltr' id='par_1_12' title="bbox 57 5591 859 5665">
     <span class='ocr_line' id='line_1_62' title="bbox 57 5591 859 5665; baseline 0 -19"><span class='ocrx_word' id='word_1_789' title='bbox 57 5591 173 5662; x_wconf 73' lang='lat' dir='ltr'><strong>mystice</strong></span> <span class='ocrx_word' id='word_1_790' title='bbox 188 5591 339 5665; x_wconf 74' lang='lat' dir='ltr'><strong>etfipnrate</strong></span> <span class='ocrx_word' id='word_1_791' title='bbox 353 5602 456 5652; x_wconf 85' lang='lat' dir='ltr'><strong>tantum</strong></span> <span class='ocrx_word' id='word_1_792' title='bbox 466 5596 565 5654; x_wconf 87' lang='lat' dir='ltr'><strong>mortui</strong></span> <span class='ocrx_word' id='word_1_793' title='bbox 575 5610 636 5653; x_wconf 88' lang='lat' dir='ltr'><strong>cum</strong></span> <span class='ocrx_word' id='word_1_794' title='bbox 645 5594 750 5652; x_wconf 81' lang='lat' dir='ltr'><strong>christo</strong></span> <span class='ocrx_word' id='word_1_795' title='bbox 763 5607 859 5649; x_wconf 86' lang='lat' dir='ltr'><strong>snmus</strong></span> 
     </span>
    </p>
   </div>
   <div class='ocr_carea' id='block_1_10' title="bbox 0 0 1924 6134">
    <p class='ocr_par' dir='ltr' id='par_1_13' title="bbox 0 0 1924 6134">
     <span class='ocr_line' id='line_1_63' title="bbox 0 0 1924 6134; baseline 0 0"><span class='ocrx_word' id='word_1_796' title='bbox 0 0 1924 6134; x_wconf 95' lang='lat' dir='ltr'><strong> </strong></span> 
     </span>
    </p>
   </div>
  </div>
 </body>
</html>
