3840 6134
120 263 196 329 ros.
804 256 1095 329 transacturus.
1722 267 1777 335 ig

124 402 171 453 nat
185 392 253 467 (fl),
280 391 399 465 ubiipsa
420 391 510 450 anima
524 403 696 455 consummat
718 394 776 468 (ts)
795 412 802 452 ι
823 406 921 467 quam·
938 402 1114 483 fluunquam
1140 393 1177 452 ita
1190 393 1323 454 dormisse
1337 411 1485 468 prosumo,
1499 406 1530 455 ot
1554 412 1588 455 ax
1604 397 1648 456 his
1672 396 1773 473 aliquid

123 499 205 558 quam
220 481 355 556 Epicurus
366 481 473 557 uulgari
487 484 552 543 satis
568 483 696 558 opinione
719 483 824 557 negarit
847 494 922 538 mor·
977 505 1136 563 agnoscam.
1152 494 1246 564 Neque
1260 491 1332 549 euim
1350 493 1513 550 credendum
1526 504 1580 564 ag,
1596 493 1681 554 m
1695 495 1776 553 dete.

122 580 179 629 tem
201 571 235 628 ed
266 587 317 629 nos
339 570 484 642 pertinere.
516 594 528 625 a
555 571 634 642 Quod
659 573 731 631 enim
753 573 923 639 dissolvitur,
979 580 1127 639 tiscentiam
1147 597 1208 640 asse
1231 597 1365 652 somnum,
1388 584 1554 639 contrarium
1583 585 1673 656 potius
1697 566 1789 642 defo-⁶

125 667 224 741 inquit,
256 684 337 726 sensu
368 681 453 740 caret,
485 670 552 727 nihil
577 671 612 726 ad
634 687 693 728 nos.
725 671 927 730 »Dissolvitur
977 672 1122 738 tiscentiae,
1143 687 1224 744 quam
1265 670 1368 729 scilicet
1397 670 1482 728 tollit.
1521 672 1658 744 Siquidem
1697 679 1776 733 homo

123 763 261 815 tutemet
282 766 357 815 caret
383 775 475 828 sensu,
497 774 551 817 non
582 761 730 832 ipsumam,
760 761 809 817 sed
830 760 923 827 homo,
978 775 1070 817 somno
1094 762 1182 834 magis
1201 761 1330 828 reficitur,
1349 775 1430 832 quam
1447 759 1583 832 fatigatur.
1605 762 1697 828 Porro,
1726 778 1778 823 nco

117 844 164 920 qui
178 861 240 903 eam
255 847 366 918 patitur.
394 849 429 905 tt
443 847 489 904 ille
504 848 530 905 ei
548 848 620 906 dedit
642 849 808 920 passionem,
842 850 923 920 cuius
979 865 1085 921 semper
1112 866 1150 908 ex
1169 851 1325 924 fatigatione
1338 847 1489 919 concipitur
1507 865 1628 920 somnus,
1641 861 1668 907 et
1687 857 1777 909 umen

118 935 255 994 estactio.
273 935 354 1006 Quod
372 936 396 993 si
414 937 531 993 hominis
550 949 592 996 est
613 939 668 1010 pati
691 947 816 1010 mortem,
841 939 927 996 disso-
980 954 1044 995 cum
1062 940 1153 997 axilla
1170 948 1222 1005 est,
1247 938 1293 995 illa
1308 938 1367 1009 iam
1401 952 1457 994 non
1477 946 1527 994 est.
1549 938 1603 995 Sed
1622 954 1674 996 nec
1698 937 1777 995 refri-

117 1023 240 1082 lutricem
264 1022 402 1094 corporis,
426 1032 452 1079 et
461 1024 667 1098 peremptricem
695 1042 812 1097 sensus;
846 1042 927 1100 quam
980 1029 1145 1102 gescentiam
1168 1030 1316 1094 admittam,
1340 1033 1387 1083 aut
1410 1041 1563 1084 marcorem
1588 1026 1705 1099 aliquem
1729 1042 1776 1084 cs·

118 1113 254 1183 ineptum,
283 1124 312 1168 ut
337 1119 409 1168 tauta
427 1111 469 1169 vis
495 1113 530 1170 ad
556 1114 686 1173 hominen
712 1130 767 1172 non
789 1117 926 1188 pertinere
980 1117 1056 1186 loris,
1089 1135 1150 1175 cam
1181 1118 1247 1175 adeo
1279 1129 1394 1188 corpora
1412 1130 1508 1173 somno
1536 1117 1731 1185 concalescant,
1747 1123 1779 1173 ιιι
1855 1168 1861 1175 .

118 1199 225 1258 dicatur
243 1198 251 1256 l
266 1199 350 1257 lfulto
377 1201 497 1258 coactius
524 1201 650 1259 Senecas
672 1221 686 1258 s
716 1205 781 1261 Post
800 1211 925 1272 mortem,
980 1207 1145 1280 dispensatio
1162 1208 1284 1266 ciborum
1307 1222 1356 1278 per
1369 1220 1495 1262 somnum
1516 1219 1570 1264 nou
1588 1205 1665 1264 facile
1683 1218 1782 1277 proce·

120 1287 167 1357 ait,
187 1286 283 1345 omnia
297 1286 439 1359 finiuntur,
466 1288 544 1346 etiam
565 1289 633 1363 ipss.
652 1293 733 1350 »Hoc
760 1292 784 1348 ai
811 1293 847 1350 ita
874 1301 925 1362 est,
981 1296 1057 1354 deret
1085 1298 1174 1355 calore
1207 1298 1384 1372 properabili,
1417 1303 1444 1356 et
1472 1297 1562 1370 rigore
1590 1293 1728 1361 tardabili,
1755 1292 1781 1349 si

117 1378 176 1450 jam
202 1385 230 1434 et
243 1393 316 1435 mors
340 1377 374 1434 ad
397 1377 570 1451 semetipsam
596 1380 742 1452 pertinebit
760 1400 768 1451 ;
784 1382 806 1439 ai
821 1390 847 1439 et
866 1382 927 1454 ipss
981 1401 1077 1443 somno
1093 1384 1323 1459 refrigeraremur.
1338 1387 1400 1445 Plus
1415 1393 1471 1459 ast,
1481 1386 1556 1457 quod
1568 1384 1649 1442 etiam
1663 1381 1783 1440 surlttrlP

117 1465 223 1532 finitur,
243 1480 276 1524 eo
295 1464 384 1539 magis
401 1467 435 1522 ad
457 1467 607 1539 hominem,
629 1468 659 1525 in
675 1474 730 1541 quo
749 1469 818 1526 inter
836 1471 928 1528 omnia
980 1473 1142 1546 digestionis
1160 1474 1353 1532 aestuantisest
1366 1475 1456 1534 indes.
1469 1475 1782 1548 uanique,eoncoquara

121 1552 256 1626 finiendo,
273 1561 303 1611 at
317 1553 377 1625 ipsa
398 1552 509 1612 finitur.
524 1558 598 1615 lfors
621 1556 688 1614 nihil
702 1558 736 1614 ad
752 1572 803 1616 nos
823 1577 830 1616 :
859 1575 927 1634 ergo
942 1577 965 1655 Β
980 1562 1102 1637 dicimur,
1126 1563 1199 1637 quod
1225 1565 1339 1631 caloris,
1367 1580 1422 1623 non
1442 1563 1552 1639 frigoris
1578 1561 1700 1634 operatio
1728 1565 1778 1616 est

120 1651 150 1699 et
171 1644 228 1699 vita
254 1641 323 1699 nihil
345 1643 379 1698 ad
410 1658 475 1700 nos.
509 1644 539 1701 Si
565 1644 638 1703 enim
667 1661 721 1718 quo
739 1647 926 1718 dissolvimur,
981 1650 1107 1724 Proinde,
1123 1650 1343 1711 'deminutionem
1358 1653 1480 1709 animalis
1499 1651 1621 1723 spiritus,
1639 1655 1685 1704 aut
1704 1646 1779 1704 iudi-

122 1737 223 1802 practer
236 1747 297 1799 nos,
314 1731 395 1788 etiam
409 1748 463 1804 quo
485 1733 693 1809 compingimur,
718 1743 795 1795 extra
817 1752 879 1797 uos.
898 1736 928 1794 Si
982 1741 1104 1815 gentiam
1129 1740 1249 1814 spiritus,
1284 1750 1329 1797 ant
1346 1742 1566 1814 segregationem
1585 1737 1688 1796 consati
1721 1734 1779 1809 spi·

127 1828 263 1902 ademptio
289 1844 384 1886 sensus
408 1829 476 1885 nihil
499 1831 533 1886 ad
547 1846 608 1899 nos,
638 1847 689 1889 nac
703 1832 811 1903 adeptio
832 1848 930 1890 senam
983 1832 1059 1897 ritus,
1089 1829 1274 1887 immortalitas
1295 1828 1393 1886 animae
1425 1844 1480 1884 non
1507 1827 1572 1884 sinit
1595 1826 1679 1885 credi.
1707 1824 1780 1881 Parit

127 1917 273 1992 quidquam
299 1919 331 1976 sd
345 1934 405 1977 uos.
421 1919 474 1977 Sed
494 1920 519 1960 ³⁶
533 1928 647 1979 mortam
666 1937 772 1994 quoque
786 1922 928 1994 interimat,
983 1919 1104 1976 animani
1123 1918 1274 1976 minoratur
1288 1917 1357 1992 (88).
1387 1917 1528 1989 Superest,
1555 1915 1580 1971 si
1607 1912 1687 1979 forte,
1716 1926 1779 1970 cntu

125 2005 174 2078 qui
191 2013 219 2062 et
242 2005 367 2064 mimam.
383 2007 408 2064 t
422 2009 509 2079 nobis,
530 2016 560 2065 ut
579 2009 613 2066 de
642 2010 786 2082 posthuma
813 2011 877 2081 vita,
903 2017 931 2070 et
984 2009 1094 2076 Stoicis,
1123 2007 1317 2066 resolutionem
1359 2007 1493 2064 sensualis
1518 2003 1621 2080 uigoris
1655 2016 1780 2059 somnum

123 2092 159 2152 de
171 2093 226 2150 alia
243 2095 382 2166 prouincia
404 2097 501 2154 animae
520 2096 590 2170 (ts),
605 2097 642 2155 ita
660 2100 694 2156 sle
711 2106 805 2172 ¹morte
828 2106 930 2158 tracta·
983 2096 1205 2162 determinemus,
1229 2095 1293 2169 quia
1315 2094 1440 2168 corporis
1458 2094 1543 2152 solius
1565 2091 1684 2166 quietem
1710 2103 1779 2162 pro-

124 2182 205 2251 bitur,
221 2183 256 2241 nd
274 2201 354 2258 qnam
379 2186 423 2246 rel
448 2186 499 2259 ipsi
518 2187 696 2260 pertinemus,
712 2189 735 2245 si
759 2190 793 2246 ad
813 2205 863 2247 nos
881 2190 929 2247 illa
983 2195 1068 2258 curet,
1087 2199 1141 2242 non
1156 2192 1184 2242 et
1197 2185 1302 2242 animae.
1323 2184 1448 2241 Animam
1463 2184 1537 2240 euim
1550 2191 1580 2238 ut
1600 2195 1709 2252 semper
1721 2192 1783 2235 uto·

123 2272 241 2346 pertinet
263 2274 298 2330 ³⁸.
314 2274 449 2348 Denique,
471 2290 523 2333 uec
556 2277 696 2350 speculum
722 2279 782 2350 ejus
805 2295 927 2349 somnus,
981 2275 1065 2333 bilem
1090 2284 1117 2331 et
1140 2290 1247 2347 semper
1265 2274 1419 2345 exercitam,
1434 2287 1574 2346 nunqnam
1597 2268 1737 2327 succidere
1757 2267 1784 2309 ιθ

125 2360 214 2420 abeno
233 2363 347 2421 materia
358 2372 411 2423 est.
981 2365 1075 2436 quieti,
1091 2363 1189 2420 alienae
1212 2361 1317 2420 scilicet
1338 2378 1354 2418 a
1373 2370 1442 2419 statu
1460 2360 1691 2418 immortalitatis:
1717 2355 1785 2413 nihil

411 2497 522 2555 car
979 2451 1329 2614 ῑιιιιιιιιιι
1344 2451 1788 2613 statuissemus

159 2627 202 2684 De
225 2641 327 2685 somno
341 2628 416 2700 prius
437 2628 624 2700 disputemus;
641 2635 715 2700 post,
731 2635 846 2686 mortem
860 2643 927 2701 qua·
980 2624 1042 2688 litas
1057 2632 1199 2703 competit,
1214 2630 1241 2688 ci
1259 2631 1312 2688 soli
1335 2631 1413 2703 quies
1436 2630 1517 2687 finem
1536 2627 1627 2700 operis
1649 2626 1785 2685 adulatur.

126 2714 289 2773 literanima
306 2715 446 2775 decurrat.
464 2717 525 2775 Non
544 2717 638 2789 utique
657 2717 855 2773 extranaturale
873 2725 914 2774 est
941 2718 1031 2831 cQui
1058 2735 1124 2794 ergo
1156 2721 1191 2776 de
1222 2720 1310 2778 somni
1335 2719 1505 2776 naturalitate
1533 2714 1676 2784 dubitabit,
1706 2713 1787 2771 babet

127 2804 249 2870 manuus,
265 2803 470 2878 atquibusdam
485 2804 754 2879 philosophisplacet
776 2805 845 2879 (88),
861 2821 924 2862 euru
979 2809 1088 2881 quidem
1116 2809 1270 2866 dialecticos
1302 2808 1329 2864 in
1361 2808 1475 2865 dubium
1502 2805 1668 2862 deducentes
1702 2807 1785 2860 totam

127 2910 159 2952 cx
180 2893 223 2952 lais
241 2909 307 2952 eum
327 2893 457 2966 deputant
479 2893 578 2961 musis,
597 2910 658 2967 quae
686 2904 783 2967 praeter
805 2904 927 2952 naturam
980 2897 1140 2955 naturalium
1160 2906 1188 2955 at
1201 2895 1441 2954 extranaturalium
1458 2891 1658 2958 discretionem,
1670 2897 1701 2946 nt
1721 2902 1784 2961 quas

129 2983 221 3041 haberi
248 2984 383 3043 videntur.
397 2983 481 3040 Stoici
500 2999 627 3041 somnum
649 2984 845 3041 resolutionem
866 2999 927 3040 sen·
981 2985 1115 3057 putauerit
1150 2986 1216 3042 citra
1252 2994 1375 3042 naturam
1412 2998 1482 3049 esse,
1515 2988 1618 3037 natura
1654 2973 1785 3035 vindicari

129 3071 210 3128 suetis
243 3071 349 3144 uigoris
384 3069 530 3136 affirmant,
563 3069 689 3143 Epicurei
714 3070 927 3128 deminutionem
981 3077 1048 3130 sciat
1070 3088 1160 3144 posse,
1186 3089 1202 3128 a
1224 3088 1277 3143 qua
1304 3075 1340 3129 ita
1363 3087 1424 3129 essa
1452 3071 1548 3128 sortita
1567 3075 1642 3137 sunt,
1665 3073 1695 3123 ιιι
1716 3063 1784 3122 eitra

128 3159 238 3232 spiritus
274 3159 407 3216 animalis.
447 3159 625 3232 Anaxagoras
660 3174 723 3216 cum
758 3160 928 3231 Xenophane
981 3177 1042 3219 eam
1062 3161 1153 3219 haberi
1175 3161 1327 3232 rideantur,
1352 3169 1378 3218 ot
1400 3161 1496 3232 utique
1509 3167 1556 3216 aut
1575 3153 1783 3224 naturaomnia,

128 3248 345 3307 defetiscentiam
383 3248 452 3321 (at),
478 3248 661 3319 Empedocles
693 3256 720 3306 et
746 3248 925 3308 Parmenides
982 3260 1029 3307 aut
1041 3250 1115 3309 nulla
1129 3252 1235 3308 natura.
1251 3251 1332 3323 Apud
1348 3264 1397 3306 uos
1411 3257 1501 3306 autem
1524 3249 1552 3304 id
1566 3244 1666 3320 poterit
1684 3241 1806 3314 andin„

128 3339 389 3416 refrigerationem
425 3338 516 3396 Strato
569 3339 788 3413 segregationem
821 3338 928 3397 consati
980 3339 1054 3414 qnod
1077 3339 1128 3396 lici
1151 3339 1345 3411 contemplatio
1367 3339 1499 3412 suggerit,
1520 3335 1639 3393 auctorh
1665 3330 1786 3391 omnium

128 3429 241 3504 spiritus
262 3427 331 3502 (88),
346 3426 517 3484 Damocritus
532 3424 707 3502 indigentiam
720 3426 843 3499 spiritua,
859 3428 926 3486 hri·
982 3427 1018 3484 do
1046 3427 1146 3501 quibus
1171 3427 1310 3499 quaeritur.
1340 3426 1482 3485 Credimus
1499 3424 1571 3483 anim
1593 3423 1616 3479 si
1654 3419 1788 3495 quidest

130 3517 241 3576 stoteles
256 3531 410 3574 marcorem
426 3515 659 3574 circumcordialis
682 3515 789 3575 caloris.
813 3515 872 3591 ligo
887 3532 931 3575 ma
984 3523 1087 3590 nature,
1104 3515 1234 3574 rationale
1243 3515 1302 3589 (st)
1319 3514 1428 3589 aliquod
1447 3529 1516 3587 opus
1526 3513 1578 3570 Dei
1597 3525 1668 3569 essa.
1689 3509 1785 3574 Porro.

165 3693 674 3766 ³⁶Siet1un.³³lnterimat,qoiact
697 3693 784 3750 anima
798 3614 927 3753 invdgbties
941 3621 1147 3766 ιιιῗθιίιιὲἒοθιῗιιιιιι
1170 3694 1283 3764 habitat,
1302 3701 1329 3751 et
1358 3701 1388 3750 ut
1413 3695 1493 3750 Pam.
1526 3693 1549 3749 ll
1577 3688 1655 3748 nobis
1684 3695 1715 3744 ut
1738 3685 1786 3744 de-

131 3767 449 3898 ffieffiaimffdclrib'
462 3767 544 3840 Aget.
565 3765 720 3824 ³³Pertinet
733 3768 828 3823 omitt.
857 3768 917 3839 ιιι).
933 3769 998 3826 len.
1022 3767 1048 3808 ³⁹
1065 3766 1130 3825 Plus
1151 3775 1193 3824 est
1220 3766 1320 3824 etiams
1350 3765 1434 3823 sudor
1463 3766 1525 3838 llig.
1569 3765 1634 3821 Ven.
1660 3759 1687 3800 ⁴⁰
1714 3759 1786 3817 Suc·

824 3908 1079 3974 Commentarius.

168 4016 226 4087 (tt)
253 4019 285 4075 tlt
308 4018 370 4072 illic
398 4015 523 4072 materia
548 4014 650 4086 ponet.
675 4013 731 4068 ilco
754 4023 805 4079 est,
831 4023 859 4070 ut
881 4014 937 4072 illic
992 4015 1067 4086 poris
1081 4029 1143 4072 esse
1158 4029 1305 4071 somnum:
1322 4014 1484 4085 cumqueob
1498 4012 1657 4071 tenuitatem
1671 4009 1788 4082 partium

134 4088 239 4141 desinat
252 4103 339 4143 sermo
353 4087 447 4142 istede
460 4084 560 4139 anima.
573 4085 636 4139 Rro.
991 4085 1053 4158 plus
1076 4085 1151 4156 justo
1175 4086 1327 4143 excernitur
1345 4085 1456 4140 animati
1482 4083 1588 4153 caloris,
1613 4098 1646 4138 eo
1673 4091 1789 4139 mortam

168 4157 226 4229 (78)
253 4157 301 4216 ilbi
324 4159 388 4229 ipsa
413 4157 512 4212 aninea
541 4159 733 4213 consummat.
766 4155 816 4210 Ubi
837 4154 938 4223 aalma,
992 4154 1081 4222 effici;
1104 4158 1227 4225 corporis
1249 4158 1307 4212 haec
1329 4171 1399 4237 esse,
1419 4170 1475 4210 nou
1503 4155 1600 4211 animae
1619 4151 1789 4209 affectiones.

137 4228 277 4285 discedens
295 4243 310 4282 a
330 4242 455 4299 corpore,
476 4235 551 4282 actus
563 4227 591 4279 in
606 4239 639 4279 eo
664 4226 707 4280 sui
733 4225 842 4298 singula
863 4241 938 4283 com-
990 4225 1170 4293 Empedoclcs
1186 4228 1300 4281 mortem
1315 4240 1376 4282 essa
1390 4240 1478 4296 igneae
1496 4234 1599 4280 naturas
1613 4225 1790 4279 secretione·

138 4308 218 4368 putat,
238 4307 266 4355 ct
293 4314 424 4354 summam
439 4297 553 4369 colligit,
577 4304 706 4365 tanquam
729 4298 872 4367 pecuniam
903 4299 938 4354 de
992 4296 1027 4350 ab
1041 4295 1328 4367 iis,exquibushomo
1342 4296 1440 4352 coaluit
1461 4295 1601 4365 3ideoque
1619 4307 1790 4349 communem

136 4369 225 4425 multia
237 4370 395 4427 horninibus
408 4368 570 4424 confectam.
584 4366 651 4422 hro.
993 4383 1053 4423 esse
1078 4366 1174 4422 animae
1211 4365 1373 4438 corporique
1395 4371 1523 4436 mortem,
1550 4379 1676 4421 somnum
1700 4374 1791 4420 autem

170 4440 226 4511 (88)
244 4441 401 4500 decimat
419 4440 452 4496 de
467 4437 693 4512 posthumuoita
706 4441 734 4494 et
747 4436 781 4494 de
796 4439 853 4496 otia
868 4455 937 4512 pro·
993 4437 1101 4495 etenira
1135 4437 1290 4494 secretione
1308 4438 1445 4493 naturaei
1498 4451 1532 4492 ae.
1561 4433 1693 4492 «heluus
1723 4435 1794 4491 banc

138 4511 359 4572 nutamunlmoe.
375 4510 580 4585 Elegantissime
594 4506 936 4579 aitSeptimius,anobis,
995 4507 1156 4565 senteutiam
1174 4506 1338 4564 Aristoteles
1360 4507 1406 4562 hb.
1431 4450 1593 4563 timaeum
1628 4509 1658 4564 et
1682 4506 1791 4580 Vigilio,

136 4597 231 4655 nempe
254 4582 425 4648 Christianis,
446 4584 485 4636 ita
501 4580 536 4636 de
555 4587 641 4634 morte
662 4580 786 4647 tractari,
812 4589 938 4650 tanquam
957 4578 1055 4654 ucup.
1071 4585 1099 4637 3.
1115 4581 1182 4636 Lao.

134 4653 168 4708 de
184 4656 329 4726 posthuma
347 4653 410 4710 rita.
432 4654 537 4707 Etenim
552 4649 653 4706 seimus
669 4659 796 4706 aternam
815 4667 934 4707 manere.
1030 4653 1088 4724 (88)
1108 4654 1205 4710 Strato
1218 4651 1440 4723 segregationem
1453 4649 1563 4707 consati
1576 4649 1709 4721 spiritns,
1733 4657 1787 4703 stc

134 4724 176 4779 td
195 4741 255 4781 eam
270 4740 334 4782 uero
358 4732 477 4779 amorte
498 4722 612 4778 transiri.
633 4722 725 4792 ltaque
739 4739 798 4779 esse
821 4723 937 4793 postbu·
992 4723 1093 4779 florum
1117 4727 1259 4778 immemor
1288 4720 1470 4789 Plutarchus;
1503 4719 1551 4774 sed
1576 4732 1673 4773 eornm
1694 4717 1790 4790 opinio

135 4811 207 4850 mam
217 4796 311 4854 morti.
324 4797 387 4852 lito.
990 4804 1105 4866 cognata
1120 4794 1300 4851 videturesse
1315 4792 1465 4862 Epicureas,
1487 4800 1515 4846 et
1536 4788 1577 4845 illi
1592 4804 1670 4860 quam
1693 4789 1791 4856 Empe·

174 4866 231 4938 (88)
240 4869 301 4924 lton
311 4868 407 4939 atique
418 4867 637 4922 extranaturale
645 4871 686 4922 cst
699 4868 868 4932 somnus,ut
877 4866 938 4938 qni·
991 4865 1061 4921 dccli
1077 4865 1169 4921 tribuit
1189 4865 1372 4921 Plutarchus:
1395 4877 1492 4934 nempe
1515 4861 1643 4917 accidere
1666 4873 1790 4916 somnum

136 4935 255 4994 busdam
267 4937 440 5010 philosophis
451 4937 555 5009 placet.
566 4937 696 4992 Somnum
714 4937 759 4993 hic
769 4938 846 5006 juxta
858 4945 937 4992 untu—
990 4939 1179 5009 segregotione
1193 4938 1283 5008 ignea
1292 4939 1415 4992 naturae.
1433 4933 1554 4989 lfemlnit
1567 4941 1660 4988 tamen
1678 4930 1790 4987 aliorum
1874 4961 1876 4964 -

136 5023 193 5062 ram
222 5024 281 5065 esse
295 5010 394 5082 probat
408 5025 439 5063 ax
451 5008 535 5062 variis
555 5007 778 5078 philosophorum
792 5008 935 5079 dogmatis.
991 5008 1159 5074 Plutarchus,
1172 5016 1201 5062 ut
1211 5007 1375 5063 hlomaeonis
1390 5015 1418 5061 et
1432 5005 1574 5076 Diogenis.
1591 5003 1656 5059 Lac.

136 5078 223 5135 Variae
236 5088 326 5136 autem
350 5088 414 5136 sunt
434 5079 468 5134 de
495 5093 580 5134 causa
595 5078 683 5135 somni
711 5079 866 5147 opiniones.
892 5078 938 5134 vi·
1028 5078 1086 5152 (88)
1106 5080 1187 5135 Perit
1210 5082 1309 5136 anirna
1331 5079 1358 5133 si
1375 5079 1550 5136 minoratur.
1569 5075 1715 5132 Consatum
1737 5071 1792 5143 spi-

136 5151 241 5207 deudus
265 5150 387 5208 Galenus
414 5150 442 5205 in
472 5150 549 5205 ffist.
578 5151 691 5207 Philas.
722 5157 749 5206 et
780 5149 940 5206 Plutarchus
993 5151 1074 5206 ritum
1096 5150 1182 5220 aliqui
1201 5150 1327 5206 dixerunt
1349 5164 1409 5204 esse
1433 5147 1656 5220 animam3quare
1673 5148 1696 5203 si
1716 5142 1793 5200 dimi·

137 5219 186 5278 hb.
205 5229 312 5280 xxraet
332 5221 574 5279 xxvdercitis.
591 5220 630 5275 ιιι
646 5220 694 5276 Pa.
992 5221 1085 5278 uultur
1117 5220 1228 5293 spiritus
1258 5220 1313 5290 ille,
1338 5221 1517 5278 minorabitur
1554 5221 1672 5277 sauna:
1708 5230 1792 5290 querc

170 5291 230 5365 (til)
243 5295 429 5365 ermengerus
444 5308 510 5348 eum
523 5291 691 5363 Xenophane
698 5289 938 5362 defetiscentiam.
995 5292 1117 5349 mortalis
1132 5301 1214 5350 esset.
1234 5293 1305 5350 Lac.

139 5361 297 5422 Plutarchus
304 5364 352 5420 lib.
368 5379 403 5429 ιι,
419 5379 444 5419 e.
464 5366 481 5417 2
498 5365 526 5430 b,
540 5361 717 5419 dePtocitis:
734 5382 746 5413 a
767 5363 942 5438 Anaxagoras
1030 5365 1088 5434 (st)
1103 5366 1132 5422 Si
1163 5366 1213 5422 nid
1223 5364 1547 5431 estnoturo,retionale,
1559 5372 1611 5418 etc.
1624 5355 1792 5417 Lactantius.

139 5448 262 5516 munuum
284 5437 407 5492 accidere
427 5441 502 5504 putat
525 5432 707 5514 functionibus
731 5435 940 5513 corporistnon
992 5437 1122 5494 Dicimur.
1139 5383 1234 5494 ferne.
1250 5436 1299 5495 lib.
1326 5438 1356 5501 lt,
1382 5451 1443 5507 cap.
1467 5438 1496 5500 8,
1511 5436 1580 5489 hanc
1602 5447 1665 5514 esse
1682 5431 1792 5515 Senecoe

138 5518 211 5562 enirn
226 5508 325 5563 animae
344 5521 417 5571 etse,
438 5505 487 5561 sed
502 5519 628 5575 corporis
648 5503 840 5577 adfectionem
865 5521 941 5564 mor·
995 5508 1151 5564 sententiam
1182 5517 1293 5565 testatm
1328 5506 1371 5563 his
1402 5506 1492 5562 verbis
1509 5522 1546 5558 :a
1574 5502 1672 5558 lleftus
1704 5507 1791 5584 agatur

139 5582 191 5636 tem
210 5593 272 5637 essa
288 5578 386 5635 anima
401 5573 590 5636 divulsionem.
613 5574 768 5648 Leucippus
779 5574 865 5633 solius
877 5591 942 5636 cor·
995 5577 1108 5646 Seneca
1122 5579 1246 5638 cantiam
1268 5578 1427 5639 Stoicorum
1450 5574 1636 5639 mutissitnos.
1658 5571 1705 5647 qui
1720 5570 1787 5632 vidtt
1882 5640 1885 5645 ,
