3840 6134
143 284 195 344 tet

489 270 710 335 ustulatum
730 272 862 332 ullltuu
882 270 965 329 Plus
987 270 1019 329 ll.
1039 300 1075 316 -
1092 269 1207 331 saulus
1225 271 1248 343 l,
1268 270 1441 331 Ponuntur.

1737 269 1790 331 400

143 406 229 476 primo
248 403 370 476 ingressu
393 400 500 469 (llatth.
524 416 552 455 v.
575 400 617 466 ill
642 400 747 455 uenisse
766 413 796 449 se
822 414 878 451 noa
903 399 936 451 at
954 385 977 463 Α
994 368 1088 469 primis
1106 395 1215 452 alterius
1243 396 1291 450 Dei
1323 397 1524 468 praedicatorem
1546 415 1553 451 :
1578 397 1641 468 quia
1662 412 1712 452 nec
1733 410 1786 467 po·

143 495 244 563 Lepem
258 495 286 547 et
300 490 454 562 Prophetas
469 490 630 545 dissolveret
642 487 711 558 (ll),
733 487 780 542 sed
795 490 828 540 at
841 487 935 557 potins

142 581 320 652 adimpleret.
336 579 393 635 ilde
410 578 481 631 enim
498 577 625 645 Marcion,
638 584 665 629 ut
690 574 821 639 additum,
842 572 934 628 erasit.

142 670 197 726 Sed
213 671 310 726 frustra
320 667 429 741 negabit
445 667 469 704 ⁵⁰
498 665 632 720 Christum
661 664 770 732 dixisse,
787 662 859 734 qrrod
883 670 938 717 sta·

143 759 192 815 tim
220 756 282 815 tecit
302 773 335 812 ex
360 764 444 828 parte.
470 753 642 825 Prophetiam
672 751 745 807 enim
770 750 876 806 interim
890 750 938 805 ale

141 847 202 903 loco
231 844 407 914 adimplevit,
438 844 471 898 de
495 843 563 897 eoelo
588 839 677 896 statim
699 840 732 894 ad
757 840 936 912 synagogam,

142 935 234 990 utdiei
249 935 466 1005 solatiandos
487 944 610 986 unumne
630 944 685 985 noc
707 943 774 984 xus.
807 928 936 996 Marcion,

143 1023 217 1079 auier
231 1023 312 1079 etiam
327 1022 393 1078 illud
417 1022 450 1076 de
477 1018 623 1092 Evangelio
639 1039 645 1074 ι
664 1019 723 1076 Non
745 1033 808 1072 sum
835 1018 938 1074 missas

142 1112 199 1169 nisi
209 1112 246 1167 ad
260 1128 320 1169 oves
333 1110 460 1183 perditas
474 1108 571 1164 domes
583 1106 675 1162 lsrael
689 1105 801 1175 (llatth.
816 1119 864 1169 xv,
873 1101 937 1174 ll);

141 1209 168 1256 et
188 1218 194 1254 :
216 1201 277 1256 Non
292 1203 334 1255 ost
349 1199 373 1235 ⁵¹
397 1202 511 1268 auferre
524 1211 629 1268 parre-m
644 1194 722 1264 filiis,
743 1196 771 1249 et
789 1193 856 1250 dare
874 1209 940 1250 eum

65 1296 70 1309 ⁴
142 1288 260 1346 oanilas
271 1287 380 1356 (liattlt.
396 1301 446 1352 υυ,
457 1286 513 1351 tlh
529 1299 568 1347 ne,
579 1281 682 1338 scilicet
697 1282 820 1337 Christus
830 1281 939 1337 israelis

140 1372 444 1433 videretur.Suii1ciunt
466 1371 532 1426 mihi
556 1371 627 1425 treta
654 1385 704 1441 pro
722 1369 810 1424 dictis.
826 1369 939 1425 Detrahe

995 487 1092 540 luisset
1120 487 1247 541 adversus
1273 485 1369 556 Legem
1394 496 1420 540 et
1447 485 1596 556 Prophetas
1617 489 1723 541 decere.
1753 486 1788 542 Et

991 573 1041 629 boc
1060 573 1167 628 nomine
1203 571 1334 629 adversus
1361 573 1534 640 Creatorem,
1563 589 1620 630 non
1647 573 1787 645 premissa

991 663 1103 720 diversae
1126 669 1206 731 atque
1229 661 1488 718 aemulaedivinitatis
1508 661 1686 733 professione.
1717 662 1786 718 Cum

992 765 1057 825 ergo
1072 749 1140 803 nihil
1153 749 1205 804 tale
1219 750 1357 819 Scriptura
1375 748 1520 822 significet,
1544 750 1595 805 uisi
1623 751 1708 806 solam
1732 751 1787 807 uim

992 847 1019 892 et
1046 845 1204 908 potestatem
1234 839 1370 894 sermonis
1395 838 1566 897 admirationi
1591 837 1688 911 luisse,
1715 838 1786 896 laci·

990 925 1043 980 lius
1057 926 1185 996 ostendit,
1200 926 1346 983 secundum
1362 928 1518 983 Creatorem
1546 926 1674 984 docuisse
1698 927 1786 996 illum,

991 1014 1056 1083 quia
1071 1029 1125 1068 non
1139 1014 1248 1086 negavit
1260 1031 1268 1084 3
1282 1031 1361 1086 quam
1377 1015 1507 1071 adversus
1535 1015 1697 1081 Creatorem,
1724 1016 1788 1086 quia

991 1117 1047 1157 non
1061 1100 1234 1174 significavit.
1251 1102 1339 1175 Atque
1358 1103 1394 1158 ita
1413 1110 1459 1159 aut
1477 1104 1538 1172 eius
1553 1104 1605 1159 erit
1630 1119 1787 1177 agnoscen-

992 1191 1052 1256 dus,
1070 1192 1216 1248 monadum
1235 1208 1314 1264 quem
1337 1192 1430 1249 docuit
1445 1211 1453 1261 3
1468 1201 1515 1248 aut
1532 1193 1721 1264 praevaricator
1738 1194 1786 1264 ju-

992 1279 1132 1350 dicandus,
1153 1278 1175 1334 si
1185 1280 1333 1336 seeundum
1351 1296 1423 1345 eum,
1449 1281 1580 1337 advorsus
1603 1296 1684 1353 quem
1709 1296 1789 1337 vene·

992 1377 1043 1436 rat,
1057 1366 1305 1425 docuitllxelamat
1321 1368 1417 1424 ibidem
1433 1368 1546 1440 spiritus
1560 1368 1692 1426 daemonis
1707 1369 1785 1439 (Lao.

141 1480 222 1522 voces
240 1464 265 1502 ⁵²
290 1461 389 1519 Christi
411 1461 483 1527 mei,
513 1477 556 1515 res
579 1459 733 1532 loquentur.
767 1459 837 1515 Ecce
865 1457 940 1515 venit
992 1455 1027 1526 4,
1036 1454 1091 1527 31)
1110 1455 1182 1525 Quid
1191 1456 1267 1514 nolis
1277 1460 1306 1512 et
1320 1455 1372 1513 tili
1382 1461 1433 1522 est,
1446 1457 1656 1515 leseloenisti
1667 1459 1786 1532 perdere

141 1554 168 1608 in
186 1568 353 1626 synagogam
368 1571 376 1620 ;
392 1561 464 1607 certe
478 1550 510 1605 ad
526 1565 589 1605 oves
600 1547 719 1618 perditas
737 1546 833 1602 demus
848 1547 938 1601 lsrae—
992 1561 1043 1600 nos
1059 1547 1140 1601 lseio
1150 1545 1255 1618 pulsis,
1268 1549 1386 1601 sanctos
1399 1547 1458 1602 Dei.
1471 1547 1521 1602 llic
1536 1561 1602 1619 ergo
1614 1562 1669 1603 non
1683 1555 1785 1604 retrac-

141 1642 186 1700 lis.
220 1644 290 1699 Ecce
323 1640 454 1697 doetrinae
485 1654 541 1693 suae
577 1653 672 1706 panem
696 1636 835 1706 prioribus
859 1636 938 1693 olt'ert
992 1633 1065 1702 tubo,
1081 1649 1115 1689 an
1130 1641 1156 1689 et
1168 1634 1220 1689 hoo
1230 1642 1440 1704 cognomentum
1456 1636 1627 1706 competierit
1640 1636 1676 1705 ei,
1703 1652 1785 1708 quem

141 1732 291 1800 israelitis3
312 1737 385 1785 certe
404 1736 433 1782 ut
457 1727 528 1783 lilios
553 1725 671 1797 praeiert.
693 1725 762 1779 Ecce
788 1723 848 1778 aliis
875 1740 937 1779 eum
992 1736 1041 1775 nec
1055 1719 1288 1778 Christumvecari
1303 1722 1472 1793 oporteret,si
1488 1724 1696 1780 nuuCreatcris.
1715 1724 1785 1781 illibi

141 1820 263 1876 nondum
282 1816 404 1889 impertit
419 1837 426 1882 ·,
441 1822 513 1871 certe
533 1827 561 1871 ut
584 1829 666 1869 canes
690 1814 818 1884 praeterit.
833 1811 938 1880 Quibus
989 1810 1045 1878 iam
1064 1808 1097 1864 de
1116 1809 1271 1865 nominibus
1293 1811 1492 1882 expostulatum
1506 1819 1556 1870 est.
1585 1812 1621 1868 ltt
1639 1827 1712 1868 nune
1725 1812 1785 1870 dis·

140 1916 230 1962 autem
244 1905 331 1976 magis
353 1903 526 1974 impertisset,
555 1917 637 1972 quam
666 1901 800 1956 extraneis
822 1900 936 1956 Creato-

142 1994 190 2058 ris,
211 1997 233 2049 si
253 1993 311 2065 ipse
331 1994 360 2047 in
393 1991 487 2065 primis
519 2007 572 2046 nou
597 1991 691 2045 luisset
719 1987 885 2045 Crantoris?
902 1989 938 2044 Et

141 2091 230 2139 tamen
245 2081 382 2155 quomodo
406 2081 432 2136 io
462 2095 626 2152 synagogam
656 2080 744 2150 potuit
762 2079 866 2134 admitti
882 2086 936 2134 mm

141 2173 309 2245 repentinus,
329 2178 382 2226 tam
398 2171 509 2242 ignotus
523 2189 531 2237 3
557 2170 636 2239 cujus
651 2182 731 2224 nemo
746 2168 832 2223 adbuc
846 2177 937 2223 certus

140 2260 174 2316 de
194 2262 275 2326 tribu,
290 2261 324 2315 de
339 2260 453 2332 populo,
468 2260 503 2314 de
532 2259 632 2326 domo,
663 2257 696 2312 de
718 2272 801 2312 censu
818 2252 936 2328 deumne

136 2351 255 2422 Augusti
271 2352 338 2422 (llil,
358 2365 438 2421 quern
463 2357 560 2402 testem
578 2346 764 2401 fidelissimum
787 2344 934 2400 [lominica

139 2438 286 2495 nativitatis
317 2439 437 2495 Romana
469 2435 579 2491 archiva
606 2432 787 2490 custodiunt?
805 2432 935 2488 Memine-

139 2533 198 2579 rant
215 2533 309 2591 eertc,
328 2524 379 2579 nisi
407 2523 596 2578 circumcisum
624 2521 733 2585 scireut,
761 2535 818 2574 non
832 2519 932 2574 admit-

138 2613 249 2668 tendum
282 2613 311 2667 iu
343 2613 440 2668 Sancta
475 2617 637 2666 sanctorum.
662 2609 714 2664 Sed
747 2608 797 2663 etsi
830 2608 931 2678 passim

137 2701 283 2773 Synsgcga
297 2701 415 2756 adiretur
442 2699 509 2769 (16),
535 2712 588 2752 non
603 2705 693 2751 tamen
708 2696 741 2750 ad
769 2696 930 2766 docendum,

135 2787 189 2843 nisi
206 2789 240 2844 ab
264 2789 367 2858 optime
393 2787 501 2858 cognite
526 2797 553 2842 et
580 2784 720 2853 explorate
748 2792 775 2840 ct
802 2785 927 2856 probato,

132 2878 187 2946 jam
202 2875 309 2947 pridem
323 2875 350 2929 in
369 2874 422 2930 hoc
435 2875 534 2944 ipsum,
550 2874 593 2930 vel
616 2870 693 2929 :stt
722 2872 830 2928 aliunde
854 2888 930 2929 cem·

133 2960 259 3018 mandato
274 2976 335 3016 oum
350 2962 402 3016 hoc
417 2976 540 3018 munere.
552 2961 706 3032 Stupebant
720 2965 816 3019 autem
831 2978 927 3019 errantes

131 3050 168 3106 ad
181 3050 344 3107 doctrinam
358 3051 437 3120 ejas‚·
453 3051 549 3118 plane:
566 3049 807 3121 paorriampnquit,
829 3051 860 3106 in
882 3067 929 3122 po·

132 3142 235 3195 testate
254 3141 317 3195 erat
343 3152 433 3196 sermo
455 3140 516 3209 ejns
540 3138 598 3207 (17)
623 3139 701 3208 (Lao.
727 3154 767 3208 tv,
783 3140 851 3211 32):
873 3154 928 3195 uon

129 3225 257 3298 quoniam
280 3225 409 3283 adversus
437 3226 533 3296 Legem
562 3235 588 3281 et
619 3227 766 3298 prophetas
800 3226 925 3282 docebat.

128 3313 227 3385 Utique
238 3312 309 3368 enim
321 3312 459 3383 eloquium
471 3313 590 3370 divinum
601 3314 685 3370 etvim
698 3326 723 3368 et
734 3313 848 3386 gratiam
859 3330 928 3385 prae·

128 3403 228 3467 stabat,
247 3402 335 3475 tnagis
353 3410 481 3457 extruens
494 3417 576 3473 quam
587 3402 727 3457 destruens
750 3403 926 3458 substantiam

127 3490 207 3562 Legis
225 3500 252 3546 et
266 3491 472 3561 Prophetarum.
493 3489 620 3561 Alioquin
635 3505 690 3546 non
709 3498 856 3562 stuperent,
876 3490 926 3546 scd

127 3579 267 3635 horrerent
282 3599 291 3651 ς
306 3579 536 3646 necmirarentur,
548 3579 693 3635 sedstatim
708 3580 926 3637 aversarentur⁵³

126 3667 324 3724 destructorem
346 3667 426 3739 Legis
454 3678 482 3724 et
498 3668 689 3737 Prophetarum
709 3687 716 3736 ;
737 3675 764 3724 et
779 3669 873 3741 utique
898 3668 926 3724 in

990 1906 1078 1968 cepto,
1093 1898 1229 1968 quomodo
1241 1899 1293 1954 lroe
1307 1915 1369 1955 eum
1383 1900 1474 1956 vecari
1493 1900 1653 1973 cognoverit
1664 1901 1783 1967 daemon,

990 1987 1062 2041 nulla
1081 2003 1198 2058 unquam
1221 1995 1293 2044 retro
1312 1988 1411 2045 emissa
1435 1989 1623 2058 predicatione
1652 1990 1680 2046 in
1708 1991 1784 2047 illum

989 2076 1076 2133 allec
1091 2075 1195 2148 ignoto,
1217 2086 1244 2131 et
1271 2077 1299 2131 in
1321 2076 1349 2132 id
1377 2079 1505 2149 temporis
1528 2087 1611 2148 muto,
1628 2081 1708 2150 culus
1734 2095 1785 2137 nee

990 2173 1111 2221 sanetum
1125 2178 1185 2220 eum
1213 2166 1359 2222 contestari
1372 2168 1460 2237 potuit
1475 2212 1483 2234 ‚
1511 2177 1541 2222 ut
1563 2169 1648 2241 ignoti
1662 2168 1744 2225 etiam
1758 2170 1784 2209 ⁵⁴

988 2253 1041 2325 ipsi
1069 2267 1118 2308 suo
1146 2252 1276 2310 Creatori.
1296 2254 1367 2322 Quid
1386 2263 1473 2311 autom
1500 2257 1556 2326 jam
1585 2259 1635 2312 tale
1660 2257 1783 2314 ediderat

988 2354 1065 2395 novae
1079 2338 1233 2405 divinitatis,
1251 2356 1299 2410 per
1311 2343 1384 2412 quod
1400 2350 1490 2412 posset
1517 2342 1629 2399 alterius
1648 2344 1697 2400 [lei
1716 2360 1782 2400 san-

988 2437 1046 2483 ctus
1059 2426 1192 2498 intelligit
1206 2435 1306 2483 tantum
1322 2430 1394 2500 quod
1404 2429 1577 2505 Synagogam
1585 2431 1781 2507 introgressus,

987 2518 1014 2571 et
1028 2530 1079 2571 nec
1097 2531 1219 2572 sermone
1243 2524 1370 2587 operatus
1385 2519 1485 2591 aliquid
1514 2521 1642 2578 adversus
1665 2521 1781 2579 Creato-

987 2620 1045 2660 rem
1054 2609 1068 2661 ‘l
1077 2603 1153 2661 Siout
1167 2620 1233 2680 ergo
1249 2621 1329 2677 quern
1345 2606 1574 2678 ignorabat,uullo
1585 2610 1667 2666 modo
1678 2619 1782 2682 peterat

986 2693 1078 2748 lesum
1093 2700 1254 2750 etsanetum
1277 2694 1327 2749 Dei
1342 2711 1491 2768 agnoscere
1510 2716 1518 2765 3
1537 2698 1582 2763 ita,
1608 2714 1691 2770 quem
1706 2707 1782 2757 notat

985 2782 1102 2856 agnouit.
1121 2781 1189 2836 Nam
1203 2792 1230 2838 et
1243 2782 1403 2853 Prophetam
1419 2786 1576 2842 meminerat
1588 2784 1708 2843 sanctum
1731 2789 1781 2845 Ilei

982 2870 1195 2941 praedicassem
1208 2871 1300 2926 lesum
1317 2887 1417 2928 nornen
1430 2872 1478 2928 Dei
1496 2888 1556 2930 esse
1571 2873 1596 2928 in
1615 2873 1671 2932 filio
1692 2877 1777 2935 Nave.

982 2958 1045 3013 llaec
1069 2967 1095 3013 et
1118 2957 1151 3013 ab
1175 2959 1274 3031 angelo
1303 2970 1445 3030 exceperat
1481 2963 1627 3020 secundum
1655 2976 1780 3021 nostrum

981 3045 1161 3116 Euangelium
1176 3045 1242 3116 (Lae
1257 3061 1277 3115 1,
1289 3049 1345 3118 35⁵:
1356 3050 1518 3119 Propterea,
1535 3052 1605 3124 qnod
1619 3055 1651 3108 in
1672 3055 1700 3109 te
1724 3071 1779 3109 aa·

981 3139 1077 3190 scater
1085 3134 1231 3193 vocaliter
1239 3140 1380 3204 sanctam,
1388 3139 1543 3204 Filiasllei‚
1559 3145 1586 3196 et
1602 3141 1714 3198 vocabis
1723 3158 1778 3198 rto·

981 3240 1047 3280 mea
1066 3227 1128 3294 ejas
1154 3226 1258 3281 lesam·
1279 3225 1330 3281 Sei
1359 3234 1385 3281 et
1408 3228 1525 3284 habehat
1552 3229 1644 3301 utique
1666 3246 1778 3286 sensum

981 3313 1097 3384 aliquem
1113 3313 1260 3368 Domiuieae
1274 3313 1459 3384 dispositionis
1472 3317 1659 3382 tlieotdaemon
1676 3319 1779 3392 tamen)

980 3401 1067 3474 magis
1080 3416 1160 3473 quam
1182 3401 1286 3466 alienae,
1302 3413 1329 3457 et
1343 3404 1462 3458 neudum
1477 3406 1541 3461 satis
1554 3409 1683 3479 cognitae.
1706 3409 1778 3465 Nem

980 3498 1008 3546 et
1029 3490 1183 3560 praemisitt
1215 3492 1285 3560 Quid
1298 3494 1376 3549 nodis
1398 3496 1426 3549 et
1443 3495 1494 3551 lidi
1513 3496 1562 3551 ⁵⁵?
1577 3511 1631 3552 nen
1649 3497 1727 3568 qumi
1748 3497 1778 3553 iu

981 3589 1137 3635 extraneum
1146 3578 1263 3646 tesu‚ad
1273 3596 1353 3651 quem
1369 3581 1393 3620 55
1407 3583 1543 3653 pertinent
1559 3583 1671 3655 spiritus
1690 3587 1777 3642 Cret-

981 3665 1058 3722 toris.
1079 3666 1134 3722 Nec
1157 3666 1230 3722 euim
1253 3666 1342 3726 dixit:
1370 3671 1440 3739 Quid
1466 3672 1518 3727 tili
1540 3674 1686 3731 etnodis?
1703 3675 1776 3735 sed:

818 3793 914 3857 Variae
929 3796 1084 3857 lectiones.

128 3982 194 4038 lan.
206 3981 231 4019 ⁵⁵
270 3988 409 4037 xtraueum
424 3981 471 4038 sed
484 3982 518 4036 ad
532 3996 614 4053 quem
626 3983 694 4038 lan.

162 3909 188 3948 ⁵⁰
202 3908 316 4036 Νορρυί(
330 3910 416 3966 Semi.
428 3910 450 3948 ⁵¹
465 3909 569 3966 Bonum
580 3911 666 3968 inser.
679 3912 740 3968 Lat.
757 3911 782 3949 ⁵²
796 3910 897 3969 Vocem
906 3910 993 3970 Semi.
1004 3910 1029 3950 ⁵³
1041 3910 1251 3970 Adversarentur
1264 3912 1303 3970 al.
1319 3913 1344 3953 55
1361 3914 1519 3988 Ignotojam
1533 3916 1571 3974 el.
1589 3913 1613 3955 ⁵⁵
1622 3917 1688 3974 lesu
1708 3918 1777 3979 add.

823 4079 1070 4145 Commentarius.

163 4195 221 4267 (li)
237 4198 297 4254 Non
307 4201 341 4254 at
356 4199 451 4268 Lepem
461 4200 490 4252 et
510 4196 662 4268 Prophetas
676 4197 848 4255 dissolveret.
865 4198 924 4253 Ire·
943 4211 965 4288 [ρ
981 4196 1043 4252 doea
1055 4198 1149 4268 primo
1159 4200 1382 4271 procuratoreld
1393 4209 1481 4258 autem
1493 4201 1776 4272 parumhonorificunr

132 4342 218 4394 Suae.

166 4411 223 4478 (15)
239 4412 277 4467 De
294 4426 379 4468 censa
399 4410 518 4483 donique
539 4412 667 4482 depasti,
687 4418 738 4466 ete.
759 4408 825 4479 Quis
846 4407 926 4464 luerit

132 4485 183 4536 slte
197 4495 306 4553 census,
321 4490 350 4537 ct
363 4482 398 4537 de
421 4497 475 4553 quo
493 4496 576 4536 censu
596 4481 622 4536 id
650 4481 847 4552 accipiendum,
865 4495 924 4534 ma-

133 4565 252 4623 gnopere
266 4559 534 4609 controversumest.
558 4553 698 4621 llaronius,
722 4553 750 4607 in
779 4555 925 4625 Apparuit

133 4622 300 4680 addanalos
314 4624 440 4679 eumdem
454 4631 547 4678 censet
562 4638 625 4677 cum
640 4638 672 4679 ae
686 4624 720 4677 de
745 4637 797 4695 quo
813 4637 882 4679 evan
919 4651 927 4662 ·

134 4693 206 4748 lists.
223 4693 304 4761 Quod
326 4710 379 4749 non
401 4696 519 4748 alienum
541 4693 606 4750 mihi
627 4708 645 4750 a
666 4708 732 4751 vero
746 4693 862 4750 videtur.
884 4638 927 4750 {le

135 4767 278 4820 censuario
306 4764 473 4819 ordinatione
500 4764 527 4818 id
555 4764 671 4837 explicat
695 4766 870 4821 Casaubonus
897 4764 927 4819 iu

136 4835 210 4888 notis
229 4833 262 4887 ad
285 4834 466 4904 Spartiauum,
494 4835 584 4892 neseio
609 4852 663 4909 quo
677 4845 800 4894 auctore.
825 4835 926 4892 Assen-

138 4903 203 4958 tirer
215 4904 342 4960 libentius
352 4905 471 4973 Petusio,
483 4906 528 4977 qui
543 4908 679 4980 duplicem
694 4906 800 4977 Quirini
814 4921 926 4963 censum

136 4974 219 5029 luisse
234 4976 337 5043 scribit,
354 4977 435 5032 modo
453 4978 481 5033 id
501 4986 603 5035 certum
628 4987 711 5035 esset.
733 4979 762 5034 Si
776 4977 849 5034 enim
862 4992 927 5032 con·

134 5046 246 5126 jecturae
262 5046 339 5103 locus
353 5048 450 5121 aliquis
470 5048 605 5116 tribuitur,
625 5051 683 5121 pari
701 5052 761 5119 jure
784 5065 816 5105 ac
838 5047 927 5104 erudi-

136 5118 209 5171 drtus
222 5119 356 5190 Petavius,
367 5125 539 5187 conjecturas
550 5137 623 5177 meas
645 5120 784 5175 ailerrem.
799 5121 927 5175 Putarem

134 5189 236 5261 quippe
255 5190 400 5262 ἀπογραφὴν
419 5191 490 5246 illam
514 5207 576 5263 quae
599 5193 650 5246 sub
664 5191 757 5247 Sentio
784 5189 928 5247 Saturnino

135 5258 390 5327 iaetaest,eamdem
401 5278 460 5318 esse
474 5278 535 5318 cum
541 5261 720 5333 descriptione
729 5260 843 5329 Quirini.
857 5263 928 5315 Prae-

135 5330 222 5385 sidem
236 5332 504 5389 luisseSaturuinurn
531 5332 659 5402 conjicio,
687 5331 831 5400 Quirinum
859 5346 942 5400 pro-,

135 5413 295 5459 curatorem.
314 5405 436 5461 lustinus
457 5405 558 5474 quippe
572 5405 624 5459 hoc
646 5417 708 5457 eum
730 5401 839 5457 nomine
856 5401 928 5457 indi-

134 5473 203 5541 girat
216 5475 295 5545 Apol.
312 5491 354 5530 tt:
375 5472 432 5527 ‘ast
449 5474 569 5545 Κυρηνίου
586 5479 628 5528 τοῦ
641 5473 760 5546 ὑμετέρου
774 5471 798 5526 ἐν
818 5467 927 5527 Ἰουδαία

134 5549 232 5620 πρώτου
245 5547 376 5622 γενομένου
385 5547 510 5619 insperso.
521 5545 577 5604 Sal
595 5547 712 5618 Quirino
725 5549 815 5606 aestro
829 5546 862 5603 in
876 5529 927 5604 la2

131 4283 206 4322 naeus
222 4270 280 4336 (tto,
292 4284 328 4335 tv,
343 4268 622 4341 illdicitllarcionem
636 4268 736 4340 legisse
750 4269 924 4324 eontrarium.
982 4266 1047 4322 mibi
1063 4267 1175 4337 objiciet
1189 4270 1285 4341 aliquis
1305 4279 1366 4341 post
1380 4280 1418 4329 tot
1433 4272 1547 4342 adeptos
1564 4272 1694 4341 lineares,
1712 4282 1776 4346 pest

981 4337 1125 4418 dignitates
1152 4355 1272 4397 summas
1295 4343 1392 4423 quibus
1415 4343 1523 4400 iunctus
1546 4351 1595 4400 est.
1621 4343 1721 4400 Verum
1747 4344 1776 4400 id

980 4409 1040 4465 liert
1056 4409 1144 4481 pdtuit
1158 4425 1191 4465 ex
1215 4415 1310 4482 majori
1325 4428 1404 4484 quam
1420 4417 1455 4469 de
1473 4415 1533 4483 eius
1551 4415 1652 4470 virtute
1671 4431 1775 4472 eonce-

978 4490 1058 4552 perat
1080 4479 1182 4562 fiducia
1195 4483 1351 4555 Augustus,
1373 4485 1467 4557 sicque
1481 4485 1653 4552 Saturninus,
1670 4498 1700 4542 ut
1720 4486 1774 4543 im·

980 4560 1113 4622 paraturus
1156 4551 1285 4609 voluntati
1318 4557 1518 4625 quodammode
1558 4556 1661 4613 faveret
1690 4557 1775 4613 obsc-

980 4623 1098 4694 qucndo‚
1114 4637 1215 4692 praeses
1225 4624 1333 4681 nomine
1348 4635 1425 4682 tenus
1443 4628 1496 4683 luit
1509 4635 1622 4683 mntem.
1639 4627 1685 4683 Sic
1699 4629 1776 4684 enirn

980 4692 1151 4763 accipiendus
1164 4700 1205 4748 est
1215 4694 1357 4763 Eusebius,
1379 4699 1425 4754 lib.
1444 4714 1464 4767 1,
1481 4702 1580 4769 caps,
1608 4699 1775 4772 ἡγεμονεύον-

979 4783 1034 4845 τος,
1049 4763 1170 4833 Κυρηνίου
1180 4770 1231 4843 ,τῆς
1250 4765 1348 4837 Συρίας.
1366 4770 1409 4824 Ex
1434 4770 1533 4851 quibus
1548 4775 1639 4827 neseio
1653 4785 1688 4825 an
1712 4787 1777 4828 vere

980 4836 1081 4890 dixisse
1096 4834 1236 4893 Patavium
1252 4840 1312 4910 quis
1327 4851 1499 4908 pronuntiare
1522 4842 1626 4913 audeat,
1644 4841 1693 4914 qui
1711 4844 1776 4898 nul·

980 4905 1021 5031 Ιρο
1035 4910 1098 4960 tuno
1121 4907 1256 4964 exstitisse
1279 4921 1371 4967 censet
1388 4912 1489 4968 tudam
1513 4923 1711 4983 procuratores.
1736 4913 1778 4970 Ltt

1003 4992 1028 5031 a.

1017 5048 1075 5122 (16)
1090 5048 1143 5108 Sed
1158 5053 1186 5105 et
1200 5052 1225 5106 si
1232 5054 1339 5125 passim
1353 5054 1495 5126 Synapopc
1518 5053 1777 5126 adiretur.Nempe,

982 5120 1090 5177 etiama
1105 5121 1250 5193 proselytis
1259 5133 1285 5179 et
1295 5127 1451 5198 gentitibus.
1467 5126 1524 5181 Nee
1542 5125 1679 5194 improbat
1693 5126 1780 5183 Euse-

981 5192 1107 5265 biusgin
1140 5192 1256 5251 Ecclesia
1276 5195 1427 5252 Christiana
1452 5196 1532 5251 etiam
1561 5197 1643 5253 laicos
1669 5197 1779 5270 ὁμιλεῖν,

982 5265 1063 5319 modu
1076 5263 1103 5318 id
1117 5262 1162 5317 fiat
1175 5271 1205 5338 τῇ
1218 5272 1262 5320 τοῦ
1271 5274 1427 5340 προεστῶτος
1441 5266 1568 5339 tremata.
1585 5270 1648 5324 llic.

1017 5334 1216 5405 (limitandum
1231 5340 1263 5394 in
1276 5344 1415 5413 potestate
1431 5345 1496 5395 erat
1515 5355 1607 5400 sermo
1630 5341 1705 5411 rjus.
1722 5341 1780 5398 Hoc
1801 5352 1804 5363 '

982 5416 1032 5471 est,
1049 5419 1143 5476 potens
1158 5417 1216 5464 erat
1238 5426 1327 5468 sermo
1347 5411 1416 5482 ejus.
1441 5411 1537 5481 Lucas,
1552 5411 1593 5466 ἐπὶ
1616 5413 1669 5473 τοῖς
1695 5413 1781 5487 λόγους

981 5480 1025 5546 τῆς
1037 5478 1147 5549 χάριτδς.
1158 5480 1220 5538 Illo.
