3840 6134
83 303 139 367 5³8
694 308 759 371 olo.
779 307 800 369 V
819 305 899 369 tot.
917 305 1122 370 muronula
1680 309 1733 371 stt

85 430 140 488 bur
155 429 228 488 uasti
238 431 355 502 matris,
370 430 449 503 onius
464 437 491 490 ct
501 446 566 490 vasa
579 432 665 490 suntl
675 434 744 492 llam
759 435 783 491 si
794 433 883 509 gloria
898 448 922 528 fl
937 433 1059 507 Epistola
1082 433 1189 492 strinxit
1211 433 1279 507 (tt),
1299 435 1333 492 ot
1347 436 1454 492 mortui
1468 441 1617 510 resurrect
1631 439 1730 499 iocor·

85 518 139 576 Dei
152 526 194 576 est
211 518 240 576 in
262 518 391 578 fictilibus
413 522 488 580 vasis
511 530 616 580 tantum
631 525 751 582 thesauri
765 524 880 598 heberi;
938 526 1027 598 rupti,
1043 524 1090 597 qni
1104 525 1160 596 iam
1180 523 1322 595 obierunt3
1338 528 1367 582 at
1381 540 1431 583 uos
1445 526 1630 598 mutabimur,
1645 526 1730 600 quiin

85 623 154 665 vasa
178 615 270 666 autem
296 608 390 667 fictilia
412 610 549 670 Creatoris
573 621 654 680 sunt;
671 630 737 688 ergo
753 623 779 670 et
793 614 883 688 gloria
938 629 1018 671 carne
1039 612 1168 672 fuerimus
1191 612 1352 685 deprehensi
1373 612 1519 671 allambit
1541 615 1579 672 illi
1593 619 1665 672 euim
1687 633 1729 673 re-

88 695 229 754 Crsatoris
243 704 302 765 est,
327 701 406 770 cuius
424 717 488 760 vasa
511 701 686 760 eminentiam
709 703 817 761 virtutis
831 703 882 760 Dei
937 712 1048 780 surgent
1067 703 1225 776 incorrupti,
1241 709 1353 774 recepto
1372 703 1474 760 scilicet
1485 719 1610 777 corpore,
1626 715 1653 762 et
1666 707 1729 778 qui-

85 785 207 858 sapiam,
235 797 263 846 et
288 786 376 847 virtus
405 790 477 862 ipsa.
510 790 581 866 Quia
608 800 753 866 propterea
776 794 802 848 iu
817 808 883 850 vasa
938 792 999 849 dem
1012 793 1130 867 integro,
1145 802 1174 850 ut
1196 800 1222 849 et
1235 794 1287 849 hoc
1305 791 1360 850 sint
1382 792 1538 866 incorrupti
1554 812 1560 852 :
1576 805 1603 851 ct
1624 795 1652 849 hi
1666 811 1729 866 pro·

84 874 181 932 fictilia
203 877 348 935 commissa
368 888 441 953 sunt,
456 890 485 938 ut
506 882 651 939 eminentia
674 884 733 954 ejas
746 883 881 955 probare·
937 891 993 954 pter
1018 881 1147 954 temporis
1160 881 1284 937 ultimum
1307 882 1365 951 jam
1392 891 1568 953 momentum,
1584 889 1731 956 etproptor

85 972 142 1022 tur.
167 965 311 1035 Caeterum,
338 968 393 1037 jam
416 984 471 1026 non
492 969 544 1026 erit
567 971 681 1027 alterius
704 971 752 1029 Dei
781 970 881 1044 gloria,
936 971 1032 1028 marita
1045 971 1216 1029 vexationum
1231 970 1400 1042 Antichristi,
1411 973 1600 1046 compendium
1616 972 1729 1043 martiar

30 1058 34 1063 ’
84 1053 203 1128 meoque
217 1069 268 1113 noc
288 1056 383 1127 virtus,
399 1058 445 1115 aad
464 1059 553 1132 magis
575 1060 694 1117 dedecus
714 1067 741 1117 et
764 1059 881 1116 infirmi·
937 1060 984 1118 sed
998 1061 1305 1134 mutaticonsequcntur
1318 1060 1354 1127 ⁴⁴,
1370 1060 1540 1133 superinduti
1553 1060 1642 1137 magis
1656 1059 1730 1132 quod

84 1150 135 1214 tas,
161 1142 239 1213 cujus
257 1145 431 1202 eminentiam
455 1146 545 1205 fictilia
568 1155 595 1204 et
609 1147 716 1220 quidem
730 1147 818 1205 aliena
831 1163 881 1205 ce·
937 1149 971 1208 de
984 1148 1053 1207 cralo
1070 1151 1121 1217 est,
1150 1165 1230 1222 quam
1258 1149 1329 1206 exuti
1358 1165 1466 1221 corpus.
1488 1150 1526 1206 ita
1553 1149 1577 1205 si
1595 1149 1624 1205 hi
1647 1165 1730 1221 super

82 1239 191 1303 parunt.
202 1232 284 1302 Quod
298 1231 379 1291 aot
395 1235 418 1291 si
432 1237 490 1292 hmo
500 1245 561 1292 sunt
574 1239 679 1310 fictilia
689 1254 755 1296 uaso
767 1239 799 1295 iu
818 1241 882 1313 qui·
936 1252 1036 1310 corpus
1062 1238 1176 1295 induent
1202 1239 1311 1294 coeleste
1338 1237 1420 1308 illud,
1451 1237 1544 1311 utique
1570 1244 1597 1294 et
1627 1237 1727 1295 mortui

83 1321 136 1378 bur
151 1325 236 1378 matu
246 1324 498 1395 coopertorium
512 1327 708 1402 quibusatiara
722 1330 880 1400 mortifico·
937 1327 1066 1400 recipient
1080 1343 1189 1400 corpus,
1206 1343 1288 1399 super
1310 1327 1383 1400 quod
1397 1334 1425 1383 et
1446 1326 1500 1400 ipsi
1513 1327 1626 1384 induant
1640 1327 1730 1384 incor-

84 1410 436 1485 tioacmoircumferimus
443 1415 882 1491 Domini³⁴3sadsingratusDcus
936 1418 1070 1492 ruptelam
1089 1418 1123 1474 de
1138 1416 1208 1473 coelo
1225 1435 1231 1472 :
1247 1416 1311 1488 quia
1324 1425 1351 1473 et
1364 1416 1398 1472 de
1415 1415 1468 1473 illis
1485 1416 1544 1475 ait:
1562 1418 1675 1474 Necesse
1688 1421 1730 1475 est

83 1507 113 1556 et
125 1497 257 1570 injustus,
273 1500 296 1556 si
310 1516 365 1558 non
382 1506 410 1558 el
424 1503 493 1562 hanc
507 1505 682 1564 substantiam
702 1508 879 1564 resuscitatu-
938 1510 1133 1580 corruptivum
1147 1506 1224 1564 istud
1233 1506 1354 1564 iuduere
1368 1508 1605 1579 incorruptelam,
1616 1511 1644 1564 et
1659 1523 1731 1563 mor·

82 1603 132 1644 rus
145 1594 188 1645 ost
201 1588 237 1656 44,
253 1587 279 1644 iu
293 1605 344 1662 quo
364 1604 414 1664 pro
429 1589 483 1649 tide
496 1595 557 1665 eJ'us
581 1601 656 1651 tenta
680 1595 836 1664 tolerantur,
853 1595 881 1650 iu
938 1597 995 1653 tale
1009 1593 1094 1653 502
1104 1596 1183 1653 istud
1196 1596 1455 1653 immortalitatem.
1473 1595 1512 1651 llli
1527 1595 1653 1662 iuduunt,
1669 1611 1731 1652 oum

84 1682 177 1747 quaet
190 1692 264 1735 mors
277 1678 581 1750 Christicircumsertur,
597 1683 624 1739 in
636 1683 881 1754 quaatemineutia
937 1684 1088 1756 receperint
1116 1699 1235 1755 corpus;
1263 1682 1308 1738 isti
1336 1683 1550 1753 superinduunt,
1580 1683 1644 1755 quia
1672 1698 1729 1740 non

84 1764 194 1823 virtutis
211 1776 392 1825 consecratur.
408 1769 461 1826 Sed
475 1771 544 1827 enim
562 1772 690 1844 proponit
710 1788 717 1829 :
733 1775 765 1831 ur
780 1778 807 1830 ct
820 1775 880 1830 uita
898 1735 921 1814 Β
936 1772 1074 1830 amiserint
1091 1787 1202 1843 corpus.
1217 1769 1320 1827 Etideo
1334 1784 1389 1826 non
1403 1777 1506 1828 temore
1519 1771 1586 1828 dixit
1601 1790 1607 1828 :
1625 1773 1728 1831 Notou·

91 1856 449 1930 cbristimoaifesteturirr
460 1867 687 1934 corporeuootro,
698 1860 881 1918 scilicetsicut
935 1867 977 1920 tes
996 1865 1203 1935 summopore,
1220 1860 1467 1933 sebsupcricdui5
1486 1860 1580 1933 idest,
1605 1862 1729 1917 uolentes

90 1955 121 2000 et
135 1961 209 2002 mors
228 1948 284 2018 ejus
300 1948 488 2006 circumfertur
505 1949 532 2005 iu
548 1966 671 2022 corpore.
688 1951 729 2006 De
747 1967 801 2022 qua
814 1965 879 2023 ergo
934 1960 1048 2008 mortem
1066 1950 1194 2022 experiri,
1210 1949 1259 2006 sad
1273 1948 1329 2005 rita
1343 1947 1504 2019 proeveniri;
1519 1951 1566 2007 uti
1580 1948 1730 2007 devoretur

88 2032 192 2090 Christi
218 2035 272 2091 vita
299 2035 389 2093 dicit?
420 2035 478 2106 Qua
508 2055 579 2095 nunc
611 2039 726 2097 vivimus
754 2038 782 2094 in
810 2036 880 2094 illo?
934 2038 1056 2097 mortale
1071 2040 1237 2107 incomta,
1253 2038 1316 2092 dum
1332 2036 1464 2109 eripietur
1478 2037 1560 2094 morti
1574 2052 1623 2106 per
1637 2052 1731 2109 super·

86 2121 121 2178 Et
143 2124 281 2195 quomado
304 2125 331 2181 in
354 2127 535 2198 sequentibus
551 2143 605 2185 non
628 2129 661 2183 ad
686 2128 812 2197 visibilia,
827 2143 879 2184 nec
934 2125 1123 2185 indumentum
1152 2124 1354 2184 demutationis.
1385 2126 1449 2182 Ideo
1474 2126 1538 2197 quia
1559 2126 1585 2164 ⁴⁵
1610 2126 1731 2182 ostendit

84 2211 119 2265 ad
133 2212 303 2285 temporalia,
319 2215 366 2269 sed
392 2215 425 2268 ad
449 2215 594 2272 invisibilia
621 2224 647 2272 et
671 2216 706 2271 ad
721 2224 831 2285 aeterna,
852 2214 879 2270 id
934 2218 1096 2275 hocmelius
1114 2233 1186 2284 esse,
1215 2231 1248 2272 ns
1277 2215 1470 2273 contristemur
1499 2215 1594 2272 mortis
1609 2214 1633 2270 si
1658 2214 1729 2271 torte

83 2309 136 2369 ost,
153 2317 208 2357 non
229 2304 264 2358 ad
288 2307 444 2376 praeseutia,
459 2306 506 2361 sed
529 2306 563 2362 ad
586 2305 676 2363 futura
698 2305 878 2362 eslrortatur‘?
934 2315 1083 2379 preventa,
1098 2316 1126 2364 et
1139 2306 1319 2362 arrhabonem
1344 2321 1396 2364 nos
1415 2305 1530 2378 spiritus
1552 2304 1617 2361 dicit
1640 2307 1729 2361 aDco

83 2386 164 2456 Quod
183 2389 208 2444 si
221 2392 255 2448 de
268 2390 358 2447 futura
372 2394 427 2448 vita
447 2394 510 2451 dicit
526 2395 633 2463 Christi,
649 2395 878 2467 incorporarem
934 2396 1043 2463 habere,
1057 2395 1135 2468 quasi
1149 2394 1306 2466 pignoratos
1322 2394 1350 2450 iu
1368 2395 1490 2450 eamdem
1508 2410 1585 2467 spem
1601 2394 1729 2466 superin-

84 2476 181 2534 diceus
206 2481 406 2552 apparituram,
426 2483 568 2540 manifeste
587 2484 677 2540 carnis
701 2483 878 2540 resurrectio·
934 2483 1069 2555 dumenti,
1083 2487 1211 2542 etabesso
1224 2485 1378 2553 adomim,
1391 2486 1518 2558 quaudiu
1532 2486 1564 2542 ia
1578 2501 1663 2542 carce
1680 2501 1729 2541 su·

83 2582 147 2622 nem
162 2569 329 2641 predicavit,
355 2573 515 2629 exteriorem
539 2573 648 2646 quidem
662 2574 800 2630 hominem
815 2588 879 2629 nos
934 2591 1009 2640 mus,
1024 2590 1057 2631 ac
1064 2578 1216 2648 propterca
1228 2573 1324 2632 debere
1338 2573 1404 2630 boui
1417 2575 1520 2634 ducere
1530 2574 1623 2633 abesse
1632 2575 1729 2647 potiar

84 2662 156 2711 truta
179 2659 319 2730 corrumpi
340 2659 442 2725 dicens,
461 2668 489 2717 et
506 2677 561 2717 nou
586 2661 665 2734 quasi
688 2668 789 2718 aeterno
808 2661 879 2716 inte·
934 2667 1200 2737 acorpore.etcsse
1214 2679 1280 2720 cum
1295 2664 1424 2736 Domino,
1440 2673 1469 2719 ut
1483 2669 1510 2721 et
1524 2662 1730 2719 mortemliben·

83 2744 138 2800 ritu
158 2756 358 2816 postmortem,
374 2763 468 2805 verum
491 2749 629 2806 laboribus
642 2761 669 2807 et
688 2749 878 2817 incommodis,
936 2756 977 2807 ter
987 2750 1165 2823 excipiamus.
1181 2751 1355 2823 atqueadco,
1373 2768 1471 2811 omues
1484 2750 1522 2806 ait
1536 2768 1586 2810 nos
1601 2757 1730 2825 oportere

83 2833 119 2891 de
130 2834 231 2905 quibus
245 2836 386 2906 praemisit,
402 2838 534 2909 adjiciens
551 2857 558 2894 ε
573 2842 610 2896 nt
629 2857 688 2899 noa
706 2841 876 2910 deficiemus.
932 2841 1116 2911 manifestari
1125 2844 1192 2897 arcte
1202 2840 1331 2897 tribuual
1341 2841 1493 2910 Cbristi,ul
1504 2840 1628 2912 recipiat
1638 2855 1728 2896 uuus-

81 2923 152 2979 Nam
164 2933 191 2981 et
204 2925 373 2983 interiorem
394 2927 535 2987 bomine-m
549 2933 681 2986 castrum
700 2931 832 2986 renouari
846 2928 879 2987 cla
932 2929 1045 3001 quisquo
1061 2944 1121 3001 pace
1134 2945 1185 3000 per
1199 2943 1298 3000 corpus
1311 2927 1438 2998 admisit,
1455 2928 1513 2985 siue
1531 2927 1655 2993 bocum,
1670 2928 1728 2982 siue

83 3015 130 3072 dic
148 3015 180 3070 iu
201 3015 277 3072 diem
291 3014 398 3082 dicens,
412 3016 457 3073 hic
484 3026 628 3089 utrumque
651 3018 829 3088 demonstrat,
853 3019 917 3100 εις
934 3018 1055 3074 malum.
1079 3016 1107 3071 Si
1122 3016 1192 3071 enim
1218 3024 1283 3073 tunc
1306 3018 1449 3074 retributio
1472 3017 1640 3084 meritorum,
1657 3032 1728 3089 quo·

81 3103 207 3173 corporis
234 3104 436 3177 corruptionem
465 3120 499 3163 ex
524 3107 666 3164 vexatione
690 3106 879 3176 tentationum,
933 3105 1015 3162 modo
1028 3107 1084 3175 jam
1105 3103 1186 3176 aliqui
1208 3119 1271 3160 cum
1289 3105 1346 3161 Deo
1371 3114 1515 3176 potuerunt
1535 3105 1682 3177 deputarit
1696 3107 1730 3163 Et

81 3190 207 3248 etanimi
223 3193 425 3250 renovationem
447 3209 481 3250 ex
505 3195 735 3268 contemplatione
758 3194 880 3268 promis·
934 3195 1051 3252 tribunal
1075 3201 1166 3249 autem
1188 3193 1364 3263 nominando,
1379 3202 1405 3250 et
1427 3193 1644 3265 dispunctionem
1662 3195 1729 3252 boni

82 3280 202 3342 sionnm.
902 3310 915 3333 ι
933 3298 966 3339 ac
980 3281 1044 3337 nrali
1056 3280 1157 3352 operis,
1180 3279 1321 3353 utriusque
1339 3281 1482 3337 sententiae
1498 3280 1619 3351 judicem
1633 3288 1729 3338 osten·
1793 3310 1796 3315 ·

933 3370 982 3438 dit,
998 3376 1025 3427 et
1043 3384 1187 3441 corporum
1210 3368 1331 3426 omnium
1347 3369 1613 3441 representationem
1626 3367 1728 3425 confir-

384 3422 500 3490 ΜΠ
518 3423 584 3481 ΧΠ·
934 3457 1025 3516 mavit.
1041 3459 1102 3514 Non
1120 3457 1191 3513 enim
1211 3456 1320 3528 poterit,
1335 3457 1409 3530 quod
1431 3472 1548 3530 corpore
1568 3456 1729 3513 admisssum

125 3548 241 3605 veneat
254 3547 393 3606 dorcicilii
404 3550 498 3606 nostri
512 3549 537 3588 ⁴⁰
550 3549 586 3619 (ιι
602 3550 663 3606 Cor.
679 3563 708 3618 v,
724 3563 824 3618 v1,v11,
840 3561 881 3617 ιιι,
934 3555 985 3616 est,
1000 3560 1054 3603 non
1078 3560 1192 3617 corpore
1205 3545 1338 3602 vindicari
1356 3545 1392 3600 44.
1416 3545 1527 3618 Iniquus
1551 3545 1622 3602 enim
1642 3545 1728 3615 Deus,

85 3649 128 3692 ιιι
143 3636 421 3707 ctxru):Nonsicait
434 3639 716 3698 bobereuosdomum
726 3642 880 3710 (eternam,
934 3634 956 3690 si
971 3651 1026 3693 non
1040 3649 1088 3707 per
1105 3634 1133 3690 id
1157 3633 1265 3704 punitur
1287 3633 1349 3706 quis
1371 3641 1418 3689 aut
1440 3634 1562 3706 juvatur,
1586 3650 1636 3706 per
1655 3635 1730 3705 quod

83 3742 144 3782 moa
156 3741 248 3782 mauu
257 3730 367 3797 sactum
381 3729 413 3784 ic
427 3728 504 3786 coelis
517 3728 553 3796 ⁴¹,
567 3728 630 3800 quia
643 3744 706 3799 quae
720 3727 883 3784 manufacta
935 3722 1535 3796 operatusest.Sipuaeraocouditlonooairo
1547 3720 1729 3795 Obrimum),

83 3813 121 3869 sit
133 3815 280 3881 creatoris,
297 3816 422 3886 intereat,
438 3816 466 3871 in
482 3823 567 3873 totum
583 3815 714 3874 dissoluta
726 3823 787 3886 post
806 3832 881 3873 mor·
935 3819 1040 3872 caetera
1050 3814 1242 3882 transierunt,
1252 3812 1668 3883 eccenouasoctaruutomcia,
1680 3811 1731 3867 im-

86 3910 150 3960 tem.
168 3903 232 3960 Haec
250 3904 323 3961 enim
338 3904 372 3960 ed
386 3904 480 3961 mortis
500 3913 610 3972 metum,
626 3913 654 3962 et
674 3906 708 3961 ad
721 3905 808 3977 ipsius
821 3906 882 3962 dis·
935 3904 1005 3973 plata
1020 3910 1061 3957 est
1080 3901 1157 3958 baira
1172 3900 1313 3973 prophetia
1327 3899 1417 3973 (autri,
1442 3900 1498 3972 ts),
1516 3899 1545 3956 si
1561 3899 1640 3956 etiam
1651 3900 1732 3971 jubet

84 3990 232 4049 solutionis
254 3993 488 4051 contristationem
511 3993 704 4051 consolandam
733 4000 883 4052 retractans
936 3990 1237 4049 utmucdemusaosab
1247 3991 1463 4064 inquinamento
1473 3990 1606 4048 caroisat
1615 3990 1731 4063 sanaui-

85 4079 168 4138 edam
182 4096 232 4154 per
245 4082 385 4154 sequentia
399 4081 578 4149 manitestius,
594 4098 654 4140 cum
678 4083 810 4155 subjicit:
831 4087 882 4140 Iro·
937 4082 993 4147 rtis,
1009 4094 1063 4134 non
1083 4077 1262 4134 substantium
1285 4078 1309 4115 44
1333 4093 1430 4150 capere
1449 4091 1566 4148 regnum
1584 4076 1644 4143 Dei,
1667 4078 1690 4132 si
1706 4085 1733 4133 et

87 4184 198 4241 camera
220 4188 271 4229 aas
298 4172 331 4229 de
346 4172 400 4229 isto
416 4171 597 4229 tabernaculo
618 4174 742 4245 corporis
766 4175 882 4239 lameci,
936 4166 1734 4241 cirpiaemsauctamdestiaatdcclesiamassipcareCirt-

88 4256 167 4329 quod
178 4256 210 4314 de
222 4261 289 4317 coelo
300 4265 342 4320 est
352 4277 439 4334 super
447 4262 532 4318 indui
544 4260 569 4299 44
578 4261 885 4334 capientes-siquidem
937 4262 990 4327 rto,
1011 4255 1103 4328 utique
1128 4261 1161 4313 ut
1179 4273 1311 4328 aprorum
1334 4272 1435 4329 sponso
1444 4275 1454 4323 ;
1469 4270 1524 4310 non
1538 4259 1628 4324 potest
1641 4254 1733 4326 imago

86 4351 117 4406 et
131 4346 278 4422 despoliato
292 4366 351 4407 coa
360 4350 540 4408 inveniemur
552 4349 578 4389 44
591 4349 663 4406 audi
676 4368 686 4417 ,·
702 4348 728 4404 id
743 4355 795 4416 est,
811 4349 884 4405 reci·
937 4344 1066 4419 conjungi
1079 4345 1188 4400 inimico
1201 4343 1323 4402 veritatis
1341 4344 1379 4400 rei
1390 4343 1488 4414 ipsius.
1504 4343 1534 4399 Si
1555 4350 1582 4398 et
1595 4344 1733 4413 pseudoa-

86 4437 195 4508 piemus
217 4453 270 4511 quo
293 4438 436 4511 despoliati
454 4454 568 4508 sumus,
591 4437 619 4493 id
643 4443 684 4492 est
707 4452 818 4508 corpus.
852 4437 885 4494 Et
902 4415 924 4494 n
939 4435 1059 4510 postolos
1082 4434 1147 4491 dicit
1172 4435 1315 4507 operarios
1339 4434 1459 4497 dolosos,
1486 4433 1734 4504 traustiouratorcs

87 4540 206 4585 rursus:
224 4529 336 4585 Etenim
346 4528 502 4602 quiramus
513 4528 546 4584 ia
560 4528 615 4585 isto
631 4527 816 4585 tabernaculo
829 4542 887 4584 cor-
940 4530 996 4594 sai,
1025 4541 1072 4598 per
1098 4523 1255 4596 hypocrisin
1283 4522 1396 4588 scilicet,
1427 4519 1649 4590 conversationis,
1679 4541 1733 4583 non

84 4616 733 4692 portampemtmasmouprmemur,armates
747 4617 885 4683 amuired
940 4615 1138 4688 predicationis
1157 4614 1312 4670 adulterata
1327 4627 1389 4670 reos
1408 4618 1498 4683 taxat3
1515 4610 1583 4666 adeo
1607 4610 1733 4670 dedisci-

88 4705 272 4778 superiudui.
300 4697 350 4765 Hic
376 4706 449 4763 enim
475 4706 619 4777 expressit,
644 4705 718 4778 quod
746 4703 774 4759 in
798 4703 885 4777 prima
937 4705 1020 4778 plina,
1036 4721 1092 4763 non
1105 4706 1140 4762 de
1153 4704 1293 4764 divinitate
1313 4701 1502 4760 dissidebatur.
1523 4699 1553 4761 Si
1577 4702 1734 4776 tramfipu-

780 4827 878 4894 Varire
899 4833 1053 4896 lectiones.

125 4936 150 4975 ³⁴
164 4935 215 4993 Dei
229 4938 316 4995 Semi.
332 4937 418 4993 ³⁹an
432 4940 526 4994 omitt.
544 4935 652 4993 Obortis.
668 4935 694 4974 ⁴⁰
708 4938 790 4994 Forte
800 4943 936 4994 terrenum
949 4936 1115 4996 domicilium
1129 4945 1252 4994 nostrum
1268 4953 1304 4995 eu
1314 4938 1394 4994 Pam.
1406 4937 1430 4976 ⁴¹
1445 4936 1521 4994 Coelo
1542 4939 1628 4998 Seml.
1643 4939 1668 4978 44
1682 4937 1737 4994 Su-

93 5009 256 5118 perinduere
270 5009 381 5067 Obcrtb.
395 5008 421 5046 ⁴³
436 5007 605 5090 Inveniemur
624 5011 710 5063 Fran·
720 5007 745 5044 44
755 5007 849 5089 Mortis
864 5009 961 5065 mutati
970 5019 1168 5097 consequantur
1181 5011 1243 5067 Lat.
1258 5008 1283 5048 44
1296 5009 1460 5081 ideoquial.
1477 5010 1593 5084 ideoque
1610 5013 1738 5071 Ciaccora.

134 5081 252 5138 indicari
277 5081 367 5138 Vacat.
380 5080 427 5140 sed
439 5079 570 5137 vindicari
586 5079 646 5134 Lat.
659 5079 683 5116 44
700 5077 879 5135 Substantiam
894 5086 990 5140 coetera
1002 5081 1184 5140 omaesrmllo
1193 5096 1289 5140 seusu.

795 5203 1044 5273 Commentarius.

120 5311 187 5440 I{ill
202 5308 698 5393 Ouodioprimnlipistolastrinxit.
715 5307 887 5379 loquiturde
941 5314 997 5381 tio,
1020 5329 1094 5371 more
1119 5312 1330 5381 Tertullianico,
1367 5312 1497 5385 accipitur
1519 5330 1569 5389 pro
1599 5322 1742 5385 creatura,
1800 5310 1803 5315 '

93 5384 106 5439 1
145 5384 207 5454 pist.
223 5384 259 5439 ad
275 5383 531 5439 Corinth.Anuotat
553 5386 643 5436 autam
667 5379 823 5447 Rhenanus,
839 5397 888 5438 ac·
942 5401 1033 5458 graece
1052 5385 1139 5448 κτίσις.
1163 5385 1300 5441 consentit
1322 5398 1387 5441 vero
1411 5385 1490 5441 etiam
1520 5401 1581 5443 cnm
1596 5384 1744 5455 interprete

91 5454 338 5536 cipistrincitpro
348 5453 535 5525 perstrinxit,
546 5450 736 5508 bocestobiter
747 5450 887 5523 indicavit,
945 5457 1057 5532 vulgato
1071 5457 1168 5541 latino
1182 5465 1305 5522 vertens,
1322 5456 1352 5513 Si
1365 5472 1543 5540 pamproeo
1563 5455 1743 5539 quodlsido-

93 5524 633 5671 uszblgrgeirqffissolggxdmonovam
648 5593 773 5653 Christo·
790 5592 894 5652 Condi.
947 5544 995 5659 rbps
1022 5530 1123 5587 cianus
1148 5544 1210 5587 cum
1238 5528 1349 5585 Erasmo
1381 5543 1462 5584 armis
1489 5527 1591 5595 libere,
1616 5528 1647 5585 So
1670 5543 1744 5602 quas.
