3840 6134
148 295 200 358 963
680 294 780 361 alsait
794 299 837 362 DE
847 298 1119 363 aasuaaoortolla
1132 297 1263 362 unable.
1746 312 1800 372 934

143 440 225 499 quam
249 427 354 501 angeli,
378 428 406 481 in
428 427 521 483 eadem
542 425 695 482 substantia
719 427 808 483 carnis
832 426 942 497 spirita-
959 438 983 520 Ι
998 441 1110 498 compos
1131 426 1194 484 mali
1217 425 1289 500 quod
1313 429 1410 500 evasit,
1436 438 1462 486 et
1491 430 1557 490 boni
1589 434 1662 506 quod
1686 435 1796 494 inuasit.

145 513 202 570 lem
216 515 333 572 subeant
351 515 568 588 dispositionem,
585 533 639 572 non
660 517 747 587 magis
774 515 941 571 solemnibus
997 512 1077 584 Quid,
1093 517 1190 585 anima,
1206 517 1311 575 invides
1330 520 1404 575 carni
1419 521 1496 592 loll?
1521 538 1600 580 nemo
1628 531 1683 579 tam
1706 525 1799 597 proxi-

145 605 235 659 carnis
250 604 359 660 obnoxii
383 605 433 660 sub
460 605 581 676 angelico
600 604 768 670 indumento,
785 621 865 675 quam
888 621 940 658 aa·
995 619 1055 660 mus
1070 606 1128 672 tibi,
1145 622 1225 678 qoem
1238 617 1298 678 post
1316 609 1461 665 Dominum
1486 610 1584 682 diligas
1604 629 1610 666 :
1635 630 1714 672 nemo
1738 632 1798 671 ma·

145 691 201 765 geli
216 702 280 751 tunc
295 695 462 750 solemnibus
484 693 596 765 spiritus
611 693 639 735 ⁸⁸
651 695 703 753 sub
726 695 940 754 bumanolNcc
995 693 1038 768 gis
1050 692 1131 750 irater
1155 704 1228 762 tuns,
1246 712 1307 768 quaa
1332 703 1419 754 mcum
1439 699 1519 754 etiam
1534 699 1561 755 in
1584 701 1642 756 Deo
1665 704 1794 759 nascitur.

143 782 208 840 ideo
223 799 278 839 non
293 783 463 856 permansuri
478 782 609 853 incarne,
625 784 687 854 quia
702 799 757 839 non
772 791 799 838 et
811 783 840 838 in
852 784 942 839 solen·
994 782 1034 836 Tu
1061 784 1150 854 potius
1176 784 1214 841 illi
1242 801 1355 843 exorare
1382 787 1513 844 debueras
1548 791 1776 848 resurrectionem
1789 811 1796 859 ;

143 873 226 928 nibus
239 873 329 929 carnis
344 892 351 930 ι
368 890 430 929 cum
443 889 493 929 nec
508 874 598 946 angeli
613 873 674 929 ideo
693 889 749 930 non
757 881 784 928 et
798 873 826 935 in
841 874 866 913 99
881 874 939 946 spi·
965 920 968 925 .
994 885 1043 939 par
1059 878 1094 942 ta,
1108 874 1131 929 si
1147 872 1224 944 lorte,
1244 874 1369 944 deliquit.
1396 874 1451 931 Sed
1475 876 1539 930 nihil
1555 877 1652 933 mirum
1670 879 1693 934 si
1707 881 1797 948 odisti,

142 963 196 1018 ritu
222 964 437 1036 permanserint,
467 962 531 1034 quia
567 979 622 1019 non
656 972 683 1019 el
718 962 746 1023 in
782 962 939 1032 solennibus
993 959 1345 1037 cajmaoctqramquoque
1367 963 1493 1035 respuisti
1514 965 1590 1037 (68);
1620 982 1700 1038 quam
1722 975 1751 1023 et
1771 971 1799 1024 in

140 1052 254 1125 spiritus
277 1052 312 1106 ⁸⁵.
328 1052 463 1123 Denique,
480 1068 533 1107 non
556 1052 633 1119 dixit,
659 1055 752 1109 Erant
776 1053 878 1124 augeli,
906 1068 940 1108 ne
993 1047 1112 1117 Christo,
1128 1061 1173 1107 aut
1184 1069 1293 1125 negare,
1308 1061 1355 1107 aut
1366 1062 1469 1108 mutare
1491 1053 1665 1110 consuevisti.
1680 1057 1798 1113 Proinde

141 1141 270 1198 homines
283 1150 415 1214 negaret:
433 1142 489 1206 sed,
502 1140 759 1216 tanquamssoaqeli,
771 1146 802 1197 ut
815 1141 941 1209 homiues
992 1149 1020 1194 et
1035 1139 1122 1212 ipsum
1146 1143 1301 1206 Sermonem
1324 1140 1384 1213 Dei,
1409 1142 1456 1215 qui
1478 1159 1541 1201 caro
1570 1143 1657 1203 lactus
1685 1147 1738 1208 est,
1754 1145 1797 1202 vrl

140 1240 326 1287 conservaret.
339 1227 401 1286 Non
418 1227 528 1285 abstulit
540 1229 729 1303 substantiam,
743 1229 787 1286 cui
808 1229 937 1287 similitu-
993 1223 1063 1294 elsio
1077 1226 1119 1284 vsi
1133 1226 1354 1299 interpretatione
1376 1242 1563 1300 comnmpsns,
1588 1246 1686 1288 arcana
1710 1232 1791 1288 etiam

140 1319 264 1376 tudinem
278 1317 412 1375 attribuit.
992 1316 1208 1386 apocryphorum
1245 1318 1438 1388 superducens,
1478 1320 1653 1391 blasphemiae
1682 1321 1795 1377 fabulas.

426 1444 540 1500 CAPUT
558 1443 640 1501 Lxffl
990 1403 1027 1461 At
1040 1405 1112 1460 enim
1124 1405 1197 1473 Deus
1208 1407 1391 1480 omnipotens,
1409 1411 1540 1466 adversus
1562 1411 1621 1465 haec
1649 1409 1795 1467 increduli-

645 1485 651 1499 '
992 1490 1053 1546 tatis
1067 1499 1095 1546 et
1107 1494 1292 1563 perversitatis
1317 1495 1428 1567 ingenia
1452 1496 1686 1569 providentissima
1709 1499 1795 1571 gratia

174 1573 310 1644 Resurget
325 1572 351 1610 ⁸⁶
363 1570 448 1645 igitur
461 1587 523 1628 caro
538 1571 605 1644 (66),
621 1572 770 1643 etquidem
794 1573 893 1642 omnis,
911 1581 938 1630 el
991 1581 1197 1649 suacssundeas
1207 1583 1239 1637 ia
1249 1584 1408 1641 novissimis
1419 1586 1514 1643 diebos
1525 1587 1558 1642 de
1574 1603 1624 1642 suo
1639 1587 1751 1659 Spiritu
1762 1591 1793 1645 ia

139 1662 250 1736 quidem
260 1661 329 1732 ipsa,
340 1669 367 1716 et
382 1659 490 1731 quidem
505 1661 618 1731 integra.
638 1659 669 1715 ln
684 1659 807 1731 deposito
823 1669 865 1717 est
876 1662 938 1717 ubi·
991 1683 1102 1724 omnem
1117 1685 1243 1736 cornera,
1259 1674 1392 1730 inseroos
1406 1691 1470 1731 suos
1486 1677 1648 1733 eloncillcs
1664 1679 1744 1745 (lael.
1762 1693 1793 1744 ιι,

139 1767 250 1824 cunque
273 1749 344 1824 apud
365 1749 460 1818 Deum,
487 1766 534 1821 per
559 1748 746 1808 fidelissimum
768 1758 935 1825 acquestum
987 1756 1035 1826 fib,
1052 1757 1106 1827 aa).
1122 1763 1150 1814 ct
1159 1756 1245 1824 fidem
1268 1759 1435 1815 laborantem
1454 1763 1662 1819 resurrectionis
1680 1765 1795 1821 carnalis

139 1840 193 1897 Dei
212 1852 241 1898 et
255 1840 392 1897 bominum
416 1840 473 1914 (66)
494 1840 586 1895 lesum
605 1840 751 1914 Christum,
776 1839 822 1913 qui
843 1851 870 1897 et
887 1841 937 1898 bc-
951 1824 976 1906 B
989 1843 1128 1912 animavit,
1151 1849 1178 1901 et
1203 1844 1316 1916 pristina
1349 1846 1529 1904 instrumenta
1554 1851 1705 1908 manifestis
1729 1870 1793 1909 ver-

140 1931 211 1987 mini
224 1931 320 2001 Deum,
338 1927 506 1986 etbominem
520 1928 578 1984 Deo
591 1928 700 2001 reddet,
714 1928 788 1986 carni
807 1930 935 2001 spirituus
989 1926 1087 1989 borum
1099 1941 1129 1990 et
1144 1949 1275 1991 sensuum
1290 1932 1451 2004 luminibus,
1467 1937 1502 1993 ab
1518 1939 1594 1994 omni
1609 1939 1793 2013 ambiguitatis

138 2027 166 2076 et
180 2018 287 2092 spiritui
297 2034 413 2076 carnem.
425 2018 574 2090 Utrumque
585 2019 642 2087 J'am
653 2018 680 2074 in
691 2019 835 2090 semetipso
847 2019 934 2076 ioede-
987 2023 1150 2079 obscuritate
1164 2024 1301 2095 purgavit.
1329 2026 1397 2082 Nam
1409 2025 1474 2097 quia
1494 2024 1612 2084 haereses
1631 2042 1690 2084 esse
1714 2046 1793 2101 opor.

136 2109 218 2176 ravit,
232 2123 360 2180 sponsam
383 2122 495 2181 sponso,
511 2117 538 2163 et
553 2124 682 2178 sponsum
698 2124 804 2179 sponsae
820 2125 933 2180 compa·
990 2116 1136 2179 incantat
1143 2112 1299 2184 probabiles
1308 2117 1411 2188 quique
1421 2115 1715 2187 manifestarentorll
1730 2118 1791 2175 Cor.

137 2199 217 2259 ravit.
229 2199 300 2255 Nam
313 2209 340 2255 et
357 2199 381 2255 si
396 2198 512 2255 animam
532 2196 592 2268 quis
613 2197 783 2254 contenderit
797 2214 933 2268 sponsam,
988 2214 1027 2265 ιι,
1052 2200 1111 2270 19);
1125 2201 1168 2255 bae
1184 2209 1273 2257 autem
1289 2202 1345 2259 sine
1360 2201 1497 2274 aliquibus
1512 2204 1697 2261 occasionibus
1714 2205 1792 2261 Scri·

135 2289 178 2348 sel
192 2289 265 2346 dctis
288 2288 397 2346 nomine
420 2295 550 2361 sequetur
569 2287 687 2347 aninam
701 2302 775 2348 caro.
798 2288 858 2345 Non
882 2290 932 2346 erit
959 2320 965 2327 ·
986 2296 1128 2365 pomum
1142 2290 1241 2359 audere
1252 2306 1310 2347 aen
1332 2291 1592 2364 poterant3idcirco
1613 2293 1727 2364 pristina
1745 2292 1791 2350 in-

135 2377 226 2435 anima
249 2377 406 2450 prostituta,
426 2392 457 2436 ut
481 2380 552 2438 nuda
573 2380 773 2453 suscipiatura
800 2393 930 2450 sponso:
984 2380 1135 2434 strumenta
1160 2379 1290 2452 quostiam
1320 2377 1445 2437 materias
1456 2380 1508 2438 illis
1522 2381 1548 2420 ⁹²
1576 2381 1702 2438 videntur
1726 2383 1791 2439 sub-

135 2469 219 2526 babet
239 2468 459 2534 instrumentum,
483 2471 565 2527 babet
588 2471 701 2537 cultum,
722 2469 803 2525 habet
827 2468 932 2525 manci·
985 2469 1163 2537 ministrasse,
1188 2479 1215 2527 et
1238 2470 1311 2543 ipsas
1334 2471 1445 2542 quidem
1468 2470 1564 2526 iisdem
1588 2471 1684 2527 litteris
1698 2471 1790 2530 revin-

135 2556 212 2630 pium
225 2573 304 2614 sunm
327 2566 498 2627 carnem;ut
522 2560 687 2616 collactanea
701 2559 725 2597 99
749 2557 931 2615 comitabitur.
985 2554 1091 2615 cibiles.
1116 2557 1177 2627 Sed,
1198 2558 1325 2630 quoniam
1348 2574 1399 2616 nec
1418 2559 1444 2598 99
1462 2559 1634 2616 dissimulare
1657 2560 1789 2632 Spiritum

134 2646 190 2703 Sed
206 2662 268 2703 caro
282 2654 323 2702 est
336 2662 445 2720 sponsa,
459 2665 520 2719 quae
543 2658 570 2706 et
591 2649 619 2704 in
634 2648 741 2705 Christo
764 2649 828 2704 lesu
852 2647 933 2719 spiri·
986 2653 1109 2703 sanctum
1126 2648 1277 2718 oportebat,
1294 2646 1438 2720 quominus
1461 2654 1487 2703 et
1510 2648 1647 2719 eiusmodi
1671 2649 1787 2722 eloquiis

135 2741 194 2790 tum
208 2736 234 2774 99
248 2751 376 2807 sponsum
391 2752 440 2807 per
463 2737 622 2810 sanguinem
647 2748 724 2808 pacta
738 2738 763 2777 ⁸⁹
777 2749 827 2794 est.
844 2737 932 2806 Hujus
986 2736 1219 2809 superinundaret,
1243 2752 1303 2806 quae
1334 2734 1416 2791 nullis
1449 2735 1639 2791 hereticorum
1661 2737 1787 2794 versutiis

136 2825 277 2884 interitum
289 2841 371 2898 qoem
385 2836 620 2896 putas,ssceseum
635 2826 860 2884 saansaan
874 2824 932 2882 sola
985 2825 1089 2881 sentina
1119 2826 1342 2897 subspargerent,
1365 2823 1419 2879 imo
1443 2832 1471 2879 et
1495 2833 1599 2879 veteres
1622 2839 1714 2881 eorum
1738 2842 1786 2882 ce-

136 2915 227 2974 anims
244 2917 402 2988 seponitur:
417 2916 497 2972 habet
509 2923 537 2977 et
550 2931 613 2977 coro
626 2932 748 2973 secessus
766 2931 832 2974 suos
845 2917 871 2955 99
888 2914 932 2972 ine
987 2917 1070 2988 spites
1085 2916 1231 2981 vellerent;
1248 2914 1349 2969 idcirco
1370 2913 1428 2985 lero
1442 2927 1540 2969 omnes
1563 2921 1634 2969 retro
1648 2913 1786 2988 ambigni-

138 3004 226 3073 terim,
247 3006 275 3064 in
295 3005 383 3078 aquis,
403 3004 432 3062 in
453 3004 572 3079 ignibus,
593 3005 620 3060 in
643 3005 753 3071 ultibus,
775 3004 804 3060 in
823 3004 926 3062 bestiis.
943 3007 966 3085 (ξ
981 3016 1059 3089 gates,
1083 3013 1111 3063 et
1131 3020 1201 3076 quas
1213 3006 1307 3061 solunt
1326 3003 1480 3075 parabolas,
1502 3011 1594 3074 aperta
1611 3011 1694 3077 amm
1717 3021 1784 3077 μι-

132 3094 203 3153 Gom
223 3092 251 3153 iu
270 3097 328 3152 baec
346 3093 457 3152 dissolvi
470 3095 586 3162 videtur,
602 3095 676 3152 uelut
688 3093 790 3152 invasa
802 3094 936 3153 uanslnn
989 3096 1082 3167 opicus
1095 3092 1178 3154 totius
1192 3092 1350 3155 sacramenti
1366 3091 1556 3162 predicatione
1575 3092 1713 3163 discussit,
1733 3111 1784 3167 par

131 3184 220 3245 ditur.
239 3184 269 3243 Si
292 3184 374 3242 etiam
396 3183 456 3256 ipsa
477 3199 541 3242 vasa
562 3183 721 3253 defecerint,
736 3200 798 3242 cum
820 3184 855 3240 da
877 3184 931 3243 illis
982 3199 1082 3241 norum
1104 3182 1265 3252 prophetem
1290 3179 1324 3245 da
1352 3180 1488 3240 Psraclsto
1513 3179 1707 3254 inundantem
1736 3194 1796 3243 cu··

130 3289 240 3347 quoque
256 3272 401 3339 effluxerit,
417 3272 447 3328 in
471 3288 547 3328 susm
569 3271 708 3328 matricem
730 3280 830 3327 terram
852 3271 930 3346 quasi
980 3273 1026 3343 jus
1048 3269 1072 3327 si
1094 3270 1217 3329 bausens
1239 3269 1337 3340 lonas,
1356 3268 1457 3331 oollam
1482 3269 1584 3342 poteris
1605 3270 1682 3340 sitire
1712 3272 1785 3333 doe·

131 3380 181 3438 per
205 3364 334 3439 ambages
361 3360 449 3419 88ss
481 3362 648 3430 resorbetur,
664 3368 695 3419 ut
717 3377 814 3421 rursus
827 3377 861 3423 ex
883 3362 931 3421 ills
981 3360 1091 3429 trinam,
1115 3358 1205 3417 nullus
1229 3367 1255 3417 ta
1278 3359 1360 3419 ardor
1389 3366 1482 3419 exoret
1511 3358 1707 3431 questionum,
1738 3377 1785 3418 re-

131 3463 344 3525 repraesentetur
354 3453 378 3490 ⁹¹
393 3452 491 3523 Adam,
507 3452 679 3509 auditurusa
701 3450 838 3513 Domino:
859 3452 930 3516 Ecce
981 3449 1178 3511 surrectionem
1191 3463 1299 3522 quoque
1318 3447 1408 3512 carah
1431 3463 1631 3521 uuusquisque
1651 3450 1784 3521 scando,

131 3543 222 3601 Adam
244 3546 326 3619 quasi
342 3560 417 3601 onus
432 3558 469 3600 cac
488 3541 568 3601 uobis
587 3545 684 3614 socios
704 3544 848 3607 atavae
867 3550 931 3603 tutta
982 3537 1168 3611 refrigerabis.

821 3687 917 3754 Varias
939 3692 1098 3761 lectiones.

95 3833 102 3839 ’
162 3828 225 3884 “S
241 3827 348 3884 lritrbus
369 3829 449 3885 Pom.
475 3825 566 3884 Poris.
593 3827 679 3881 host.
697 3822 724 3865 99
737 3821 768 3876 ln
781 3822 892 3880 obcsta
920 3819 1006 3880 abac.
1031 3822 1117 3880 Semi.
1132 3819 1158 3860 ⁸⁵
1173 3817 1267 3875 Carnis
1289 3821 1373 3885 Pasas
1396 3822 1483 3877 Fron.
1505 3819 1532 3860 99
1545 3810 1672 3891 Ras‘urgit
1694 3821 1783 3878 &ab

127 3899 156 3940 ⁸⁷
181 3899 230 3958 Col
300 3915 334 3958 ea
354 3900 442 3956 alea.
466 3899 552 3958 Semi.
579 3896 767 3954 collactaneam
791 3895 871 3952 Pom.
895 3896 982 3952 Fron.
1005 3895 1096 3954 Poris·
1121 3892 1147 3931 ⁸⁸
1170 3891 1297 3964 Spiritum
1319 3894 1398 3955 obal
1419 3894 1499 3951 Pom.
1525 3908 1544 3949 a
1567 3892 1658 3951 Porio.
1694 3892 1781 3949 Fron.

127 3971 155 4010 99
176 3970 257 4028 Passa
284 3973 372 4029 Rhea.
398 3972 484 4030 Seml.
509 3970 536 4010 99
558 3969 628 4026 Suos
660 3966 736 4023 sinus
760 3967 840 4024 Pom.
864 3964 956 4025 Poris·
981 3967 1068 4028 Fron.
1091 3962 1115 4003 ⁹¹
1139 3964 1320 4023 Praesentctor
1347 3963 1436 4023 Rhea.
1467 3963 1554 4023 Semi.
1577 3963 1603 4003 ⁹²
1625 3960 1680 4021 lllis
1706 3961 1783 4022 obed

128 4043 215 4102 Semi.
241 4042 353 4101 oberth.
368 4039 393 4083 99
408 4041 541 4110 Necdum,
551 4041 640 4098 Poris.
658 4040 745 4096 Fron.

833 4160 1082 4228 Commentarius.

128 4298 240 4356 brorum
259 4298 369 4358 comites
387 4298 543 4358 bominibus
565 4296 671 4356 loturos
693 4295 827 4353 affirmant
849 4309 919 4350 ncn-
976 4299 1095 4348 actorem
1120 4297 1149 4347 et
1179 4288 1374 4363 adversarium,
1408 4294 1441 4346 ut
1469 4289 1541 4348 litem
1570 4295 1714 4359 componat
1750 4301 1782 4347 ac

127 4371 214 4444 nolli,
237 4379 269 4427 ut
291 4385 337 4427 ore
359 4369 392 4426 ad
416 4370 579 4427 laudandum
602 4371 705 4435 Deum,
725 4369 764 4423 nti
788 4364 921 4437 superiori
936 4324 960 4402 ss
976 4362 1119 4434 transigat.
1136 4364 1166 4445 ι.
1181 4362 1215 4419 ab
1230 4366 1351 4444 saecat„
1366 4376 1487 4444 quoram
1502 4364 1606 4445 appell.
1621 4360 1662 4415 ιιι
1677 4361 1733 4443 ιι.Ι

128 4442 215 4513 capite
229 4442 330 4513 notavi,
350 4449 378 4500 et
400 4443 514 4512 pedibus
536 4444 570 4496 ad
593 4441 738 4498 nectendas
756 4440 880 4507 choreas,
894 4444 921 4493 et
1009 4434 1067 4506 (cl)
1097 4433 1178 4503 Quad,
1204 4449 1315 4513 onemo,
1328 4433 1451 4513 'semdcs
1473 4432 1577 4490 coras?
1605 4432 1781 4515 dismanatas

128 4513 295 4572 castissimas
317 4513 545 4587 gravissimasque
568 4513 721 4570 saltationes
749 4511 777 4566 in
799 4509 920 4568 exsolta-
973 4505 1108 4579 praecipue
1137 4511 1165 4562 et
1182 4505 1403 4587 ¹llaleotrmanos
1433 4504 1578 4630 alloguitur
1612 4511 1703 4572 istinc,
1732 4520 1780 4576 qur

129 4584 210 4641 tionis
224 4585 247 4640 si
287 4584 480 4641 mnailirmant
493 4587 577 4655 Salas,
593 4594 662 4643 tom.
675 4584 697 4650 I,
712 4583 740 4639 in
755 4586 780 4651 l,
797 4584 826 4646 2,
840 4599 868 4653 q.
893 4581 922 4649 6,
973 4586 1028 4634 am
1042 4576 1115 4632 male
1127 4575 1292 4658 cogitabant,
1311 4583 1338 4631 et
1350 4580 1495 4658 pronuntia
1514 4582 1561 4657 aul
1580 4571 1613 4631 de
1636 4589 1728 4648 carne,
1750 4589 1781 4632 ac

127 4665 178 4711 art.
195 4658 225 4728 6,
260 4672 312 4728 rsp.
332 4658 358 4721 li,
375 4666 401 4713 et
414 4655 548 4729 AEgidius,
573 4657 676 4722 lib.1v,
692 4672 720 4727 q.
736 4657 779 4721 22,
796 4662 847 4709 art.
864 4654 922 4708 let
974 4649 1105 4705 alearum
1130 4663 1219 4704 aalma
1243 4645 1327 4702 livore
1349 4653 1376 4701 et
1403 4644 1503 4701 invidia
1522 4645 1592 4700 altus
1616 4642 1778 4703 afficeretur.

125 4728 151 4781 6.
167 4727 237 4784 Lac.
974 4720 1040 4775 lnde
1053 4720 1135 4774 etiam
1150 4718 1238 4774 addit:
1254 4718 1307 4775 Sed
1320 4717 1397 4774 nibil
1408 4717 1517 4773 mirum
1535 4718 1561 4773 si
1579 4716 1674 4781 odisti,
1696 4719 1779 4788 cajus

162 4797 221 4879 (66)
229 4800 387 4872 Resurgeti
404 4801 550 4858 ilorccro.
562 4800 614 4855 Per
628 4796 857 4869 anacephalaeosin
868 4793 923 4849 dis·
975 4796 1118 4849 suolmam
1130 4805 1250 4919 1guoque
1270 4789 1416 4871 respuisti.
1427 4786 1500 4856 Quia
1522 4789 1611 4844 Derim
1629 4795 1778 4844 cauctorem

125 4875 295 4940 putationem
319 4816 465 4939 conciudit,
487 4870 660 4943 tsasslplnsav
681 4870 789 4942 linquit,
814 4881 922 4924 carnem
975 4862 1117 4933 respuebat
1158 4875 1261 4928 arcton,
1275 4867 1304 4917 et
1318 4861 1381 4917 odio
1395 4859 1517 4917 babebat.
1533 4859 1601 4943 hac.

126 4941 160 4995 al'
203 4940 273 4997 ando
286 4951 511 5016 resurrecturam,
528 4954 582 5000 tam
597 4944 748 5005 beatorum,
775 4956 854 5015 quam
878 4953 922 4993 re·
1011 4933 1067 5006 (66)
1080 4934 1168 5016 Cujus
1181 4934 1486 5015 auctoremqocpoere
1507 4932 1599 5015 'orata
1610 4929 1779 5011 Deumcrea-

126 5027 175 5083 pro
196 5026 286 5080 orum,
310 5029 473 5089 carnemque
498 5015 631 5084 eamdem,
656 5028 711 5069 non
726 5008 806 5067 aliam
829 5025 922 5065 resur·
977 5013 1064 5061 torem
1079 5003 1240 5073 reprenebant
1254 5003 1418 5059 blarcronrtae
1438 5009 1465 5058 et
1506 5004 1523 5061 ri
1544 5013 1597 5060 tam
1612 4999 1689 5079 gnari
1703 4998 1776 5066 odio,

127 5093 270 5141 recturam.
286 5084 326 5139 La
340 5084 388 5140 Pn.
976 5084 1005 5131 ut
1029 5075 1135 5130 scibis
1162 5075 1296 5131 interdum
1322 5074 1489 5131 abstinerent
1520 5074 1550 5130 in
1572 5071 1776 5132 detestationem

160 5155 219 5227 (66)
235 5158 412 5228 sequestrem
427 5158 518 5214 Daiei
533 5156 693 5214 bominum.
708 5152 882 5233 Mediatorem
898 5155 925 5204 et
977 5162 1069 5203 rerum
1087 5146 1234 5203 creatoris.
1251 5147 1316 5202 bac.

126 5226 235 5301 μεσίτην,
248 5243 312 5284 nam
329 5236 470 5301 sequester
483 5229 589 5287 medius
610 5226 772 5285 constitutus
791 5229 833 5279 est
854 5228 925 5277 mter

790 5442 1105 5478 ...w-..-
