3840 6134
126 275 180 335 903
489 264 711 341 tantottlattl
730 265 863 332 ornabit
881 267 965 330 atus
983 264 1016 329 ll.
1037 298 1071 311 -
1090 264 1206 329 statas
1223 264 1245 338 l,
1265 265 1439 331 totthlch.
1647 300 1651 308 ,
1720 267 1775 328 bot

124 402 214 474 iungit
229 418 236 455 ε
252 400 501 466 fidentesactem,
517 403 546 456 et
560 397 663 456 donam
677 396 845 456 accennare
858 412 923 454 ma·
939 407 963 487 Ι
977 393 1071 466 gloria
1090 409 1157 463 sua,
1184 394 1213 450 in
1236 409 1354 466 persona
1375 393 1485 467 Christi,
1513 392 1579 451 dicit
1595 393 1698 451 habere
1724 408 1776 451 nos

126 486 924 564 papmeprtnartacorporaetimmorariadDominam.-
977 484 1134 540 thesanrum
1149 485 1230 539 istum
1244 482 1273 540 in
1294 485 1419 541 testaceis
1431 483 1512 552 rasis,
1527 482 1633 540 scilicet
1657 483 1684 538 in
1708 497 1773 538 car-

127 577 227 634 scilicat
252 585 283 633 nt
307 593 357 649 per
381 577 500 650 speciem
532 574 620 634 856
643 574 732 650 magis
756 573 924 643 incedamus,
976 588 1029 642 ne,·
1047 571 1247 644 utmmnequia
1261 579 1377 629 testacea
1390 579 1442 642 est,
1467 568 1617 629 secundum
1639 572 1774 647 originem

126 682 207 740 quam
225 682 277 739 per
291 666 391 736 fidem;
408 683 456 738 per
472 682 527 723 rem
552 667 652 737 potius,
668 679 751 737 quam
765 678 815 735 per
833 678 922 734 spem.
977 660 1005 716 in
1018 660 1045 699 66
1059 660 1135 732 limo,
1159 661 1329 729 destructum
1354 676 1388 716 an
1413 658 1497 719 857
1519 661 1582 732 quia
1606 660 1665 732 (97)
1688 659 1774 718 divini

129 755 209 812 Vides
231 771 313 827 quam
335 762 362 812 et
380 755 425 811 hic
451 754 475 815 a*
497 769 641 826 corporum
673 757 861 822 contemptum
888 750 923 806 ad
977 751 1095 806 thesauri
1127 749 1309 806 conditorium
1336 758 1386 818 est,
1416 749 1581 808 extolletur?
1609 748 1724 823 Atquin,
1752 749 1774 805 ai

126 844 317 916 martyriorum
352 843 537 916 praestantiam
573 844 695 900 referat.
723 841 811 897 Nema
847 841 920 897 enim
977 838 1070 896 lumen
1092 837 1182 910 ipsum
1204 837 1230 878 ⁶⁴
1253 837 1318 894 illud
1339 855 1446 910 verum,
1469 839 1543 913 qnod
1561 845 1588 895 et
1616 838 1645 896 in
1660 853 1776 910 persona

129 933 321 1008 peregrinatus
342 949 359 989 a
385 946 509 1004 corpore,
536 933 627 989 statim
656 930 814 986 immoratur
840 943 925 1001 penes
978 925 1087 995 Christi,
1102 928 1183 985 vitam
1198 927 1228 982 in
1240 941 1272 984 sa
1284 927 1417 996 continet,
1441 942 1525 1001 eaque
1544 926 1599 986 rita
1611 943 1676 984 cum
1692 927 1776 983 lumi-

127 1023 283 1088 Dominum‚
304 1021 357 1078 nisi
379 1037 412 1078 ex
435 1021 556 1093 martyrii
578 1019 773 1093 praerogativa3
799 1016 924 1090 paradiso
977 1031 1012 1072 ne
1027 1015 1206 1072 committitur
1222 1015 1252 1071 in
1270 1031 1399 1085 carnem;
1424 1018 1543 1089 peritura
1563 1024 1613 1084 est,
1640 1016 1668 1070 in
1694 1031 1775 1088 quam

129 1110 231 1168 scilicet
251 1108 284 1178 ⁶⁵,
314 1125 367 1167 non
395 1108 500 1177 inferia,
525 1110 688 1166 deversums
710 1102 744 1162 ⁶⁶.
764 1105 926 1163 Defecerant
977 1104 1032 1186 rita
1045 1105 1226 1162 committetur
1248 1104 1367 1173 il’lane,
1384 1105 1406 1160 si
1421 1106 1559 1178 periturus
1581 1113 1608 1162 et
1631 1106 1691 1178 ipsc
1714 1106 1777 1161 the-

129 1207 220 1256 autem
244 1198 375 1270 apostata
403 1200 485 1256 rerba
513 1199 571 1271 (93)
599 1197 633 1254 ad
660 1195 862 1269 significandum
891 1196 925 1251 de
978 1209 1074 1250 saurus
1097 1211 1105 1254 :
1130 1193 1256 1267 perituris
1284 1195 1357 1249 enim
1385 1195 1507 1267 peritura
1529 1194 1687 1264 creduntur,
1708 1193 1779 1252 sicut

129 1302 244 1358 corpore
258 1288 421 1344 excessum?
434 1288 478 1343 lln
492 1287 596 1343 ratione
609 1285 691 1342 etiarn
706 1300 774 1341 nove
788 1284 925 1356 loquitur?
977 1283 1114 1342 veteribus
1129 1283 1232 1339 utribus
1255 1297 1358 1340 norum
1380 1283 1484 1342 vinum.
1508 1283 1575 1340 Cum
1598 1284 1665 1340 item
1687 1284 1777 1353 snbji-

131 1377 319 1449 'l'emporalem
356 1378 429 1433 enim
455 1377 605 1432 absentiam
636 1392 653 1431 a
680 1389 795 1446 corpore
830 1373 925 1428 volens
978 1371 1158 1444 citzsempcr
1171 1372 1778 1444 mortificationemChristifesccircamse

131 1464 293 1536 significare,
322 1464 489 1538 peregrinari
517 1479 568 1521 nos
586 1464 619 1519 ab
639 1477 673 1519 ao
697 1461 773 1528 dixit,
798 1460 924 1534 quoniam
977 1464 1072 1519 rentes
1086 1462 1119 1518 in
1132 1477 1248 1534 corpore
1269 1465 1387 1532 nostro;
1403 1460 1489 1535 qualis
1503 1460 1555 1517 ista
1569 1477 1613 1518 res
1638 1468 1690 1532 est,
1715 1477 1777 1536 quae

131 1552 177 1627 qui
200 1553 398 1627 peregrinatur,
420 1553 501 1608 etiam
525 1557 672 1609 revertetur
697 1551 725 1606 in
748 1547 923 1605 domicilium.
980 1559 1042 1624 post
1056 1549 1105 1608 Dei
1120 1552 1338 1622 templum„jam
1353 1561 1380 1608 et
1394 1551 1551 1623 sepulcrum
1564 1551 1666 1609 Christi
1687 1558 1778 1623 potest

130 1641 235 1698 Exinde
248 1642 328 1697 etiam
342 1641 376 1697 ad
389 1656 501 1698 amnes:
515 1643 549 1697 Et
563 1640 625 1696 idea
635 1631 658 1678 ⁵³
672 1641 822 1710 pcatt'mas,
839 1636 927 1708 inquit
979 1639 1226 1696 diciiCnrautem
1251 1637 1487 1697 mortificationem
1501 1639 1610 1696 Domini
1633 1637 1777 1697 circumfe-

131 1731 167 1804 (ΙΙ
196 1733 257 1789 Cor.
271 1732 309 1803 v),
325 1733 382 1788 aue
406 1731 634 1805 perspriaaates,
649 1730 706 1786 siae
729 1729 925 1793 immorantes,
944 1696 967 1775 Β
981 1729 1065 1787 rimus
1077 1727 1105 1783 in
1119 1729 1259 1801 corporei
1276 1730 1320 1788 Uti
1334 1733 1362 1787 et
1376 1730 1436 1786 rita
1449 1728 1483 1800 ⁶⁵,
1495 1729 1590 1802 inquit,
1605 1730 1777 1802 manifeste·

131 1820 275 1891 placibiles
288 1820 344 1875 Dea
359 1834 416 1875 esse
430 1818 463 1870 ⁶⁶.
478 1818 578 1874 Omnes
592 1817 669 1873 enim
682 1815 866 1886 manifestari
877 1830 928 1873 aas
981 1821 1040 1877 tar.
1055 1815 1129 1873 Ubii
1143 1818 1177 1873 la
1191 1833 1306 1890 corpore
1318 1817 1353 1874 66.
1372 1818 1404 1873 ln
1417 1819 1496 1890 quoi
1511 1819 1544 1875 la
1557 1817 1687 1878 mortali.
1706 1816 1777 1890 Ergo

132 1909 243 1979 oportet
261 1921 312 1977 pra
327 1903 467 1961 tribunali
479 1897 504 1943 ⁵⁹
519 1902 625 1961 Christi
647 1903 724 1961 iesu.
739 1901 767 1957 Si
781 1915 886 1974 omnes,
902 1912 928 1959 et
955 1963 958 1966 A
979 1906 1009 1964 in
1027 1922 1106 1964 carne
1121 1905 1198 1977 plane
1211 1906 1319 1963 mortali
1338 1908 1486 1964 secundum
1500 1905 1619 1979 culpam,
1636 1904 1686 1963 sed
1700 1914 1728 1963 et
1740 1906 1780 1965 ri·

132 2001 226 2050 totos:
248 1993 271 2048 ai
286 2000 369 2064 totos,
384 1999 412 2047 et
436 1991 577 2049 interiores
595 1999 623 2049 et
646 1991 807 2060 exteriores,
826 1989 854 2045 id
876 1998 927 2062 est,
983 1997 1029 2052 tali
1051 1994 1200 2052 secundum
1215 1994 1341 2069 gratiam.
1366 1994 1436 2052 Vide
1455 2003 1604 2069 quantam:
1625 1996 1659 2055 tlt
1679 1996 1713 2052 in
1728 1994 1779 2052 iila

133 2093 187 2139 tam
201 2080 304 2135 animas
315 2095 397 2152 quara
408 2087 437 2137 et
450 2096 565 2154 carpam
580 2097 588 2136 s
608 2082 653 2140 Uti
666 2080 868 2153 ramosisque,
883 2080 928 2136 in·
980 2087 1042 2144 vita
1058 2085 1164 2141 Christi
1172 2086 1389 2156 manifestetur.
1398 2085 1428 2140 ln
1443 2099 1473 2141 re
1487 2099 1555 2153 erpo
1569 2083 1659 2142 aliena
1672 2083 1777 2149 salutis,

133 2170 201 2244 quit,
215 2173 341 2243 reportet
353 2169 412 2244 (st)
419 2186 471 2243 per
485 2165 586 2244 corpas
596 2168 750 2229 secandum
762 2185 826 2242 qcoe
834 2171 927 2240 pessit,
982 2173 1011 2229 in
1024 2173 1048 2213 66
1063 2173 1213 2230 substantia
1228 2183 1365 2246 perpetuae
1379 2173 1577 2245 dissolutionis,
1592 2173 1778 2232 manifestabi-

134 2261 237 2319 ianam
246 2276 295 2317 sea
309 2260 429 2317 maiam.
440 2261 497 2319 lloe
503 2263 560 2333 jam
573 2257 712 2333 quomodo
723 2259 809 2331 legas,
819 2272 927 2329 quaer03
983 2262 1093 2319 turvita
1106 2261 1207 2320 Christi
1230 2270 1340 2331 aetema,
1363 2263 1449 2338 jugis,
1474 2262 1640 2336 incorrupta,
1667 2266 1724 2336 jam
1753 2273 1779 2320 et

134 2347 210 2420 quasi
224 2347 249 2386 ⁶⁰
263 2348 368 2405 turbate
382 2349 452 2405 enim
464 2364 513 2421 per
522 2349 692 2421 hyperbaton
705 2347 803 2403 struxit
816 2345 837 2385 ⁶¹
852 2348 927 2418 (95);
982 2349 1033 2407 Dei
1046 2349 1123 2407 vitai
1140 2358 1185 2406 aut
1199 2351 1278 2422 cujus
1302 2351 1434 2423 temporis
1461 2349 1516 2408 vita
1535 2350 1643 2407 Domini
1665 2351 1779 2408 manife-

136 2443 262 2493 utrumne
273 2453 335 2510 quaa
349 2452 398 2508 per
416 2452 516 2509 corpus
529 2437 692 2510 reportanda
710 2444 799 2504 erunt,
819 2452 853 2491 an
869 2451 930 2508 quae
982 2438 1096 2495 stabitur
1118 2439 1146 2494 in
1166 2454 1281 2512 corpore
1298 2441 1416 2497 nostrai
1438 2438 1489 2497 llla
1513 2439 1624 2512 quidem
1649 2455 1734 2512 quam
1755 2441 1779 2481 ⁶⁶

135 2540 184 2596 per
196 2539 298 2596 carpus
310 2536 386 2600 gesta
394 2526 479 2582 sunti
493 2525 547 2582 Sed
561 2535 589 2583 et
602 2526 625 2580 si
641 2541 702 2598 quae
717 2539 767 2597 per
780 2539 878 2597 corpus
889 2540 931 2581 re·
980 2526 1051 2586 sinit
1072 2542 1160 2600 nsque
1181 2527 1210 2583 in
1232 2528 1404 2600 passionem;
1429 2545 1492 2603 quae
1519 2542 1573 2585 non
1592 2529 1674 2586 modo
1708 2528 1778 2603 apud

136 2614 267 2687 portanda
280 2621 353 2681 sunt,
368 2613 679 2686 corporalisiudubitate
693 2613 855 2673 resurrectio
870 2621 926 2670 est:
982 2616 1091 2673 ludaeos
1114 2615 1144 2670 in
1168 2616 1313 2676 manifesto
1336 2617 1398 2685 fnit,
1424 2634 1518 2674 rerum
1546 2616 1630 2674 etiam
1654 2619 1779 2676 omnibus

136 2707 164 2756 et
181 2701 204 2758 si
221 2717 283 2774 quae
298 2716 458 2773 percorpus
476 2710 553 2775 gesta
573 2713 644 2774 sunt,
660 2718 710 2775 per
723 2716 823 2774 corpus
836 2701 929 2775 utique
982 2720 1055 2762 nunc
1068 2703 1194 2777 gentibus
1209 2704 1317 2778 prodita
1330 2714 1383 2763 est.
1396 2708 1473 2764 Adeo
1487 2722 1548 2764 eam
1561 2705 1706 2780 significat,
1722 2723 1781 2782 qua

136 2790 273 2861 pensanda
295 2798 358 2846 snat
381 2789 448 2863 (96),
474 2805 524 2864 par
546 2791 620 2864 quod
642 2800 671 2848 et
693 2799 771 2865 gesta
792 2801 866 2847 sunt.
890 2792 930 2847 lta
986 2804 1078 2867 portas
1104 2793 1289 2852 adamantinas
1312 2794 1418 2867 mortis,
1434 2802 1461 2852 et
1475 2810 1564 2852 aeneas
1585 2812 1660 2854 aeras
1680 2796 1781 2856 infero·

135 2888 163 2936 et
177 2887 248 2936 totns
262 2879 306 2936 hic
320 2896 335 2934 a
351 2880 439 2951 capite
454 2887 582 2936 tractatus
595 2880 731 2952 hpastoli,
752 2879 798 2934 tali
812 2881 933 2936 clausula
988 2898 1049 2939 rum
1062 2880 1182 2953 infregit,
1203 2897 1266 2954 qua
1280 2881 1381 2939 exinde
1401 2885 1459 2955 jam
1473 2890 1564 2939 nostra
1578 2892 1629 2945 est.
1650 2886 1783 2959 Denique,

136 2967 211 3024 detes
218 2977 259 3024 tus
268 2983 323 3040 qna
333 2971 421 3024 earnis
431 2968 596 3025 resurrectio
609 2969 772 3035 ostenditur,
779 2969 930 3027 secundum
945 2978 968 3059 c
982 2969 1197 3027 manifestabitur
1218 2970 1246 3025 in
1269 2984 1395 3043 corpore.
1419 2969 1558 3039 Quandof
1573 2971 1637 3028 Post
1651 2984 1781 3031 mortem.

138 3058 196 3114 haec
210 3057 263 3115 erit
276 3057 467 3132 intelligendus
481 3074 543 3131 qum
557 3075 619 3117 cnm
637 3059 757 3118 clausula
771 3068 930 3117 consonant.
987 3057 1157 3129 Quomodo?
1186 3058 1254 3115 Dum
1279 3060 1449 3132 resurgimus
1472 3059 1498 3114 in
1523 3073 1649 3131 corpore,
1666 3060 1738 3118 sicut
1762 3071 1787 3119 et

309 3148 312 3152 ’
988 3148 1122 3206 Christus.
1134 3149 1175 3206 Ne
1194 3148 1266 3206 enim
1278 3149 1340 3221 quis
1362 3156 1576 3221 argumentetur,
1592 3163 1663 3204 nunc
1690 3148 1787 3206 habers

422 3200 535 3261 CAPUT
552 3201 648 3263 mv·
989 3238 1155 3295 manifestari
1172 3238 1253 3296 vitam
1268 3239 1331 3294 lesu
1345 3238 1374 3293 in
1388 3232 1501 3308 corpore
1517 3246 1611 3293 nostro
1628 3253 1679 3309 per
1702 3237 1786 3295 disci·

174 3324 203 3381 Si
235 3325 309 3381 enim
343 3323 433 3382 adhuc
461 3326 496 3383 od
524 3325 664 3397 superiora
691 3331 835 3397 respectes,
864 3325 936 3384 unde
990 3328 1089 3402 plicam
1107 3327 1267 3397 sanctitatis,
1294 3336 1320 3384 et
1344 3325 1490 3400 patientia,
1507 3333 1535 3382 et
1554 3325 1678 3400 justitiae,
1694 3334 1724 3385 et
1745 3344 1788 3385 sa·

141 3412 244 3472 mentio
259 3413 376 3473 hominis
388 3413 529 3471 exterioris
549 3422 575 3471 et
597 3411 734 3471 interioris
755 3413 864 3470 inducta
883 3423 934 3482 sat,
990 3418 1107 3491 pientia,
1122 3417 1222 3491 quibus
1240 3415 1349 3474 Domini
1362 3416 1417 3475 rita
1437 3416 1571 3488 floruerit,
1586 3416 1789 3489 providentissi-

141 3518 231 3560 nauae
244 3512 271 3560 et
283 3502 438 3577 dignitatem
452 3510 481 3560 et
500 3518 576 3574 spem
592 3502 683 3559 carnis
698 3502 834 3574 integram
857 3502 934 3562 inve·
989 3522 1034 3563 ma
1051 3507 1176 3579 hpaatoli
1191 3505 1303 3562 intentio
1317 3503 1435 3580 ingerit:
1457 3505 1488 3563 Si
1500 3507 1578 3563 enim
1592 3521 1644 3564 aas
1658 3508 1710 3579 pati
1723 3507 1788 3566 viai·

140 3593 224 3649 nies‘t
238 3594 309 3650 Dum
324 3593 349 3632 ⁶²
368 3592 441 3650 enim
453 3593 488 3648 da
503 3592 613 3660 lumine,
637 3592 710 3663 quod
725 3591 843 3649 illuxerit
863 3592 956 3652 Deus.
989 3611 1063 3662 mas,
1078 3597 1110 3652 t'n
1129 3599 1250 3653 martem
1266 3592 1411 3651 tradimur
1424 3597 1540 3668 propter
1555 3595 1661 3666 lesam,
1682 3597 1719 3652 ct
1731 3596 1788 3654 vita

141 3680 170 3738 in
196 3681 325 3740 cordibus
352 3680 461 3747 anans,
487 3680 521 3737 ad
544 3679 762 3738 illuminationem
791 3680 937 3755 agnitionis
990 3687 1053 3759 ejas
1065 3685 1270 3757 manifestetur
1282 3685 1315 3741 ia
1327 3698 1445 3756 corpore
1463 3687 1559 3743 nostro
1574 3684 1716 3758 mortali,·
1729 3685 1789 3743 ideo

839 3827 934 3896 Varia
953 3829 1108 3899 lectiones.

178 3937 204 3978 ⁶³
217 3935 344 3994 Dicentes
358 3934 447 3994 libert.
459 3936 544 3998 Semi.
564 3938 588 3979 66
602 3938 651 3998 llic
665 3945 693 3998 et
707 3941 785 3999 Pam.
801 3944 887 4003 Fran.
903 3945 929 3986 ⁵⁶
942 3945 1051 4006 Scilicet
1064 3943 1189 4017 paradiso
1207 3942 1296 4001 libert.
1313 3945 1398 4002 Semi.
1413 3944 1439 3984 ⁵⁶
1452 3945 1614 4003 Diversums
1635 3946 1702 4002 alii.
1719 3946 1743 3988 66
1757 3945 1791 4004 sst

143 4009 204 4065 ideo
218 4009 271 4067 dcl.
288 4007 375 4067 libert.
393 4010 477 4066 Semi.
494 4011 520 4050 ⁶⁶
544 4013 651 4068 Placere
666 4012 703 4067 illi
717 4016 784 4073 Par.
801 4017 887 4073 Fran.
903 4016 928 4057 ⁶⁹
941 4020 1011 4075 Ante
1022 4016 1138 4074 tribunal
1151 4019 1231 4073 Pam.
1242 4019 1329 4073 Fran.
1340 4017 1366 4055 ⁶⁰
1378 4015 1446 4085 Quae
1459 4017 1523 4074 add.
1539 4020 1625 4074 Fran.
1647 4018 1709 4090 liip.
1731 4021 1791 4076 Vert.

142 4081 167 4120 ⁶¹
178 4081 307 4139 lasuuxit
318 4080 407 4138 libem
419 4082 504 4139 Semi.
519 4082 544 4121 ⁶²
555 4085 623 4141 Cum
636 4086 723 4143 libera.
736 4087 821 4143 Semi.
830 4087 855 4126 ⁶³
866 4089 973 4148 Scilicet
986 4105 1020 4147 ex
1033 4092 1114 4147 Pam.
1129 4090 1216 4146 Fran.
1232 4088 1257 4126 66
1270 4087 1318 4143 Dei
1334 4087 1401 4144 add.
1415 4091 1496 4149 Pam.
1511 4091 1597 4145 Fran.
1613 4089 1639 4127 66
1653 4090 1720 4147 lesu
1729 4089 1790 4149 add.

143 4153 223 4211 Pam.
238 4154 324 4210 Frate
341 4151 367 4192 66
377 4153 478 4212 Nostra
496 4154 562 4216 aad.
577 4159 658 4217 Pam.
673 4159 759 4215 Fran.
776 4157 801 4197 ⁶²
815 4158 900 4217 Saluti
910 4162 999 4222 liber.
1020 4162 1105 4221 Semi.
1122 4160 1147 4200 66
1161 4158 1221 4230 Qua
1239 4158 1328 4220 ntea.
1345 4159 1431 4218 Semi.

843 4283 1093 4351 Commentarius.

180 4412 238 4485 (99)
252 4413 421 4486 Defecerant
433 4418 531 4472 aetem
546 4415 674 4489 apostolo
687 4416 781 4476 rerba.
793 4417 941 4477 Admonuit
956 4432 980 4512 ss
995 4435 1104 4494 cerpus,
1120 4432 1181 4475 cnm
1195 4416 1280 4475 verbo
1293 4423 1378 4493 pessit
1393 4424 1580 4477 connectatur.
1596 4418 1663 4476 Lac.

145 4484 364 4556 Theophylactns
390 4486 537 4559 prudenter
565 4488 660 4542 mortis
686 4496 713 4544 et
739 4489 802 4545 aitae
830 4490 941 4546 nomina
1030 4493 1088 4564 (76)
1104 4493 1159 4547 Per
1178 4505 1209 4547 co
1247 4505 1280 4547 es
1304 4493 1401 4564 atinae
1423 4491 1569 4565 pensanda
1583 4495 1664 4548 sant.
1680 4489 1790 4550 Lnendt

146 4556 261 4613 tacuisse
274 4556 448 4640 Apostolum,
460 4564 488 4614 et
501 4568 615 4614 mortem
637 4574 748 4616 vocasse
769 4561 941 4632 praesentiam
995 4577 1044 4620 seu
1055 4576 1215 4617 remuneras
1236 4577 1251 4617 a
1265 4569 1337 4616 sunt.
1353 4562 1538 4618 Theodoretns
1552 4562 1654 4619 similar
1668 4563 1788 4636 exponit.

145 4631 180 4683 ad
195 4628 349 4696 Dominum,
364 4631 422 4688 sive
440 4628 669 4702 immorationem,
684 4633 767 4688 vitam
789 4647 852 4691 uero
875 4648 941 4706 per·
995 4632 1127 4760 colligens
1141 4647 1204 4687 cnm
1218 4631 1382 4688 Tertulliano
1398 4632 1632 4692 resurrectionem.
1649 4634 1718 4691 Lac.

145 4699 343 4772 aprinationem
357 4710 384 4757 et
397 4700 556 4757 absentiam.
571 4700 638 4756 Lac.
1031 4704 1060 4775 (9
1078 4704 1200 4774 )Divint'
1216 4703 1341 4760 thesauri
1354 4704 1555 4762 conditorium.
1581 4705 1667 4762 Vocat
1684 4718 1790 4763 carnem

181 4769 239 4842 (st)
256 4773 301 4830 Uti
315 4773 519 4844 enusquisque,
531 4774 636 4845 inquit,
649 4777 783 4846 reportet.
796 4774 940 4848 volgatus,
995 4774 1176 4854 conditorium
1198 4773 1282 4829 divini
1304 4775 1433 4845 thesauri,
1449 4790 1504 4830 non
1519 4779 1577 4832 sine
1599 4776 1737 4833 allusione
1761 4772 1804 4834 ad'

145 4844 453 4914 ret'eraianaspaisqae
465 4845 585 4916 propria
603 4846 738 4917 corporis.
754 4847 942 4904 Diversitatem
997 4849 1064 4903 ritus
1079 4855 1216 4915 antiquos,
1230 4854 1258 4901 et
1276 4845 1413 4919 vulgatam
1437 4861 1591 4903 sermonem
1614 4848 1792 4921 philosopho·

145 4912 270 4968 lectionis
284 4915 372 4970 uniam
386 4920 490 4969 tantum
505 4913 600 4970 litterae
615 4918 738 4973 deiectus
751 4918 823 4975 fecit.
842 4919 891 4975 Vul
914 4933 943 4972 a·
996 4933 1066 4973 rum.
1097 4915 1235 4972 vocabant
1257 4915 1329 4971 enim
1360 4932 1469 4974 carnem
1501 4914 1679 4989 sepulcrum,
1709 4926 1741 4976 ut
1761 4933 1793 4975 ea

78 5020 81 5033 .
146 4989 191 5039 tas
218 4984 283 5057 legit
316 4980 379 5038 :lata
397 4989 453 5066 ,τοῦ
476 4987 612 5067 stipasse,
641 4999 669 5042 at
695 4935 943 5057 Tertullianuassid
996 4988 1175 5059 Platonejam
1200 4986 1273 5070 dedi,
1290 4999 1317 5044 et
1336 4991 1399 5071 ipse·
1419 4990 1600 5071 Tertullianus
1618 4991 1750 5071 capulum
1770 4997 1794 5045 et

146 5058 192 5108 aab
206 5054 330 5125 adpetes·
346 5062 373 5112 et
396 5071 423 5110 an
449 5056 554 5114 Gracia
576 5058 638 5115 cod.
663 5058 701 5114 ita
713 5059 825 5136 legitur,
846 5072 873 5120 et
896 5075 944 5115 se·
996 5061 1149 5132 sepulcrum
1163 5066 1288 5130 vocant;
1304 5061 1377 5143 atqui
1392 5075 1420 5115 m
1448 5061 1580 5132 sepulcris
1599 5060 1665 5117 olim
1685 5064 1794 5118 thesau-

146 5125 944 5263 tllthilhlhllfthif'tilttrltdit·
996 5133 1302 5275 thaliltlttlt
1326 5131 1687 5260 ltllctlhfihltl
1707 5133 1796 5261 tlt

147 5268 214 5324 lma.
290 5240 298 5268 ’
450 5217 470 5274 ⁸
620 5219 660 5276 Ῥ
853 5221 871 5278 p
996 5274 1042 5330 dat
1056 5273 1136 5329 simul
1149 5290 1213 5331 cum
1226 5245 1328 5330 anima.
1344 5275 1627 5332 Porroconditart'am
1642 5278 1796 5349 sepulcrum

183 5342 242 5412 (95)
269 5341 388 5402 Turbata
406 5345 483 5400 enim
494 5360 547 5418 per
562 5343 734 5417 hyperbaton
747 5347 867 5405 struxit.
888 5344 945 5418 lly-
997 5355 1049 5402 est.
1073 5346 1215 5403 Petronius
1242 5344 1341 5402 arbiter
1366 5363 1373 5402 :
1401 5367 1413 5399 a
1438 5345 1469 5401 ln
1504 5346 1687 5404 conditorium
1717 5347 1796 5407 etiast

148 5413 254 5484 perbati
269 5413 356 5488 figura
379 5416 566 5490 grammatica.
590 5429 653 5470 cum
667 5424 726 5473 nan
761 5417 844 5473 reasio
867 5415 943 5473 verbi
1016 5425 1141 5475 resecuta
1156 5426 1197 5475 eat
1219 5417 1387 5488 defunctum,
1401 5418 1575 5501 positumque
1599 5419 1627 5475 iu
1648 5419 1795 5496 hypogea.

148 5485 179 5540 tit
192 5485 269 5612 Ἓιιιί
283 5490 392 5570 turbata
405 5496 432 5546 st
443 5486 573 5569 impedita
586 5485 707 5542 aratiam
722 5503 729 5547 :
756 5487 854 5571 sagius
872 5488 945 5546 enim
996 5432 1095 5549 greco
1110 5505 1195 5560 more,
1210 5488 1344 5550 custodire
1358 5499 1450 5563 caepit.
1473 5510 1485 5542 ι
1502 5490 1567 5551 tac.

149 5570 197 5617 ver
218 5573 261 5614 um
284 5565 404 5631 positum
424 5556 487 5616 fastt
505 5555 685 5631 hyperbaton,
705 5565 736 5617 ut
754 5573 779 5617 st
804 5558 880 5629 ulad,
893 5576 945 5636 pet·
