3840 6134
126 319 178 385 517
735 314 799 375 tlh.
821 315 840 372 V
860 313 937 378 Aut.
959 313 1163 378 MARCIONEM.
1726 325 1780 389 518

126 453 198 505 totus
212 445 321 518 l⁰ergo
346 444 375 500 in
392 442 482 501 alieno
506 442 609 499 habitat
634 443 708 500 Deus
733 442 877 500 Marcionis
891 443 964 538 Ἢ
983 450 1113 503 nostrum
1136 445 1303 503 immolatus
1331 452 1373 506 est
1398 449 1537 508 Christus.
1565 450 1656 520 Quare
1679 458 1780 528 pascha

127 538 148 593 si
161 550 219 591 non
234 533 261 572 Ὦ
274 531 408 589 creatoris
423 548 517 588 sumus
531 532 671 603 templum.
700 531 779 602 Quod
802 532 826 588 si
853 539 924 590 tem·
981 533 1115 600 Christus,
1135 535 1227 592 sinon
1242 536 1341 606 pascha
1355 536 1442 610 Agarra
1457 539 1566 608 Christi,
1587 559 1637 614 per
1650 543 1778 601 similitu·

126 624 272 700 plumbei
285 623 347 696 quis
361 622 517 690 vitiaverit,
533 621 693 688 vitiabitur,
718 621 812 693 utique
837 622 925 677 allen
980 621 1072 679 dinem
1087 623 1227 697 sanguinis
1242 625 1376 693 salutaris,
1393 638 1420 683 et
1434 630 1540 699 pecoris
1563 630 1679 688 Christi?
1708 636 1779 704 Quid

127 713 229 784 templi.
246 713 367 770 Ultorem
380 713 526 783 intentans,
541 712 696 770 Creatorem
720 713 863 769 intentabit
889 714 925 768 7³.
981 709 1060 765 nohis
1086 721 1113 768 et
1139 712 1248 770 Christo
1276 714 1409 786 imagines
1444 716 1532 773 induit
1555 719 1580 756 ⁸⁰
1617 720 1779 779 solemnium

98 844 101 850 -
128 801 925 876 Staltiestotcutsitissapientcs.Quare‘lSapientiaenim
981 799 1121 866 Creatoris,
1146 801 1169 854 si
1193 818 1247 858 non
1271 815 1347 861 erant
1370 808 1495 860 nostra?
1523 807 1656 866 Avertens
1684 816 1779 870 autem

127 890 326 964 hujusmundi
339 891 468 947 stultitia
483 894 527 949 est
539 907 626 964 penes
636 895 731 949 licum.
750 892 834 947 Penes
845 908 926 962 quem
980 905 1030 945 uos
1045 907 1063 945 a
1076 892 1276 960 fornicatione,
1306 892 1460 951 manifestat
1485 896 1574 952 carnis
1600 901 1779 958 resurrectio·

127 981 237 1037 Deum?
257 979 284 1038 Si
299 979 367 1035 nihil
380 978 459 1036 nobis
473 986 500 1035 et
522 980 611 1037 adhuc
627 996 754 1036 sensuum
769 980 794 1018 lt
815 980 926 1052 pristina
979 992 1052 1033 nem.
1069 979 1185 1053 Corpus,
1201 979 1295 1052 inquit,
1312 999 1369 1040 asca
1384 985 1584 1055 fornicationi,
1596 987 1643 1044 sed
1653 991 1778 1056 Dosrsinc,

127 1071 382 1143 praejudicaverunt,
393 1070 463 1125 bene
483 1070 558 1140 quod
577 1076 604 1124 et
627 1070 671 1124 hic
685 1069 820 1126 adstruit:
848 1070 925 1126 Scri·
980 1069 1157 1124 ethomiaas
1185 1072 1312 1142 carpam
1341 1078 1371 1126 ut
1402 1072 1532 1143 templum
1560 1074 1628 1140 Deo,
1659 1082 1686 1132 et
1709 1079 1780 1135 Deus

125 1164 208 1234 ptum
218 1165 261 1216 est
271 1157 740 1232 enim:1tepreheadcnssapicntes
755 1160 787 1214 in
797 1160 926 1231 aequitio
980 1157 1091 1226 templo.
1108 1157 1248 1228 Templum
1269 1174 1335 1230 ergo
1355 1161 1412 1217 [leo
1432 1163 1541 1235 peribit,
1562 1173 1589 1219 et
1615 1166 1689 1222 Dens
1709 1175 1780 1223 tem·

129 1247 295 1306 illorumlit
305 1247 927 1320 rursus:Dmaiausscitcogitationessapien-
979 1245 1035 1316 plo.
1052 1245 1153 1316 Atquin
1168 1246 1256 1313 uides,
1280 1248 1332 1316 Qui
1354 1252 1507 1307 Dominum
1520 1254 1673 1312 suscitavit
1687 1261 1715 1313 ct
1729 1275 1780 1315 nos

130 1338 211 1402 tinem
227 1336 304 1407 quod
326 1334 580 1407 siutsuperuacuae.
599 1334 629 1390 ln
654 1341 738 1391 totum
759 1335 830 1391 enim
856 1352 926 1407 prae·
980 1333 1140 1400 suscitabit,
1176 1333 1205 1389 in
1242 1350 1357 1408 corpore
1383 1354 1491 1410 quoque
1526 1341 1680 1409 suscitabit;
1716 1346 1781 1416 quia
1829 1339 1833 1347 '

128 1423 258 1496 scriptum
272 1439 289 1478 a
302 1423 382 1480 nobis
394 1423 455 1493 erit,
471 1422 544 1479 nulla
564 1423 637 1478 illum
659 1424 793 1480 sententia
811 1424 850 1481 uti
872 1440 924 1495 po·
979 1435 1078 1492 corpus
1092 1421 1218 1488 Domino,
1239 1431 1265 1478 et
1287 1424 1418 1480 Dominus
1431 1427 1550 1497 corpori.
1575 1426 1608 1483 Er
1621 1430 1690 1486 hane
1709 1434 1779 1504 quod

130 1514 286 1584 tuisseey'us
308 1511 371 1578 Dei,
398 1527 477 1584 quem
506 1512 646 1571 destruere
672 1513 793 1582 deberet,
824 1512 847 1568 si
871 1528 926 1570 nou
979 1511 1239 1582 aggerattllcscitis
1252 1514 1610 1585 corporaoestramcmhra
1624 1535 1682 1576 csse
1699 1521 1780 1578 Chri-

128 1600 925 1674 illidoceret.lirgo,inquit,nemcptorteturiahomiae.
978 1597 1043 1657 sti?
1066 1597 1136 1667 Quid
1165 1599 1237 1656 dicet
1260 1602 1427 1659 haereticus?
1456 1604 1577 1660 llembra
1599 1606 1699 1664 Christi
1724 1626 1779 1667 nou

129 1692 159 1750 lit
170 1690 528 1749 hocsecundumCreatoris
542 1689 712 1761 disciplinam
724 1691 837 1760 (terem.
853 1707 925 1758 xvir,
980 1695 1134 1762 resurgent,
1145 1705 1207 1762 quse
1217 1696 1311 1757 nostra
1326 1691 1384 1760 jam
1402 1707 1456 1748 non
1471 1694 1555 1748 santi
1579 1697 1675 1768 Empti
1702 1703 1779 1757 caim

131 1780 304 1854 dimiseram
313 1778 929 1851 bominem,quiepembabetialromiaem;et
981 1795 1081 1837 samus
1092 1779 1186 1853 pretio
1197 1778 1221 1816 ⁸¹
1235 1793 1338 1850 maqao
1354 1778 1420 1851 (id).
1438 1781 1517 1836 Plane
1542 1783 1627 1849 nullo,
1652 1788 1675 1841 si
1691 1787 1779 1856 phan-

135 1870 223 1942 ll’sal.
233 1870 328 1941 caari),
340 1871 449 1926 Bonum
462 1873 503 1927 est
516 1867 603 1939 fidere
618 1870 649 1926 iu
663 1869 729 1936 Deo,
744 1885 829 1943 quam
842 1869 929 1940 fidere
983 1876 1067 1926 tasma
1090 1866 1139 1925 tuit
1158 1867 1292 1936 Christus,
1313 1884 1364 1925 aec
1378 1868 1470 1925 habuit
1492 1868 1574 1925 ullam
1602 1872 1779 1932 substantiam

138 1961 168 2016 ia
180 1958 372 2020 nominebus
385 1966 413 2016 et
426 1956 536 2032 gloriari
551 1958 578 2029 (l
587 1958 649 2017 Cor.
664 1972 704 2027 uu,
726 1960 767 2030 a).
981 1956 1114 2031 corporis,
1128 1973 1209 2030 quam
1230 1971 1281 2030 pro
1303 1956 1404 2015 nostris
1425 1958 1584 2032 corporibus
1603 1960 1779 2034 dependeret.

981 2047 1052 2120 Ergo
1065 2047 1091 2085 ⁸²
1103 2045 1227 2104 Christus
1250 2045 1409 2120 habuitque
1431 2062 1482 2105 nos
1505 2049 1673 2109 redimeret:
1703 2060 1730 2110 et
1757 2053 1780 2109 si

433 2101 547 2159 CAPUT
567 2102 626 2158 vn·
979 2136 1070 2209 aliquo
1085 2150 1183 2210 magno
1201 2136 1314 2194 redemit
1336 2137 1396 2194 haec
1418 2140 1661 2213 corporaleque
1686 2143 1780 2200 eadem

163 2226 320 2285 Etoceutta
334 2228 516 2285 machaerum
535 2228 595 2300 ipse
615 2226 805 2294 illuminabit,
834 2228 926 2300 utiquo
980 2226 1171 2282 committenda
1185 2226 1211 2265 ⁸³
1236 2224 1378 2285 fornicatio
1397 2242 1451 2284 non
1472 2227 1533 2296 erit,
1556 2236 1586 2284 ut
1615 2229 1642 2286 io
1658 2233 1779 2288 membra

133 2331 175 2388 per
189 2317 340 2385 Christum,
360 2316 406 2389 qul
420 2315 605 2389 ‚christusne
632 2316 854 2374 illuminationem
883 2335 927 2374 re-
979 2313 1158 2386 jam-Christi,
1173 2330 1228 2371 nou
1243 2323 1334 2372 nostra
1351 2333 1357 2370 :
1373 2315 1465 2389 utiquo
1488 2317 1540 2373 sibi
1562 2318 1635 2377 salva
1660 2331 1776 2390 praesta·

133 2404 253 2479 promisit
280 2407 433 2477 (leuatur,
453 2407 497 2477 6);
522 2421 674 2480 aequoque
702 2408 839 2463 lucernam
863 2425 927 2481 pro·
979 2405 1028 2471 bit,
1044 2420 1104 2477 quae
1126 2419 1225 2477 magno
1252 2405 1427 2478 comparavit.
1456 2406 1514 2462 lam
1543 2423 1616 2464 nunc
1641 2414 1779 2482 quomodo

132 2494 271 2562 insuevit,
283 2499 465 2554 scrutantem
478 2495 562 2554 corda
571 2500 600 2553 et
612 2511 693 2554 renes
706 2497 791 2568 (Psal.
807 2513 856 2564 aar,
870 2502 925 2573 tu).
980 2493 1196 2552 hononbimusr
1217 2495 1352 2568 quomodo
1368 2495 1492 2551 tollemus
1511 2496 1599 2551 Deum
1613 2496 1641 2552 iu
1662 2513 1780 2571 corpore

134 2581 229 2640 Absslo
246 2584 300 2641 erit
316 2590 343 2640 ot
361 2584 420 2640 lans
434 2583 588 2656 unicuique,
608 2599 623 2638 a
642 2598 697 2658 quo
717 2592 744 2641 et
764 2587 926 2647 contrarium
980 2584 1126 2655 perituro?
1140 2583 1268 2655 Sequitur
1289 2583 1324 2642 de
1347 2583 1452 2656 nuptiis
1465 2586 1605 2658 congredi,
1620 2602 1689 2660 quas
1706 2591 1780 2646 llar-

103 2729 105 2738 ,
134 2669 213 2727 laudis
226 2678 259 2728 ut
270 2671 400 2742 ajudice.
418 2672 506 2738 Certe,
521 2671 611 2744 inquis
621 2672 656 2742 li,
679 2672 721 2729 rel
734 2673 779 2731 hic
796 2676 927 2732 mundum
980 2671 1040 2730 cion
1052 2673 1218 2730 constantior
1232 2672 1365 2743 Apostolo
1379 2672 1517 2743 prohibet.
1531 2674 1638 2730 Etenim
1666 2686 1780 2748 aposto·

134 2758 214 2817 lleum
233 2760 331 2816 mnndi
343 2760 546 2834 interpretatur,
562 2761 678 2819 dicendo
695 2780 702 2817 :
727 2764 927 2836 Spectaculum
979 2760 1032 2830 lus,
1047 2768 1072 2816 et
1085 2762 1107 2817 si
1121 2761 1224 2818 bonum
1239 2762 1560 2833 contiueatioeproesert,
1577 2769 1780 2839 tamencony'u·

134 2853 305 2922 taetisumus
314 2844 589 2923 mundoetanpelis,
601 2856 630 2908 ct
644 2850 813 2909 hominibus.
824 2851 893 2922 Quia
903 2856 929 2894 7³
980 2851 1060 2921 pium
1071 2854 1097 2907 et
1107 2851 1240 2908 contrabi
1252 2852 1406 2922 permittit,
1427 2855 1455 2906 et
1482 2853 1549 2908 usui
1566 2868 1637 2921 esse,
1652 2857 1779 2927 etmupis

135 2939 313 2996 Amandum
354 2938 476 2995 homines
512 2939 607 2994 muudi
647 2939 840 3014 significasset,
874 2959 929 2999 nou
982 2939 1201 3011 retineriquam
1215 2939 1342 3012 disjungi
1356 2940 1466 2997 suadet.
1482 2941 1563 2998 Plane
1573 2941 1696 3000 Christus
1709 2952 1779 3001 vetat

134 3027 206 3084 etiam
230 3029 356 3086 homiues
370 3029 539 3099 postmodum
559 3027 735 3085 nominasset.
754 3029 812 3086 lmo
827 3047 862 3088 ne
890 3032 929 3090 ita
944 3064 965 3144 c
982 3027 1093 3099 (batth.
1110 3032 1167 3084 vet
1179 3026 1242 3098 arx)
1260 3027 1417 3095 divortium,
1433 3030 1540 3101 Moyses
1554 3047 1619 3087 vero
1636 3033 1777 3105 permittit.

134 3119 363 3192 argumentareris,
385 3117 554 3192 providentia
580 3115 700 3188 Spiritus
714 3119 798 3175 sancti
813 3119 925 3178 demon·
979 3118 1079 3175 hlarcio
1093 3125 1176 3173 totum
1196 3116 1367 3173 concubitum
1391 3116 1517 3174 auferens
1541 3120 1667 3178 fidelibus
1693 3123 1780 3190 (vide-

133 3208 220 3264 strasit
239 3206 369 3278 quidnam
383 3207 408 3245 7⁹
422 3205 541 3274 dixisset,
559 3207 756 3280 Spectaculum
778 3211 852 3280 sacti
874 3227 924 3267 su·
979 3207 1032 3263 rint
1045 3207 1117 3261 enim
1132 3205 1319 3263 catechumeni
1335 3205 1407 3277 ejus)
1421 3207 1565 3278 repudium
1576 3218 1638 3264 aute
1653 3213 1778 3281 nuptas8⁴

134 3296 522 3371 aesmund05dumangelis
546 3296 594 3368 qui
612 3299 742 3353 mundum
764 3300 924 3369 ministrant,
977 3295 1181 3369 jubens,cujus
1204 3295 1365 3351 sententiam
1394 3295 1525 3366 sequitur,
1547 3297 1634 3368 Moysi
1653 3298 1779 3353 aaChri·

134 3390 157 3440 et
174 3385 333 3443 hominibus
352 3384 451 3458 quibus
479 3385 641 3445 ministrant.
666 3387 815 3445 Verebatur
841 3389 925 3445 nimi·
979 3385 1036 3443 stit
1054 3384 1156 3455 Atquin
1170 3391 1198 3440 et
1221 3383 1321 3441 Christi
1348 3382 1496 3456 Apostolus
1510 3385 1545 3451 ⁸⁵,
1573 3401 1634 3441 cum
1658 3386 1779 3457 praecipit

134 3489 185 3532 rum
199 3483 282 3531 tantae
296 3474 454 3532 constantiae
467 3474 519 3546 vir,
548 3491 583 3532 ne
608 3475 697 3531 dicam
720 3475 837 3549 Spiritus
860 3494 926 3534 san·
978 3475 1130 3534 mutierem
1143 3491 1161 3530 a
1176 3477 1237 3531 uiro
1254 3488 1313 3531 aon
1327 3473 1476 3539 discedere,
1489 3478 1541 3530 aut
1567 3477 1591 3530 si
1605 3474 1777 3541 discesserit,

133 3570 191 3632 ana,
201 3565 356 3638 praesertim
370 3563 404 3619 ad
422 3563 492 3620 hlios
506 3564 637 3634 scribens,
663 3580 734 3638 quos
751 3566 780 3622 in
798 3567 925 3640 Evange·
979 3581 1096 3622 manere
1110 3566 1275 3637 innuptam,
1290 3567 1342 3620 aut
1364 3563 1548 3620 recoosciliari
1563 3564 1637 3632 oiro;
1653 3573 1680 3620 et
1693 3579 1778 3637 repu-

134 3651 364 3727 degeneraverat,
380 3653 566 3711 liberehenm
593 3654 686 3710 muudi
705 3655 856 3728 nominare,
880 3659 926 3713 ad·
978 3653 1052 3709 dium
1064 3652 1193 3726 permisit,
1208 3652 1283 3726 qnod
1296 3667 1351 3708 uon
1375 3651 1403 3706 in
1420 3660 1504 3709 totum
1520 3649 1602 3708 481
1628 3653 1777 3724 prohibuit,

135 3757 220 3801 semus
233 3761 326 3817 qnam,
342 3744 396 3800 nisi
410 3752 528 3811 exserte,
544 3760 599 3801 uon
612 3754 704 3818 posset
718 3744 805 3804 videri
821 3747 924 3818 praedi-
979 3749 1006 3799 et
1029 3741 1231 3798 matrimonium
1265 3738 1445 3805 confirmavit,
1470 3739 1545 3813 quod
1580 3740 1667 3811 primo
1693 3741 1779 3797 vetuit

136 3845 199 3889 aare.
215 3834 278 3891 Non
293 3832 409 3890 delendo
424 3832 573 3890 secundum
593 3832 682 3908 legem
711 3834 845 3891 Creatoris
865 3836 925 3892 dis·
979 3831 1110 3905 disjungi,
1128 3838 1156 3889 et
1175 3830 1198 3885 si
1220 3829 1291 3886 forte
1310 3830 1484 3898 disjunctum,
1514 3828 1599 3888 voluit
1623 3828 1776 3886 reformari.

138 3918 256 3988 elicuisse
269 3920 357 3978 asts
375 3922 464 3992 illum,
475 3923 525 3996 qui
538 3921 792 3995 muliercmpatris
810 3924 858 3980 sui
875 3926 926 3983 tru-
979 3921 1031 3977 Sed
1046 3931 1073 3977 et
1088 3919 1261 3976 continentia
1272 3936 1338 3992 quas
1351 3919 1389 3974 ait
1402 3934 1496 3975 causas
1507 3919 1521 3974 i
1534 3920 1605 3989 Quia
1620 3923 1731 3992 tempus
1746 3921 1778 3974 in

139 4008 202 4076 buit,
220 4012 371 4069 eommunis
394 4021 420 4068 et
441 4011 557 4083 publicae
584 4009 727 4085 religionis
754 4021 866 4070 secutus
892 4015 927 4071 sit
980 4011 1095 4070 collecto
1106 4015 1158 4067 est.
1173 4011 1343 4078 Putareram,
1357 4016 1421 4081 quia
1435 4010 1508 4066 Dens
1522 4011 1591 4065 alius
1605 4008 1634 4064 iu
1650 4009 1777 4077 Christ03

138 4095 305 4172 disciplinam.
322 4100 375 4158 Sed
399 4116 462 4157 cum
483 4116 543 4157 eum
562 4098 683 4157 mutuae
701 4101 858 4159 acimum
878 4105 926 4164 Sa·
980 4108 1109 4156 ettamen
1123 4113 1207 4171 aquo
1221 4098 1394 4156 estaollectio
1414 4097 1554 4171 temporis,
1568 4098 1603 4154 ah
1626 4114 1659 4154 eo
1682 4099 1734 4156 erit
1752 4108 1780 4156 et

140 4188 212 4258 tona,
232 4189 398 4246 damnatoris
419 4189 472 4246 Dei
491 4196 643 4261 praecoest.
670 4190 774 4247 Viderit
799 4201 827 4249 et
853 4206 925 4263 qno·
979 4188 1052 4263 quod
1079 4187 1232 4244 collectioni
1257 4187 1390 4258 temporis
1416 4187 1552 4263 congruit.
1578 4189 1665 4244 Nemo
1689 4187 1779 4243 alieno

121 4277 208 4349 ,nodo
221 4276 320 4335 dixerit
334 4279 684 4345 tatatemtummmtsmt
698 4279 819 4352 spiritus
829 4281 925 4338 saluus
979 4275 1097 4349 tempori
1119 4275 1243 4332 consulit.
1268 4274 1398 4331 Pusillum
1426 4275 1512 4330 Deum
1535 4273 1661 4331 adfirmas
1690 4285 1777 4346 tuum,

141 4364 210 4422 aliu
222 4367 267 4426 dic
280 4368 403 4435 Domini,
419 4368 483 4424 dum
497 4377 524 4424 et
543 4367 577 4424 de
593 4367 682 4424 carnis
705 4366 825 4437 interitu,
843 4375 871 4425 et
892 4369 926 4426 de
943 4350 1109 4435 Bilarcion,
1123 4379 1202 4436 quem
1217 4363 1245 4418 in
1265 4362 1359 4435 aliquo
1379 4370 1537 4437 coangustat
1563 4370 1671 4434 tempus
1697 4364 1778 4421 Crea-

142 4453 337 4528 salutespiritus
348 4457 493 4527 iudicarim
512 4463 539 4513 et
558 4458 670 4529 auferri
687 4456 790 4529 jubeas
817 4459 927 4518 matum
983 4457 1059 4515 toris.
1075 4455 1155 4512 Certe
1172 4451 1363 4526 prescribens,
1383 4453 1556 4510 lautomia
1579 4454 1696 4512 Domino
1720 4470 1778 4513 esse

142 4539 167 4597 de
196 4547 297 4613 medio,
330 4547 465 4604 creatoris
488 4546 732 4619 frequentissimam
768 4548 927 4605 mamutium
981 4543 1164 4612 audendum
1183 4559 1217 4599 ne
1236 4541 1283 4615 qui
1304 4539 1393 4597 fidelis
1420 4539 1560 4597 ethnicum
1578 4542 1779 4599 matrimonium

142 4634 387 4693 commemoraverit.
403 4638 567 4708 Expurgate
589 4640 669 4692 octus
681 4638 869 4708 sarmentum,
891 4641 925 4695 ut
979 4636 1127 4702 contrahat,
1168 4634 1256 4709 legem
1280 4640 1370 4689 tuetur
1396 4631 1543 4702 Creatoris,
1579 4631 1779 4703 allophylorum

141 4721 192 4778 aitis
205 4740 276 4781 noua
295 4727 450 4797 conspersio
462 4727 537 4782 sicut
549 4727 618 4783 estis
627 4729 730 4800 azymi.
747 4726 821 4799 Ergo
835 4726 924 4800 azymi
979 4725 1087 4798 nuptias
1107 4725 1208 4800 ubique
1222 4723 1402 4796 prohibentis.
1424 4724 1487 4791 Sed,
1507 4723 1652 4791 elstanni,
1669 4724 1717 4797 qui
1731 4722 1778 4778 di-

140 4804 222 4881 iyura
244 4821 320 4870 erant
334 4822 433 4871 uostrae
447 4815 519 4886 apud
532 4814 697 4872 Creatorem.
714 4816 760 4873 Sic
781 4827 807 4875 et
820 4816 925 4892 pascha
979 4821 1085 4874 cautor
1099 4815 1158 4882 aa,
1169 4815 1226 4874 siae
1236 4815 1268 4871 ia
1278 4815 1430 4884 catanam
1440 4814 1471 4870 in
1481 4812 1581 4881 terrim
1591 4817 1702 4884 apparet
1711 4825 1779 4884 quo·

808 4917 906 4980 Variae
939 4915 1096 4981 lectiones.

166 5013 189 5054 ⁷⁰
198 5017 272 5073 Tuus
280 5018 347 5075 Par.
363 5019 451 5075 Fran.
465 5016 489 5057 Ἡ
504 5016 625 5074 Marcion
640 5020 707 5076 Pur.
723 5023 809 5078 Fran.
825 5021 850 5060 Ὦ
864 5021 920 5078 Nos
933 5021 1022 5080 liban.
1035 5021 1120 5078 Semi.
1139 5019 1248 5078 Obertts.
1265 5017 1292 5090 7⁸,
1308 5016 1551 5076 luteutahisithen.
1568 5017 1651 5076 Semi.
1666 5014 1777 5078 Obertlt.

136 5082 155 5123 Ἃ
167 5088 209 5142 Ad
228 5090 299 5146 hunc
313 5105 420 5145 sensum
436 5091 503 5146 Por.
519 5094 604 5148 thau.
620 5091 645 5128 7⁵
660 5091 818 5149 Hominibus
834 5093 922 5151 llttea.
949 5092 1035 5152 Semi.
1062 5092 1173 5150 Obcrttt.
1191 5093 1216 5130 7⁶
1230 5092 1352 5147 Chrtstus
1371 5093 1464 5149 Venet.
1481 5091 1580 5147 Christi
1594 5092 1655 5150 cod.
1676 5095 1776 5151 Wouro.

135 5155 155 5196 ‘¹²
162 5159 251 5233 lnquit
271 5161 311 5218 at.
327 5162 352 5200 ⁷³
365 5158 419 5228 Qui
437 5163 517 5217 Pom.
533 5162 558 5200 ⁷⁹
572 5162 715 5231 Quomodo
743 5163 833 5222 Rhea.
846 5167 931 5223 Seml.
951 5164 1063 5223 (iberti.
1076 5164 1100 5202 ⁸⁰
1115 5163 1215 5218 imbuit
1229 5163 1315 5220 Rhea.
1334 5164 1426 5220 l'enet.
1441 5162 1466 5199 ⁸¹
1479 5161 1674 5220 Pretioomitt.
1691 5168 1775 5222 lllreu.

134 5230 212 5287 Semi.
229 5233 341 5290 Oberttt.
356 5233 381 5271 ⁸²
395 5233 430 5288 Et
443 5233 507 5288 odd.
524 5233 611 5291 Rhea.
628 5235 712 5291 Semi.
733 5235 843 5295 Oderit.
859 5237 887 5280 ³³
903 5237 1077 5294 Admittenda
1108 5235 1235 5294 Ciaccon.
1256 5234 1281 5274 θ’*
1303 5236 1417 5307 Nuptias
1440 5235 1528 5292 lthea.
1549 5235 1633 5294 Semi.
1667 5236 1776 5292 Oberttr.

132 5305 219 5374 nuptis
233 5307 304 5364 tua.
314 5306 339 5344 ⁸⁵
353 5305 452 5362 Christi
467 5305 635 5365 litlanton.
651 5307 736 5364 Semi.
750 5307 860 5366 oberth.

825 5380 1071 5448 Commentarius.

159 5483 218 5556 (2⁰)
236 5485 333 5558 Empti
346 5485 535 5544 enimsamus
550 5487 641 5559 pretio
656 5478 924 5559 maenalltprobet
979 5490 1137 5561 phantasma
1158 5493 1261 5544 tantum
1290 5485 1359 5558 iuit3
1387 5500 1499 5559 magno,
1528 5484 1552 5541 si
1582 5480 1691 5560 ipsein
1714 5491 1776 5542 cor·

128 5553 267 5637 lercium.
288 5572 379 5615 ueram
410 5574 517 5615 carnem
555 5559 675 5615 induisse
713 5560 860 5628 Christum,
886 5561 925 5618 sit
978 5575 1045 5633 pore
1058 5576 1109 5620 sao
1122 5560 1221 5617 delicta
1235 5568 1328 5619 nosue
1348 5559 1474 5632 portauit.
1493 5558 1534 5615 ta
1547 5556 1598 5615 Pu.

127 5642 174 5686 nos
198 5638 289 5699 pretio
313 5644 412 5703 magno
426 5638 472 5690 aut
496 5629 572 5688 nullo
597 5629 771 5704 redemptam
795 5630 879 5701 nullo,
900 5632 924 5690 si
