3840 6134
626 301 795 365 heleuolx
816 305 863 367 ill.
882 339 920 352 -
936 309 1138 375 FRAGMENTA
1156 313 1277 383 uilem
1358 312 1366 333 ‘

130 420 1778 481 -ξ--ᾑ-ᾕ-ᾕ-ᾕ-ῄ-ᾑ--Ἤ

610 586 968 709 APPENDIX
1015 596 1293 719 TERTIA.

285 932 611 1032 GRAECORUN
647 941 872 1039 OPERUN
901 952 1235 1049 FRAGMENTA
1269 959 1339 1050 ET
1375 959 1621 1056 NOTULAE

550 1130 631 1197 unii
649 1133 989 1210 honorarionioos
1004 1144 1134 1213 iacobi
1154 1148 1327 1214 reuniri.

239 1421 494 1491 APOLOGETICI
509 1425 714 1495 ADVERSUS
729 1430 878 1498 GENTES
898 1436 978 1503 PRO
990 1434 1237 1512 CHRISTIANIS
1251 1447 1399 1534 GRAECI,
1414 1450 1671 1537 interibilis,

573 1581 609 1623 eii
621 1567 738 1627 Eusebio
752 1568 923 1647 Cesaricosi,
942 1592 1005 1636 cum
1024 1581 1196 1641 translatione
1216 1585 1323 1657 triplici.

528 1878 781 1931 PRAEFATIUNCULA
800 1885 832 1931 lN
852 1887 1156 1944 illuminaremur
1175 1899 1382 1949 Aroteueilcl.

163 2007 322 2066 Tertulliani
351 2013 560 2088 Apologetieum
591 2018 724 2078 adversus
745 2031 863 2095 gentes,
888 2026 927 2083 tui
979 2033 1067 2108 magis
1089 2034 1195 2106 farcit,
1223 2039 1295 2110 quod
1324 2039 1404 2096 eliam
1427 2040 1499 2097 elios
1531 2040 1663 2112 quosdam
1693 2042 1778 2100 libros

126 2098 355 2168 paraphrasticis
378 2103 458 2158 vertit
481 2104 604 2173 Rufinus,
620 2108 678 2164 sive
692 2125 741 2181 pro
756 2110 924 2182 Christianis,
979 2122 1071 2181 Latine
1084 2131 1112 2180 et
1124 2123 1220 2183 Graeee
1234 2128 1436 2200 conscripserit.
1451 2127 1511 2200 Quo
1525 2128 1555 2187 fii
1569 2137 1598 2185 ut
1611 2146 1702 2203 operae
1711 2146 1775 2204 pre.

128 2183 168 2239 uti
181 2185 216 2238 od
230 2187 343 2243 verbum
358 2203 391 2243 ox
407 2191 504 2249 Giaeco
519 2195 714 2253 transtulerunt
727 2198 925 2272 Christophor-
980 2213 1046 2270 tium
1056 2214 1188 2281 duxerim,
1200 2217 1343 2286 separatim
1356 2218 1508 2294 fragmenta
1519 2219 1614 2278 Graeoa
1623 2219 1777 2293 publicare;

127 2288 213 2331 sonus
233 2277 306 2348 apuu
333 2278 495 2349 Eusebium,
520 2291 547 2338 ei
566 2283 685 2356 langius
710 2285 739 2342 in
760 2287 923 2358 nicophoro,
978 2317 1067 2373 eaque
1079 2303 1253 2374 aimajorom
1268 2304 1432 2363 intellectum
1446 2323 1510 2365 eum
1527 2307 1652 2365 versione
1665 2307 1777 2380 triplici,

126 2363 221 2420 Latine
235 2367 415 2438 conscriptum
430 2370 523 2437 luisse,
534 2372 583 2428 sed
593 2374 621 2429 in
631 2374 757 2431 Graecum
772 2393 925 2434 sermonem
978 2391 1090 2447 Eusebii
1103 2393 1213 2463 quidem
1227 2393 1406 2465 interpretum
1417 2395 1543 2463 duorum,
1555 2395 1644 2452 Rufini
1658 2405 1686 2452 et
1698 2397 1778 2454 Chri-

128 2454 288 2510 translatum
312 2455 421 2512 disertis
443 2459 535 2515 uerbis
553 2461 687 2519 Eusebius
710 2470 738 2519 et
757 2464 926 2537 Nicephorus
976 2479 1167 2551 smphorsoni;
1192 2480 1340 2553 Nicephori
1367 2498 1452 2550 vero,
1477 2484 1524 2557 qui
1545 2484 1579 2541 ud
1608 2486 1722 2545 verbum
1744 2502 1777 2544 ex

127 2542 263 2601 affirmant
278 2563 284 2602 :
301 2560 335 2626 pn
349 2561 414 2603 roro
428 2547 462 2603 ab
486 2555 597 2605 auctore
611 2550 682 2621 ipso,
708 2567 743 2607 an
762 2553 813 2610 alio
828 2555 925 2626 quovis
977 2565 1024 2625 illo
1034 2568 1093 2626 haea
1107 2569 1259 2641 descripsit,
1279 2570 1385 2643 Langii,
1401 2573 1470 2630 Piri.

126 2629 227 2687 iactum
242 2633 286 2703 sit,
308 2649 361 2690 nou
376 2635 443 2690 setis
459 2635 509 2708 (ll,
524 2653 676 2710 quanquam
687 2639 771 2712 priori
784 2643 924 2699 sententiae

807 2755 1057 2824 Commentarius.

165 2857 205 2927 (l)
219 2860 301 2915 Forte
316 2857 412 2931 liquor.
423 2856 494 2913 Eoo.

943 2965 965 3022 l.

164 3079 204 3134 Ei
219 3079 390 3152 apologetici
404 3096 465 3153 cap.
484 3086 527 3150 ll,
538 3083 615 3152 junia
631 3084 777 3140 Eusebium
794 3085 876 3153 (illst.
894 3086 997 3144 Noctes.
1015 3084 1060 3141 lib.
1078 3084 1120 3156 ιιι)
1132 3092 1158 3138 et
1176 3083 1358 3156 Nicephorum
1374 3082 1425 3156 (lib
1442 3099 1483 3154 ιιι,
1501 3101 1525 3142 e.
1544 3088 1598 3158 li).

160 3180 248 3230 Καίτοι
261 3182 398 3247 εὑρήκαμεν
412 3182 455 3232 καὶ
472 3180 515 3241 τήν
533 3184 566 3239 εἰς
588 3185 651 3245 ἡμᾶς
665 3184 804 3243 ἐπιζήτησιν
818 3186 928 3234 ursinio-
982 3202 1031 3233 ναι.
1051 3181 1169 3247 'Epicurus
1185 3183 1211 3232 dd
1228 3187 1311 3241 τοῦτο,
1326 3181 1470 3232 ἀνίστασθαι
1490 3185 1564 3234 ἕωθεν
1583 3185 1640 3241 τοὺς
1662 3184 1778 3250 Χριστια·

130 3259 215 3322 μένην.
231 3261 328 3318 lilium<
341 3263 388 3326 γὰρ
401 3264 415 3311 d
429 3263 561 3319 σιιιοῡνδος
584 3264 718 3326 ἡγούμενος
736 3271 778 3324 τῆς
802 3265 926 3330 ἐπαρχίας,
982 3263 1048 3324 νοὺς,
1060 3263 1102 3312 καὶ
1117 3263 1160 3312 τὸν
1175 3263 1281 3321 Χριστὸν
1298 3264 1361 3313 θεοῦ
1376 3263 1445 3321 δίκην
1460 3264 1541 3326 ὑμεῖν,
1555 3265 1597 3313 καὶ
1611 3265 1671 3330 πρὸς
1688 3265 1716 3314 τό
1732 3266 1776 3324 τὴν

128 3341 277 3405 κατακρίνας
291 3343 451 3406 Χριστιανούς
465 3359 541 3402 τινας,
552 3343 596 3392 καὶ
610 3349 652 3403 τῆς
668 3341 751 3400 Ἀσίας
761 3343 880 3405 cicothi,
888 3360 931 3393 τα·
982 3343 1118 3408 ἐπιστήμην
1130 3344 1211 3393 αὐτῶν
1225 3342 1410 3407 διαφυλάσσειν,
1424 3343 1561 3393 κωλύεσθαι
1584 3345 1705 3408 φονεύειν,
1722 3361 1777 3408 μοι·
1858 3335 1863 3342 ’

130 3423 228 3486 papiam
241 3424 276 3487 τῷ
289 3424 383 3486 πλήθει,
397 3426 484 3488 ἠπορει
498 3425 522 3473 τί
536 3425 603 3488 αὐτῷ
621 3424 657 3483 sin
671 3425 928 3491 πρακτέον.,Τροιῐανῷ
981 3422 1072 3486 χεύειν,
1086 3423 1253 3484 πλεονεκτεῖν,
1267 3422 1400 3488 ἐξαπατᾷν.
1416 3423 1458 3471 καὶ
1471 3423 1503 3471 τὰ
1516 3424 1599 3486 ὃμοια.
1615 3424 1681 3490 Πρὸς
1698 3429 1778 3474 ταῦτα
1803 3434 1806 3440 “

130 3499 176 3550 οὗν
190 3503 226 3565 τῷ
244 3503 339 3565 βασιλεῖ
351 3504 643 3566 ἀνεκοινώσατολέγων,
659 3502 704 3560 ἔξω
719 3510 763 3554 τοῦ
778 3506 811 3568 μή
826 3505 929 3569 βούλεσ-
982 3504 1105 3569 ἀνέγροιψε
1124 3503 1254 3568 Τραϊανὸς,
1269 3503 1297 3552 rc
1311 3506 1360 3552 τῶν
1383 3502 1538 3569 Χριστιανῶν
1561 3505 1635 3568 φῦλον
1651 3505 1684 3567 μή
1705 3504 1776 3569 ἐιιζῃ-

129 3583 170 3631 θσι
185 3574 273 3641 αιίτοὺε
287 3584 482 3651 εἰδωλολατρεῖν,
491 3586 563 3636 οὐδὲν
576 3584 677 3634 ἀνόσιον
692 3585 717 3634 ἐν
732 3585 815 3644 αὐτοῖς
828 3586 929 3651 εὑρηκέ-
980 3585 1076 3633 reindui
1092 3585 1145 3647 μὲν,
1161 3583 1268 3646 ἐμπεσὸν
1282 3583 1309 3633 et
1323 3583 1475 3641 κολάζεσθαι.

339 3741 446 3784 RURINI.
823 3738 1093 3783 cflulsroeuoltsorll.
1459 3737 1564 3780 LANGU-

166 3820 387 3879 Perseculionem
408 3839 474 3881 vero
494 3821 661 3880 extrinsecus
728 3824 811 3896 Atqui
848 3823 998 3880 invenimus
1025 3820 1225 3896 inquisitionem
1282 3821 1372 3895 Atqui,
1402 3821 1556 3905 invenimus
1576 3823 1778 3907 inquisitionem

130 3892 238 3959 pondus
251 3894 367 3967 urgebat
386 3895 542 3962 Ecclesiam,
559 3905 585 3951 et
605 3903 660 3950 tam
693 3911 800 3968 quoque
817 3896 842 3949 in
858 3910 910 3950 nos
928 3894 1100 3966 prohibitam.
1122 3892 1225 3974 Plinius
1246 3909 1353 3975 quoque
1367 3893 1394 3950 in
1408 3910 1458 3951 nos
1479 3895 1654 3965 prohibitam.
1676 3895 1778 3978 ῌΙιοιιιε

129 3963 267 4020 immensae
289 3973 404 4023 catervae
427 3973 574 4037 martyrum
589 3982 661 4039 quo·
694 3965 766 4020 enim
794 3966 946 4031 Secundus,
971 3981 1032 4021 oum
1057 3965 1224 4036 provinciam
1245 3981 1319 4020 enim
1341 3966 1498 4034 Secundus,
1523 3980 1778 4049 comprovinciam

130 4033 196 4090 tidie
206 4036 409 4108 jugulabantur,
431 4045 462 4095 nt
484 4038 585 4095 Plinius
608 4037 661 4093 Se·
694 4041 810 4106 regeret,
822 4036 955 4091 damnatis
963 4036 1124 4108 quibusdam
1135 4035 1224 4114 Chris·
1246 4037 1781 4120 regeretquibusilamcorripiendam-

127 4105 380 4180 cundus,quitunc
395 4108 561 4181 provinciam
576 4107 661 4162 admi·
693 4105 784 4174 tiaois,
811 4105 973 4163 qubusdam
1027 4106 1096 4160 radu
1127 4106 1223 4175 pulsis,
1246 4119 1325 4172 naus,
1342 4108 1704 4188 quibusdam'gradupulsis,
1721 4125 1780 4178 ipsa

128 4175 272 4245 nistrabat,
294 4180 464 4238 mullitudine
481 4181 661 4250 interempto·
693 4176 752 4248 ipsa
767 4166 875 4233 tandem
897 4123 1069 4233 multituNiue
1084 4174 1224 4248 perturba·
1246 4183 1336 4254 tamen
1376 4176 1549 4233 multitudino
1586 4177 1777 4259 perturbatus,

129 4263 192 4304 rum
206 4258 355 4320 permotus,
371 4251 482 4309 referret
496 4252 529 4306 ad
543 4253 661 4320 impera·
694 4255 746 4313 tus,
767 4247 872 4319 etquid
887 4249 920 4304 de
934 4256 1032 4305 caetero
1052 4253 1146 4318 ageret
1160 4260 1226 4325 nes·
1245 4246 1311 4316 quid
1332 4247 1366 4301 de
1391 4257 1489 4327 caetero
1513 4255 1618 4327 ageret,
1641 4248 1779 4305 consuluit

129 4325 229 4385 torem,
259 4322 330 4391 qnod
354 4322 501 4396 innumera
523 4324 662 4378 hominum
694 4317 762 4388 eius,
777 4318 912 4375 consuluit
931 4326 995 4373 tunc
1013 4317 1159 4386 Trajauum
1173 4329 1224 4396 im·
1246 4325 1309 4373 tunc
1366 4317 1512 4384 Traianum
1565 4327 1777 4402 imperatorem,

128 4388 215 4445 millia
244 4390 354 4449 1119
385 4395 507 4464 quotidie
546 4396 660 4450 obtrun·
694 4400 855 4462 peratorem,
870 4390 993 4463 allegans
1017 4396 1116 4460 praeter
1134 4386 1223 4467 obsti·
1247 4384 1361 4467 ETW
1378 4387 1515 4471 allegans,
1536 4390 1778 4472 prietarubitms-

128 4470 274 4531 ceremur,
312 4456 471 4537 inquibus
503 4465 566 4519 nihil
599 4480 662 4520 oin·
695 4461 830 4516 nationem
846 4475 898 4516 uon
917 4458 1095 4527 sacrificandi,
1114 4458 1180 4511 niliil
1194 4472 1223 4511 se
1246 4465 1346 4514 tionem
1362 4460 1607 4540 nonlsacribcaodi,
1623 4460 1691 4517 nihil
1706 4462 1778 4544 uliud

129 4531 197 4587 uino
216 4534 327 4590 sceleris
343 4535 377 4591 de
400 4536 592 4593 rebeoderetur
610 4536 662 4591 ad·
695 4532 818 4589 scelerati
828 4533 861 4587 de
871 4533 910 4588 eis
921 4530 1065 4603 reperisse.
1082 4527 1224 4585 insinuens
1245 4545 1275 4585 so
1304 4530 1337 4585 de
1363 4545 1448 4586 sacris
1476 4544 1570 4586 corum
1598 4546 1776 4605 comenses,

129 4602 264 4669 missum,
293 4613 339 4660 aut
364 4553 465 4679 aNquid
496 4609 663 4664 contrarium
694 4618 800 4676 quoque
824 4609 851 4658 ct
878 4602 943 4657 iliud
971 4619 979 4656 ι
1008 4615 1118 4671 surgere
1144 4606 1225 4680 etque
1245 4617 1327 4728 quam
1346 4599 1647 4683 cietusautelucanesa
1681 4620 1778 4662 cunen-

129 4672 260 4729 hnmaois
284 4675 390 4748 legibus
432 4688 529 4746 eitum,
545 4677 663 4734 nisihoc
695 4676 839 4732 convenire
866 4686 974 4730 summu
994 4688 1072 4728 mane
1092 4672 1225 4727 Christia-
1267 4689 1312 4730 um
1326 4672 1561 4757 Chris·lout·Dco,
1581 4682 1609 4730 et
1622 4675 1658 4755 ad
1666 4690 1777 4757 conser-

130 4743 231 4809 solum,
254 4750 327 4816 quod
350 4695 523 4806 antefueonos
546 4750 663 4822 hymnos
695 4761 756 4816 nos,
778 4755 805 4802 et
828 4745 966 4802 Christum
989 4751 1115 4816 tanquam
1139 4743 1225 4799 Deum
1245 4745 1360 4800 eandam
1384 4744 1556 4825 disciplinam
1585 4745 1776 4826 homicidium,

131 4813 240 4870 Christo
272 4819 379 4875 cuidam
416 4831 543 4877 cancrent
569 4823 627 4878 Deo
654 4838 661 4878 ς
695 4817 860 4875 carminibus
879 4816 1006 4885 laudare3
1026 4814 1226 4894 etadoonser·
1245 4815 1573 4897 adulteriumtraudcm,
1596 4815 1778 4900 perfidismel

129 4885 264 4941 adulteria
287 4891 423 4955 vero,ch
444 4902 542 4949 caetera
565 4893 663 4962 hujus-
695 4891 808 4945 vandum
822 4903 919 4944 eorum
937 4886 1119 4959 disciplinam,
1141 4887 1226 4939 homi·
1246 4896 1342 4969 caeters
1353 4888 1535 4968 prohibentes.
1547 4885 1623 4970 Tunc
1633 4889 1775 4969 Teuranus,

128 4955 207 5010 modi
230 4957 342 5016 crimina
360 4963 432 5031 apud
456 4978 504 5018 eos
518 4974 547 5018 ιιι
570 4963 663 5020 illicita
695 4960 807 5030 eidium,
823 4958 996 5025 adulterium,
1016 4955 1148 5036 fraudem,
1165 4969 1228 5025 per·
1247 4967 1407 5040 rescripsit:
1424 4960 1477 5015 hoe
1495 4973 1583 5030 genus
1601 4959 1777 5032 inquirendos

130 5026 236 5095 haberi,
261 5038 289 5084 et
311 5033 418 5102 penitus
441 5036 547 5104 arceri3
567 5044 664 5091 uetera
696 5030 786 5087 fidiam
801 5037 828 5086 et
843 5038 940 5086 cetera
954 5028 1056 5085 scelera
1070 5026 1224 5108 prohibere.
1246 5029 1355 5111 quidem
1370 5043 1425 5084 non
1438 5045 1506 5097 csse,
1526 5027 1633 5090 oblatos
1647 5046 1709 5090 vero
1722 5047 1777 5104 pu·

130 5113 194 5155 vero
223 5103 375 5158 secundum
406 5104 481 5178 leges
509 5121 557 5160 eos
583 5120 663 5178 agero
696 5103 737 5156 Ad
751 5117 812 5172 quie
826 5101 957 5170 Traianus
971 5099 1109 5170 rescripsit
1125 5115 1132 5152 ε
1150 5097 1227 5152 Chri·
1248 5116 1299 5155 oiri
1317 5109 1452 5173 oportere.

129 5184 299 5228 communes.
320 5175 362 5230 Ad
376 5191 436 5246 quae
460 5185 521 5232 tunc
534 5177 664 5246 Trajanus
696 5172 799 5227 stiones
813 5170 1131 5253 inquirendosnonesse
1149 5168 1225 5225 obli·
1451 5193 1459 5202 ·

130 5242 253 5312 rescripti
281 5245 323 5300 sui
354 5247 512 5303 auctoritaie
543 5247 664 5303 decernit
695 5251 738 5300 tos
757 5250 845 5299 autem
864 5241 1026 5315 puniendos.

132 5318 162 5366 ut
187 5313 333 5372 Christiani
353 5317 463 5390 quidem
492 5333 546 5373 non
570 5319 663 5389 requi-

131 5392 239 5454 rantur;
267 5386 359 5458 siqui
392 5397 482 5447 tumen
510 5387 662 5454 inciderint,

130 5455 287 5525 puniantur.
304 5458 356 5514 Per
374 5461 446 5532 qnod
468 5477 500 5516 en
515 5469 591 5533 parte
609 5461 661 5516 ali·

131 5541 187 5596 que
201 5529 398 5597 persecutionis
412 5532 535 5591 sedatum
547 5532 662 5604 putaba-

131 5604 177 5654 tur
196 5595 367 5658 incendium.
