3840 6134
50 278 107 341 'lte
730 278 828 342 LIBER
848 278 891 341 ult
910 278 1024 342 tutha.
1484 220 1485 224 Ἰ
1647 286 1700 346 750

51 409 145 465 minus
162 404 234 461 iuter
251 417 348 459 coecos
371 400 395 443 ²⁹
418 403 628 475 pretiosissimos
646 407 758 474 invenit,
779 407 852 482 quod
906 408 1047 481 puniendi,
1062 408 1091 465 iri
1115 409 1205 466 asinos
1219 409 1311 482 utique
1331 417 1358 466 ct
1379 409 1468 468 mulos
1491 415 1702 486 recorporabun-

48 493 234 557 eondimentis
247 491 379 565 apicianis
392 500 420 548 et
437 493 605 552 lurconianis
623 498 761 569 humatur,
776 496 850 569 quod
906 506 960 566 tur,
975 506 1105 570 quantum
1129 498 1212 556 707
1237 499 1288 556 sibi
1315 500 1349 555 de
1372 500 1494 571 pistrinis
1518 510 1545 558 et
1568 504 1702 578 aquilegis

49 584 157 643 mensis
179 579 358 639 ciceronianis
381 579 506 651 infertur,
524 586 599 656 quod
621 586 742 642 lancibus
761 584 853 658 splen·
906 587 971 644 rotis
985 588 1042 662 (ιι)
1060 587 1278 661 gratulabuntur,
1293 589 1316 643 sl
1329 588 1511 658 metallorum,
1530 598 1558 646 et
1576 603 1703 665 ergastu-

49 671 202 733 didissimis
219 667 332 742 syllanis
352 668 475 740 eilertur,
490 674 565 746 quod
588 674 732 746 exsequias
754 673 852 732 couvi·
906 675 1004 746 lorum,
1027 684 1054 733 et
1073 692 1187 749 opernm
1211 675 1390 748 publicorum,
1408 677 1584 750 ipsorumque
1606 695 1702 737 carce-

50 766 128 824 vium
149 761 252 835 patitur
277 760 352 832 (tl),
374 762 447 831 quod
471 779 486 817 a
504 766 688 837 coaequalibus
710 765 854 822 devoratur
907 780 976 833 rum,
992 764 1055 823 licet
1073 766 1234 834 otiosorum,
1251 765 1439 823 recordentur.
1465 764 1578 822 Perinde
1601 768 1646 841 qui
1659 769 1703 826 in·

51 853 145 928 potius
168 864 249 922 quam
272 863 286 905 a
312 848 399 906 milvis
421 858 448 905 et
461 848 543 922 lupis,
558 861 588 909 ut
605 853 633 908 in
655 852 772 910 bominis
793 867 854 908 cor·
907 863 984 926 tegre
1007 855 1103 911 morati
1125 855 1375 915 commendaverint
1394 854 1480 925 jndici
1501 855 1594 924 vitam,
1613 873 1705 929 quaero
1773 906 1778 915 .

52 957 122 1017 pore
144 937 287 1007 tumulata,
303 946 330 992 cl
348 935 376 992 iu
400 953 480 994 suum
500 956 586 1013 genus
605 957 740 1014 regressa,
765 957 854 997 iesur-
908 944 1035 1015 praemia3
1058 947 1107 1003 sed
1132 946 1224 1018 potius
1262 945 1372 1002 invenio
1401 942 1543 1014 supplicia.
1573 943 1706 1002 Nimirum

52 1031 159 1089 reniso
178 1026 310 1093 videatur,
326 1025 464 1081 exsultans
486 1029 616 1087 adversus
640 1032 758 1086 humana
779 1028 853 1100 judi·
908 1051 1006 1108 magna
1019 1050 1123 1092 merces
1137 1036 1216 1092 bonis
1230 1035 1257 1091 in
1279 1033 1406 1090 animalia
1420 1048 1599 1106 quaecumque
1622 1032 1706 1090 resti-

51 1120 105 1191 οἰδ,
119 1117 144 1175 δί
156 1131 190 1175 0⁸
211 1121 325 1187 θῑιθιῑὸ
342 1121 392 1172 0⁸²·
416 1115 540 1190 Nam(lue
563 1119 611 1175 illa
631 1119 759 1176 sicarium
773 1118 855 1175 variis
908 1123 970 1180 tui‘l
985 1125 1086 1181 Pavum
1100 1140 1130 1181 se
1149 1124 1271 1181 meminit
1293 1124 1436 1191 Homerus,
1450 1120 1539 1178 Ennio
1564 1121 1701 1179 somnian-

51 1216 82 1268 et
98 1205 249 1282 exquisitis,
262 1204 345 1262 etiam
366 1203 393 1243 ⁸⁰
414 1214 512 1276 praeter
532 1217 656 1265 naturam
678 1208 791 1266 eruditis
814 1208 855 1264 le-
909 1220 936 1268 te
958 1211 1027 1284 (23),
1051 1215 1099 1269 sed
1121 1214 1209 1285 poetis
1230 1228 1281 1271 nec
1299 1211 1478 1286 vigilantibus
1505 1209 1625 1267 credam.
1647 1209 1707 1268 Etsi

52 1299 93 1355 ris
116 1297 175 1367 (lb)
200 1293 344 1365 dissipant,
367 1301 395 1349 et
419 1295 529 1366 quidem
557 1299 700 1369 viventem,
723 1298 779 1354 imo
806 1312 856 1354 nec
907 1301 1104 1373 pulcherrimus
1132 1310 1278 1373 paroeat
1306 1316 1361 1373 quo
1380 1300 1443 1357 velit
1469 1300 1560 1358 colore
1587 1300 1707 1358 cultissi-

54 1387 135 1444 lacile
151 1383 312 1440 morientem
334 1385 402 1455 (lh),
417 1395 510 1442 curata
533 1401 609 1443 mora
631 1387 694 1443 linis
715 1388 749 1444 ad
763 1387 854 1460 pleni·
909 1407 989 1464 mus;
1014 1391 1061 1447 sed
1086 1399 1174 1449 tacent
1192 1390 1282 1463 pinnae
1304 1390 1340 1457 ⁸³,
1368 1391 1417 1446 sed
1444 1389 1572 1462 displicet
1598 1405 1667 1460 νοις
1681 1397 1708 1446 et

54 1474 177 1532 tudinem
190 1485 281 1545 poenae
297 1489 305 1528 ι
319 1471 368 1529 sed
390 1472 443 1529 etsi
465 1476 555 1532 anima
576 1475 737 1549 praelugcrit
761 1476 855 1533 ultimo
909 1488 998 1552 poetae
1012 1479 1077 1534 nibil
1091 1478 1163 1534 aliud
1176 1494 1260 1550 quam
1282 1486 1393 1535 eantare
1416 1477 1533 1534 malunt.
1557 1477 1707 1535 Damnatus

54 1565 147 1639 gladio
174 1562 245 1637 (ll),
272 1576 308 1618 ue
335 1575 435 1632 corpus
461 1578 570 1639 quoque
598 1564 715 1623 evaserit
741 1565 854 1631 serrum,
910 1576 951 1624 est
964 1565 1048 1639 igitur
1061 1568 1195 1624 Homerus
1214 1566 1242 1622 in
1255 1582 1365 1638 pavum,
1384 1580 1439 1622 non
1462 1566 1621 1624 honoratus.
1644 1566 1708 1623 Plus

54 1651 231 1711 nihilominus
242 1650 279 1719 ⁸¹,
295 1651 391 1724 iugulo
404 1658 551 1726 ventreque
563 1653 698 1711 conlossis
711 1654 747 1724 ⁸²,
758 1656 857 1711 costis·
911 1656 945 1714 de
966 1655 1056 1712 saeculi
1081 1654 1299 1712 remuneratione
1321 1653 1462 1727 gaudebit,
1490 1662 1568 1726 pater
1598 1656 1708 1713 hibitus

53 1755 112 1816 que
133 1737 278 1806 transfixis,
294 1740 481 1809 compensatio
498 1742 600 1814 proprii
621 1741 749 1799 iocinoris
768 1740 858 1814 exigi·
911 1744 1064 1803 liberalium
1087 1741 1301 1813 disciplinarum,
1316 1749 1346 1797 ut
1359 1740 1436 1798 malit
1456 1743 1535 1797 lamae
1555 1758 1610 1800 sum
1626 1759 1708 1801 oma-

56 1841 126 1900 tnr·,
147 1827 213 1885 inde
234 1827 263 1884 in
283 1827 374 1903 ignom
396 1829 485 1900 datur,
501 1838 530 1886 ut
553 1840 580 1887 et
605 1830 858 1903 sepulturapuuia·
912 1840 1011 1902 menta,
1027 1847 1108 1903 quam
1121 1830 1215 1888 mode
1237 1830 1272 1884 ³4.
1294 1829 1450 1903 Agenore,
1464 1840 1494 1887 ut
1516 1839 1604 1903 poetae
1619 1832 1646 1886 in
1662 1848 1710 1903 pa-

60 1929 109 1978 tnr
122 1919 200 1991 (ιι),
214 1917 292 1975 aliter
307 1916 420 1991 danique
434 1932 490 1975 nou
505 1919 574 1976 ticet.
599 1920 656 1976 Nec
678 1926 769 1976 tamen
784 1926 859 1975 tanta
875 1875 963 1979 Bvoi
977 1919 1021 1977 vel
1043 1919 1071 1974 in
1093 1932 1193 1991 cycnos
1219 1924 1369 1984 transeant,
1393 1918 1416 1974 si
1438 1919 1480 1977 vel
1499 1920 1590 1993 cycnis
1613 1920 1712 1978 decora

55 2019 101 2066 eat
125 2007 186 2083 rogi
211 2021 277 2064 cura
297 2006 366 2080 (lli),
381 2017 411 2063 ut
433 2007 561 2079 reliquias
579 2008 640 2064 oliae
664 2009 759 2066 bestie
777 2007 857 2065 inve·
911 2025 964 2068 vox
987 2017 1046 2078 ast;
1060 2008 1132 2080 quod
1155 2006 1255 2064 animal
1275 2006 1373 2063 indues
1394 2005 1454 2064 viro
1473 2009 1545 2077 justo
1567 2008 1649 2064 AEaco
1672 2009 1709 2078 ⁸⁵,

57 2098 135 2156 nient
155 2095 223 2171 (80).
246 2095 325 2154 Certe
347 2111 398 2153 uec
421 2096 531 2154 ossibus
553 2098 686 2169 parcitur,
709 2112 760 2155 nec
783 2098 858 2154 ciue·
912 2114 995 2173 quam
1010 2098 1125 2154 bestiam
1139 2096 1253 2171 integrae
1268 2095 1387 2153 loemiuae
1399 2095 1522 2154 hiconii
1540 2112 1621 2171 quam
1638 2097 1712 2155 volu·

56 2186 135 2243 ribus
156 2183 332 2259 indulgetur,
356 2183 479 2242 nuditate
501 2186 651 2257 plectendis
677 2184 746 2259 (tl).
774 2185 861 2242 Tanta
913 2205 986 2246 crem
1000 2187 1139 2260 patientia,
1165 2202 1246 2259 quam
1268 2185 1400 2258 pecudem
1424 2186 1611 2255 sanctimonia,
1628 2203 1713 2259 quein

58 2284 100 2333 est
122 2274 195 2346 apud
213 2273 340 2331 homines
362 2274 502 2331 homicidii
524 2276 654 2343 vindicta,
678 2282 778 2348 quauta
800 2274 861 2345 ipsa
914 2279 1018 2354 piscem
1042 2276 1195 2333 innocentia
1222 2273 1389 2331 sortientur?
1411 2273 1510 2332 Omnia
1529 2274 1632 2332 lamule
1650 2283 1714 2332 sunt

55 2381 118 2440 qnae
141 2365 297 2424 vindicatur
320 2375 427 2423 natura.
446 2366 513 2433 Quis
536 2381 591 2422 nou
614 2364 744 2438 praeierat
766 2365 861 2423 saculi
915 2367 1041 2438 hominis,
1058 2365 1150 2423 omnia
1163 2366 1294 2436 subiecta,
1309 2364 1403 2421 omnir
1424 2366 1584 2437 mancipata.
1604 2366 1714 2439 Siquid

54 2456 206 2528 mutiam,
229 2469 313 2529 quam
336 2462 365 2512 et
391 2455 538 2528 Apostolus
561 2469 615 2512 non
640 2455 739 2511 frustra
768 2454 861 2528 gladio
915 2461 1013 2515 horum
1032 2455 1138 2513 iuturus
1166 2461 1225 2522 est,
1249 2454 1431 2510 deminoratur
1452 2455 1487 2509 ⁸⁰.
1509 2454 1568 2511 Illic
1590 2454 1644 2520 ille,
1667 2453 1714 2512 cui

57 2553 191 2603 mutatam
214 2552 380 2602 conmeatur
394 2545 485 2615 (Rom.
507 2547 581 2617 xiii),
597 2559 660 2616 qnae
684 2559 732 2617 pro
752 2544 862 2602 homine
916 2547 952 2603 ob
966 2543 1061 2600 merita
1081 2542 1144 2601 vitae
1169 2540 1313 2614 imagines,
1329 2548 1433 2610 statuae,
1449 2551 1476 2598 et
1499 2541 1579 2609 tituli,
1596 2543 1715 2599 honores

58 2634 198 2697 sevimdo
211 2635 342 2706 religiosa
356 2634 420 2690 esti
434 2634 464 2690 Si
478 2642 640 2691 caeterorum
654 2648 763 2706 quoque
777 2633 862 2689 scele-
916 2631 1029 2705 publici,
1049 2628 1192 2704 privilegia
1206 2629 1419 2700 rependuntur?
1438 2630 1481 2685 cui
1505 2631 1591 2702 curia,
1606 2632 1650 2687 cui
1665 2646 1715 2702 po·

57 2738 119 2784 tum
140 2723 297 2781 mercedem
320 2721 493 2794 cogitemus,
518 2720 648 2791 patibula,
671 2728 699 2776 et
729 2719 862 2777 vivicom·
917 2720 996 2793 pulus
1019 2718 1159 2790 sullragiis
1188 2715 1333 2773 immolat?
1360 2716 1506 2786 Ojudicia
1534 2718 1626 2775 divina
1652 2726 1715 2789 post
1806 2759 1814 2775 .

57 2814 148 2883 baria,
162 2820 191 2870 ot
203 2813 309 2879 colcos,
324 2818 352 2868 et
374 2825 469 2882 uncos,
485 2817 512 2866 et
526 2811 663 2882 scopulos,
683 2807 727 2866 cui
748 2823 803 2866 nou
817 2824 864 2866 cx·
917 2815 1032 2865 mortem
1049 2806 1174 2863 humanis
1195 2803 1372 2864 mendaciora
1393 2805 1429 2873 ⁸⁷,
1445 2806 1663 2878 contemptibilia
1676 2806 1711 2864 de

57 2905 153 2977 pediat
173 2901 245 2976 apud
276 2901 460 2975 Pythagoram
483 2908 510 2956 et
532 2899 726 2972 Empedoclem
749 2908 861 2955 senten-
917 2896 1017 2971 poenis,
1033 2894 1189 2953 fastidibilia
1205 2894 1238 2951 de
1252 2893 1355 2968 gratiis,
1375 2909 1436 2967 quac
1458 2909 1510 2951 uec
1531 2894 1642 2968 pessimi
1655 2909 1715 2951 me-

57 2993 126 3051 tiam
155 2992 233 3066 petii
260 2992 330 3049 Nam
352 2998 380 3048 et
407 2990 455 3063 qui
478 2989 617 3047 laboribus
640 2997 721 3062 atque
744 2987 863 3048 servitiis
918 2992 1003 3051 tuam,
1027 3000 1078 3042 nec
1098 2982 1194 3056 optimi
1216 2981 1342 3056 cupiant3
1361 2982 1395 3038 ad
1418 2998 1480 3054 quae
1494 2983 1520 3023 ⁸⁸
1543 2982 1630 3057 magis
1657 2998 1716 3042 sce·

758 3113 855 3178 Varia
879 3114 1037 3178 lectiones.
1056 3147 1064 3163 ·

96 3228 123 3268 i⁹
136 3228 329 3285 CocosPoria.
345 3226 407 3297 Rip.
428 3225 492 3283 l'eir.
516 3221 542 3261 ⁰⁰
560 3221 594 3278 Et
618 3221 674 3290 jam
698 3223 757 3293 ltip.
788 3222 852 3280 Veii.
874 3218 899 3257 ⁸¹
921 3216 995 3275 Nihil
1015 3218 1104 3271 minus
1118 3213 1177 3274 cod.
1194 3213 1276 3287 Apol.
1289 3212 1316 3251 ⁸²
1334 3214 1456 3286 Utroque
1475 3213 1612 3273 confossis
1631 3218 1713 3278 Pom.

63 3301 153 3359 liberi.
172 3308 289 3370 utroque
304 3297 430 3354 coulosso
451 3297 542 3354 Woatv.
565 3294 591 3332 ⁸³
611 3294 710 3348 Pennae
736 3293 770 3348 iti
789 3287 1141 3349 accessibiliter.
1171 3286 1257 3343 Seml.
1273 3286 1392 3360 gaudeat
1414 3288 1496 3342 Pom.
1531 3289 1619 3344 Fron.
1636 3289 1716 3346 ⁸⁵De

62 3372 124 3430 loro
137 3373 207 3428 Por.
222 3367 311 3439 dejeci
325 3370 387 3425 lot.
403 3367 498 3437 dejoco
512 3368 595 3423 Pam.
619 3367 705 3422 Fron.
721 3362 746 3398 ⁸⁶
769 3309 955 3420 fliminoratur
968 3361 1049 3416 Pom.
1065 3358 1225 3429 liberaliip.
1256 3358 1319 3415 vm.
1336 3356 1425 3413 Semi.
1444 3357 1557 3416 oberth.
1590 3358 1615 3397 ⁸³
1643 3360 1717 3417 blen-

45 3443 166 3528 vdiriora
184 3441 274 3499 hbeo.
291 3440 377 3499 Semi.
391 3437 501 3498 Obcrtli.
517 3436 545 3475 θ’
559 3439 647 3508 Atque
666 3437 753 3493 Fron.

765 3559 1015 3624 Commentarius.

63 3675 137 3733 ariis
148 3671 334 3754 trucidaverit.
351 3692 363 3723 i
380 3671 412 3752 ln
434 3669 504 3728 libro
518 3667 611 3728 Ursini
633 3666 742 3741 legitur,
760 3685 774 3720 a
793 3664 900 3761 Quiac
960 3663 1005 3737 ta)
1022 3663 1055 3722 tlt
1069 3663 1098 3720 ct
1113 3658 1426 3743 sepulturqpcoictitr.
1442 3657 1663 3743 igncavidelicet
1674 3676 1715 3718 se·

64 3750 166 3875 w
178 3744 408 3826 bostisohyecerit
424 3757 565 3824 eosquos.
586 3760 599 3790 i
623 3739 768 3822 Eaemplar
789 3740 864 3820 Ago·
916 3754 953 3810 pu
966 3746 1037 3792 tura.
1053 3734 1191 3790 Summam
1204 3747 1310 3804 ignium
1321 3745 1431 3803 poenam
1445 3737 1511 3788 dixit
1526 3731 1575 3787 lib.
1590 3731 1627 3788 od
1645 3733 1717 3790 llar-

64 3891 140 3948 silvis
160 3838 211 3945 'et‘¹
223 3817 301 3946 gilisa
315 3816 550 3944 Γιιιιαἰειῗιῗθξιειῖεῃ»18
561 3810 822 3966 l’seerci‘iidlefoisuqqililii),s
835 3825 864 3963 iili
919 3807 1084 3953 tyffifflgc
1097 3880 1192 3935 lameri
1203 3878 1287 3958 touta
1300 3877 1342 3933 cat
1357 3875 1505 3948 curoroyi.
1516 3873 1637 3948 llaliguo
1647 3892 1715 3953 rogo

65 3961 201 4036 pabulam
223 3966 399 4033 proponatur,
424 3970 489 4029 quia
509 3962 537 4012 et
563 3969 639 4034 ipsa¹
655 3954 748 4010 bestiis
770 3958 864 4009 lecerit
917 3953 1033 4008 ustulata
1046 3963 1160 4022 corpora
1172 3947 1372 4074 relinquuntur.
1387 3948 1449 4004 Ric.

66 4033 198 4107 pabulum
210 4045 259 4088 eos
272 4033 378 4104 quosin
392 4028 467 4086 silvis
480 4026 663 4084 trucidaverit.
684 4027 747 4082 liic.
954 4023 1013 4094 (ιθ)
1029 4023 1061 4079 ιιι
1076 4021 1211 4092 reliquias
1233 4021 1300 4076 oiae
1314 4018 1412 4075 bestie
1431 4020 1592 4079 invenient.
1617 4019 1715 4091 Canes,

99 4106 159 4176 tit)
169 4102 248 4172 Quod
257 4105 405 4175 exsequier
413 4101 572 4159 conuiuium
581 4099 702 4172 potitur.
714 4095 793 4166 Quod
802 4107 865 4175 cou-
918 4093 985 4166 lupi,
1003 4092 1131 4149 etcum

66 4175 142 4236 rivio
155 4175 282 4244 imorem,
296 4190 352 4231 non
369 4174 512 4245 sepulcro;
531 4171 607 4244 quod
628 4183 712 4227 ooenae
731 4167 865 4238 impendi·
956 4164 1014 4236 tel)
1046 4163 1125 4220 Certe
1133 4175 1185 4216 nec
1195 4161 1300 4217 ossibus
1309 4159 1450 4233 parcitur,
1461 4176 1513 4217 aec
1523 4160 1664 4217 cineribus
1673 4163 1716 4216 in·

66 4254 125 4318 tor,
141 4258 199 4302 non
210 4243 307 4303 lunari.
320 4246 386 4303 Ris.
919 4236 1062 4310 dulpetur,
1077 4231 1208 4288 auditote
1220 4231 1394 4305 plectendos.
1406 4230 1470 4285 liaec
1483 4245 1591 4304 quoque
1606 4233 1716 4301 propria

105 4316 539 4391 (lolllljamproeterooturom
548 4308 868 4383 multopereutempe
920 4308 1079 4365 sicariorum
1094 4303 1145 4359 luit
1159 4303 1331 4382 ptenarium
1349 4298 1417 4356 olias
1431 4315 1527 4357 eorum
1547 4301 1627 4356 etiam
1650 4317 1716 4357 cor-

69 4392 97 4449 io
117 4391 214 4448 schola
235 4388 393 4459 bestimum,
417 4391 467 4445 hoc
485 4397 536 4453 esi,
560 4388 644 4450 circo,
673 4380 865 4453 amphiteatro.
921 4393 998 4452 pora,
1027 4374 1072 4448 qui
1092 4371 1222 4430 exurendi
1253 4371 1461 4437 damnabantur,
1489 4373 1542 4443 peti
1580 4380 1715 4441 poterant,

71 4465 135 4520 llis.
920 4459 949 4507 ut
967 4463 1028 4506 ossa
1041 4455 1068 4503 et
1091 4444 1193 4502 eineres
1208 4441 1320 4499 collecta
1339 4441 1571 4512 sepulturarum
1594 4454 1716 4511 possent,

103 4536 162 4605 (lb)
177 4533 235 4590 imo
248 4548 300 4591 iseo
314 4532 400 4604 focile
416 4529 595 4587 mormulam.
611 4526 692 4583 Liber
704 4521 843 4596 agobardi
858 4535 866 4576 t
921 4521 1009 4593 iuquit
1022 4517 1161 4600 Ulpianus,
1174 4514 1222 4570 lib.
1241 4516 1280 4598 lle
1302 4510 1487 4571 dedecoribus
1499 4513 1715 4594 vanitoquio.

75 4627 86 4658 ι
111 4608 172 4661 lino
198 4605 278 4660 lacile
303 4619 355 4660 nec
383 4601 554 4658 morientem.
581 4618 594 4650 i
629 4596 768 4668 Plerisque
795 4593 869 4666 apud
960 4592 1016 4663 (22)
1031 4590 1170 4670 Aquileyrs
1189 4589 1270 4644 rotis.
1286 4585 1427 4667 lumenta,
1442 4583 1517 4649 muli,
1532 4591 1558 4639 et
1575 4598 1648 4664 ,asini
1669 4585 1717 4657 qui

73 4679 105 4734 Se
125 4675 233 4735 timiam
248 4675 323 4738 locis,
339 4675 433 4746 facile,
449 4670 583 4744 siguificat
597 4684 680 4745 serpe.
694 4668 757 4724 itio.
923 4664 997 4721 hisce
1016 4663 1148 4717 machmis
1168 4656 1310 4715 volvendis
1333 4655 1543 4725 occupabantur,
1560 4670 1583 4708 si
1607 4655 1716 4724 quaudo

104 4695 165 4822 ῖιῖ)
180 4747 233 4805 Sed
254 4751 282 4807 el
296 4748 322 4803 ei
340 4747 439 4801 ocimo
458 4742 625 4818 proesapcril
643 4742 746 4798 etti-mo
764 4736 869 4810 plodio.
923 4736 951 4791 in
965 4733 1089 4790 homines
1099 4729 1198 4786 mutari
1211 4727 1366 4799 contigerit,
1380 4725 1414 4781 de
1428 4740 1477 4780 sua
1491 4723 1544 4780 sibi
1559 4723 1716 4781 conditione

76 4820 127 4879 lloc
149 4827 205 4892 est,
225 4818 249 4873 si
272 4821 341 4875 l'orte
365 4821 456 4872 anima
480 4819 552 4869 iuter
576 4816 696 4869 terarum
720 4815 834 4867 laniatus
855 4821 872 4863 e
924 4807 1146 4882 gratvilabuntur;
1162 4799 1297 4882 vertendis
1319 4800 1392 4853 enim
1411 4797 1484 4879 hisce
1504 4795 1571 4852 rotis
1595 4811 1650 4851 non
1675 4798 1717 4850 iii·

77 4906 189 4967 corpore
214 4889 359 4946 excesserit
379 4889 536 4960 priusquam
559 4884 654 4941 ultimo
673 4883 762 4955 gladio
786 4879 871 4959 pelle·
925 4878 1068 4935 sudabunt.
1094 4873 1232 4953 Vitruvius
1255 4871 1316 4952 illas
1344 4869 1491 4950 describitj
1521 4877 1599 4923 eraut
1626 4874 1716 4925 autem

78 4975 156 5032 vetor,
185 4967 238 5017 etc.
262 4960 353 5035 ltaque
382 4965 441 5015 baeo
468 4957 559 5012 sicarii
582 4972 662 5027 poeua
684 4954 743 5011 luit.
775 4952 873 5008 bestiis
925 4953 1101 5006 instrumenta
1124 4959 1184 5015 quae
1207 4944 1293 4999 situlis
1307 4951 1333 4997 et
1347 4955 1420 4997 vasis
1440 4939 1601 5011 quibusdam
1622 4955 1720 5011 aquam

21 5088 24 5093 ,
78 5033 258 5108 obiiciehatur
278 5032 439 5100 ianiaudus3
453 5030 493 5086 sic
514 5037 605 5084 tamen
629 5036 722 5084 curata
745 5021 870 5094 supplicii
927 5021 1097 5084 hauriebant,
1118 5024 1196 5087 atquc
1211 5013 1395 5095 cllundcbaut.
1416 5012 1456 5067 La
1475 5011 1523 5068 Pii.

78 5120 158 5179 mora,
188 5113 220 5161 ut
247 5103 352 5160 lassaris
379 5102 462 5175 longa
488 5101 591 5157 laniena
619 5100 733 5165 bestiis,
762 5084 911 5162 tandemss
963 5095 1019 5165 (ιι)
1038 5095 1144 5149 Pavum
1160 5103 1188 5144 sc
1205 5087 1337 5143 meminit
1365 5086 1507 5153 llomercs,
1533 5083 1624 5141 Ennio
1643 5100 1720 5143 eom-

78 5179 275 5245 confoderetur,
295 5175 387 5250 gladio
413 5174 442 5230 in
469 5173 560 5245 gulam
589 5183 616 5227 et
641 5170 766 5245 genitalia
789 5177 871 5239 atque
926 5168 1035 5230 nicole.
1051 5161 1194 5218 Perierunt
1212 5158 1258 5212 illa
1272 5156 1350 5211 Ennii
1366 5158 1448 5212 verba
1466 5155 1565 5228 quibus
1580 5155 1607 5210 in
1622 5170 1721 5228 pavum

77 5251 156 5306 marii
170 5258 242 5304 trans
256 5262 348 5306 costas
371 5251 399 5304 in
425 5245 576 5375 praecordia
599 5246 703 5300 adacto.
725 5241 779 5298 Sed
802 5254 828 5294 et
849 5238 872 5294 si
926 5245 1056 5299 mutatum
1078 5235 1115 5289 ait
1141 5232 1306 5294 llomerum;
1331 5229 1386 5284 duo
1414 5235 1478 5300 puto
1507 5228 1719 5285 luisscsomrric

78 5319 225 5379 bauemm
255 5321 399 5394 asperitate
439 5317 560 5374 aniatum
590 5315 660 5370 mori
692 5314 871 5384 contingeret,
926 5309 1019 5378 Ennii,
1034 5308 1067 5362 de
1082 5302 1182 5378 quibus
1199 5312 1334 5359 auctores.
1360 5300 1404 5359 ild
1427 5316 1486 5357 cam
1502 5316 1559 5357 rem
1584 5301 1720 5370 pertinere

80 5393 252 5451 ubilominus
271 5394 371 5448 mortui
396 5397 498 5466 gulam,
522 5389 643 5459 inguina,
669 5393 759 5442 costas
782 5382 873 5457 gladio
927 5389 971 5445 illa
985 5379 1070 5439 Persii
1083 5385 1135 5434 sat.
1151 5378 1177 5445 6,
1193 5373 1329 5447 putarim:
1783 5381 1789 5386 ·

80 5464 188 5525 confodi
203 5481 264 5523 mos
282 5473 350 5532 erat,
361 5473 392 5519 ut
405 5461 624 5534 compensatione
645 5474 676 5514 ac
695 5463 873 5530 representa·

80 5541 146 5598 lione
171 5539 276 5614 proprii
297 5537 424 5595 iocinoris
445 5533 557 5590 noxium
575 5546 674 5603 corpus
697 5535 779 5588 etiam
802 5528 875 5585 levio

78 5626 277 5689 percuteretur,
291 5626 346 5686 quo
360 5610 433 5669 cives
445 5612 628 5682 percusserat.
643 5607 705 5663 bio.

991 5516 1039 5568 Gor
1052 5513 1125 5579 iubet
1137 5512 1187 5560 boc
1203 5507 1277 5568 Enni,
1291 5514 1426 5571 postquam
1440 5503 1577 5563 destertuit,
1592 5515 1646 5552 esse

991 5578 1137 5636 leonides,
1152 5572 1255 5638 quintus
1271 5583 1367 5634 pavone
1382 5581 1413 5619 ox
1434 5567 1607 5631 Pythagoreo.
1624 5563 1660 5614 La
1673 5561 1721 5614 vi.
