3840 6134
741 306 786 367 AD
806 303 954 368 annuus
971 300 1190 367 TERTIJLIIINI
1215 304 1323 367 OPERA

203 429 1857 462 ---—-—-—-——---——------—---

867 582 1197 664 DISSERTATIO

210 767 263 831 DE
283 763 515 830 AFTINITATE
528 763 644 827 INTER
660 760 887 826 BAPTISIIUII
905 760 953 822 ET
973 758 1268 839 Pouulnuurlau,
1286 757 1501 833 SEQUENTIS
1519 756 1625 821 LIBRI
1644 749 1850 830 AUTIIORE,

695 897 744 968 ET
775 899 952 967 EIUSDEM
981 897 1134 964 SCRIPTI
1162 899 1364 966 TEMPORE.

1014 1082 1051 1106 ἡ

246 1250 270 1308 Ι.
290 1250 436 1320 Postquam
451 1261 518 1319 ergo
529 1243 686 1303 Tertulliani
701 1243 800 1300 librum
814 1240 848 1300 de
862 1245 1005 1317 eaptamr
1023 1261 1048 1341 fl
1063 1241 1183 1300 omnium
1197 1247 1424 1298 sacramentorum
1440 1237 1531 1309 primi,
1552 1246 1580 1292 et
1606 1251 1668 1294 enni
1691 1234 1790 1308 primis
1816 1253 1862 1294 ne·

213 1337 388 1403 absolemus,
402 1350 456 1392 non
470 1342 545 1391 recto
563 1333 674 1406 qudem
700 1340 727 1388 et
755 1332 890 1389 communi
917 1346 1007 1387 saera·
1062 1329 1324 1403 cessarii,joaaom,
1342 1328 1479 1401 Ingressus
1494 1332 1575 1398 patet.
1597 1326 1633 1379 At
1649 1339 1716 1380 uero
1730 1323 1862 1395 poeniten·

212 1434 365 1484 mentorum
387 1433 542 1481 nostrorum
568 1422 673 1493 ordine,
702 1428 817 1477 attamen
844 1435 933 1493 neque
957 1435 1009 1493 per
1062 1420 1102 1476 tia
1115 1418 1268 1474 adhibenda
1280 1423 1321 1473 est
1334 1415 1368 1471 ad
1390 1414 1505 1471 delenda
1526 1419 1637 1485 peecata
1662 1414 1806 1481 actualia,
1832 1429 1862 1469 ac

214 1517 332 1586 saltam,
351 1515 385 1570 ad
400 1513 524 1583 eiusdem
546 1510 648 1569 librum
662 1510 695 1567 de
709 1512 894 1578 Paenitentia,
909 1509 1010 1580 pariter
1062 1508 1199 1582 praecipue
1222 1523 1265 1576 ea,
1288 1521 1350 1579 quae
1365 1515 1426 1576 post
1443 1502 1606 1576 baptismum
1625 1500 1760 1572 deinceps
1787 1515 1860 1557 oom-

212 1605 286 1663 notis
303 1603 464 1677 quibusdam
487 1600 689 1668 illustrandum,
709 1597 874 1666 deferimur,
897 1612 959 1653 nem
983 1603 1011 1652 et
1063 1599 1143 1653 missa
1166 1603 1238 1653 sont.
1254 1599 1283 1651 2⁰
1303 1595 1415 1652 Ratione
1429 1596 1567 1666 effectae·
1585 1606 1646 1646 nam
1671 1590 1701 1645 in
1732 1592 1862 1661 baptismo

213 1693 273 1767 lpse
286 1694 394 1748 Author
408 1697 574 1746 sacramenta
584 1686 752 1751 intermedia,
762 1687 1010 1757 confirmationem
1063 1702 1117 1743 une
1128 1702 1189 1743 cum
1204 1686 1290 1760 eulpa
1300 1686 1538 1754 aulerturquoque
1551 1680 1640 1738 omnis
1649 1683 1753 1737 reales
1765 1695 1863 1752 pean,

215 1790 242 1840 et
255 1781 479 1849 Eaeltorisliam,
493 1793 549 1833 non
567 1776 676 1849 penitus
703 1773 837 1846 transiliit,
862 1776 909 1831 sed
937 1774 1011 1831 illam
1063 1783 1117 1831 tam
1133 1778 1258 1841 aeternae,
1273 1789 1355 1846 quom
1379 1772 1563 1847 temporalis:
1592 1767 1763 1841 poenitentioe
1777 1777 1863 1824 auten

214 1872 322 1945 quidem
336 1870 366 1923 in
381 1867 477 1938 prioris
501 1865 543 1922 sni
563 1864 624 1920 libri
637 1879 697 1935 oap.
712 1868 728 1920 6
744 1870 772 1919 et
789 1867 806 1919 ‘l
823 1864 898 1920 velut
919 1863 1011 1937 quod·
1063 1866 1152 1938 quoad
1167 1863 1344 1936 posteriorem
1363 1864 1445 1931 hunc,
1460 1875 1515 1916 non
1535 1860 1591 1930 jam
1614 1858 1712 1915 eadem
1742 1856 1861 1913 elfieaoia

213 1959 276 2014 dam
303 1954 429 2029 baptismi
460 1954 700 2026 complementum,
724 1953 799 2008 haud
825 1952 1011 2025 perfunctorie
1057 1963 1105 2010 'est
1120 1972 1127 2008 :
1140 1959 1261 2009 remanet
1279 1951 1351 2008 enim
1366 1965 1447 2024 poena
1471 1947 1626 2020 temporalis
1646 1947 1677 2001 in
1707 1944 1864 2018 purgatorio

217 2045 341 2104 tractarit
358 2063 365 2100 ι
385 2044 537 2102 hanovere
564 2060 625 2116 cap.
655 2045 689 2098 to
716 2043 759 2115 (ut
781 2041 820 2097 ihi
847 2041 1009 2113 notavimus)
1064 2042 1251 2114 persolvenda,
1264 2041 1353 2097 nisiIn
1369 2041 1419 2095 hae
1432 2038 1485 2095 vita
1500 2036 1865 2110 propeccatisplonaroib-

215 2136 312 2194 sallem
320 2133 414 2192 leviter
427 2132 527 2208 attigit·
1063 2135 1153 2205 sartio
1167 2149 1215 2205 per
1228 2147 1309 2203 opera
1337 2128 1503 2203 poenitentiae
1517 2126 1636 2199 praestita
1650 2125 1746 2181 luerit.
1768 2128 1800 2180 3ο
1818 2127 1864 2180 lla·

251 2227 286 2285 ll.
317 2226 364 2281 Est
401 2229 491 2279 auum
529 2228 658 2294 praterea
691 2219 834 2293 siugularis
874 2219 1010 2291 qnaedam,
1064 2221 1137 2277 tione
1151 2221 1304 2278 intrInseeae
1323 2236 1379 2276 suae
1397 2222 1532 2286 raalarce,⁸
1552 2215 1708 2288 baptismus
1727 2215 1802 2271 enirn
1828 2220 1865 2269 est

214 2314 261 2370 rel
287 2311 372 2383 ipsius
399 2308 566 2366 necessitatis
589 2306 704 2374 ratione,
737 2308 807 2364 inter
836 2306 1011 2380 baptismam
1064 2311 1251 2382 reponeretis,
1272 2307 1419 2382 spiritualis
1431 2307 1569 2375 nimirum,
1590 2314 1617 2361 et
1632 2305 1791 2360 seeundum
1805 2306 1865 2358 nai·

216 2406 244 2457 et
271 2397 473 2469 poeaitentiam
495 2395 638 2451 connexio.
653 2396 720 2452 Cum
744 2394 818 2449 enim
846 2380 1010 2451 rerum'om·
1064 2415 1143 2471 marr,
1159 2414 1229 2471 quae,
1249 2397 1318 2454 deut
1331 2395 1471 2470 generatio
1487 2396 1623 2462 earnalis,
1643 2393 1759 2448 nonnisi
1788 2391 1866 2447 semel

216 2487 292 2542 niam
320 2485 432 2541 Creator
457 2485 530 2539 Dens
562 2482 678 2551 primum
711 2482 851 2539 hominum
891 2483 919 2538 in
959 2485 1011 2541 hoo
1066 2486 1126 2542 fieri
1139 2494 1246 2558 potest3
1265 2495 1347 2557 atque
1360 2485 1422 2541 ideo
1441 2484 1590 2556 baptismus
1604 2482 1632 2538 iu
1647 2497 1695 2552 eo,
1719 2481 1767 2553 qui
1791 2496 1865 2538 eum·

220 2574 387 2643 universum,
424 2587 475 2628 reu
501 2571 721 2645 patentissimum
754 2588 829 2629 mare
865 2572 1010 2644 quoddam,
1029 2543 1128 2634 Edem
1149 2575 1231 2631 semel
1245 2574 1334 2632 aalide
1353 2574 1480 2647 suscepit,
1501 2571 1636 2630 reiterari
1663 2569 1774 2642 nequit,
1808 2570 1866 2625 hine

215 2663 368 2731 elludisset,
394 2676 426 2718 oo
448 2659 498 2717 loti
522 2659 639 2717 humano
664 2661 757 2738 generi
784 2662 911 2732 delneeps
938 2663 1014 2720 uelut
1066 2666 1138 2722 velut
1154 2665 1287 2736 impresso
1304 2665 1421 2737 quodam
1434 2663 1532 2735 sigillo,
1548 2662 1717 2719 charactere
1733 2658 1866 2729 ridehoet,

215 2752 458 2811 arehitltalarsam
485 2749 616 2820 dedIsset,
645 2750 668 2804 is
699 2765 763 2807 uero
790 2751 878 2808 noxiae
906 2751 1013 2823 eupidi-
1066 2752 1235 2826 obsignatus.
1255 2752 1290 2808 dt
1312 2751 1469 2824 poenitentia
1489 2749 1519 2807 lit
1543 2748 1685 2806 informa
1708 2747 1822 2820 judicii
1841 2746 1867 2800 in

215 2842 346 2898 tatIssnae
360 2839 488 2895 lluetihns
503 2838 641 2910 abreptus,
657 2841 745 2898 navim
767 2856 844 2896 suam
866 2839 895 2895 in
919 2840 1012 2898 duris-
1066 2857 1121 2914 quo
1136 2843 1217 2899 homo
1232 2848 1358 2914 tanquam
1381 2856 1458 2910 reus,
1475 2838 1572 2911 suique
1595 2836 1679 2894 simul
1705 2839 1864 2901 accusator,

216 2931 315 2987 simum
340 2927 485 3000 scopulum
508 2928 617 3000 peceati
640 2929 790 3000 omoioalis
814 2928 950 2998 ollisIsset,
980 2943 1014 2985 ao
1065 2946 1083 2987 a
1110 2930 1215 2987 delletis
1238 2929 1295 2986 suis
1317 2929 1477 2987 absolvitur.
1504 2928 1577 2985 Sicut
1593 2934 1686 2982 autem
1716 2941 1785 2982 reus
1812 2934 1867 2996 post

215 3034 270 3075 non
285 3017 327 3073 sui
349 3015 446 3082 solius,
469 3015 516 3072 sed
537 3025 659 3073 nostrum
686 3017 805 3074 omnium
832 3017 1013 3073 miserrimum
1066 3033 1167 3075 novum
1206 3017 1347 3091 quodlibet
1369 3017 1507 3083 dellotum,
1546 3023 1626 3088 atque
1654 3013 1811 3087 relapsum,
1837 3012 1867 3069 ad

215 3104 389 3179 naulragInm
411 3103 529 3172 lecisset,
558 3106 689 3161 immensa
722 3107 896 3163 Salvaroars
927 3106 1014 3163 nostrl
1066 3108 1184 3163 tribunal
1206 3108 1356 3163 humanum
1379 3105 1498 3179 pertrahi
1512 3113 1610 3178 potest,
1624 3103 1663 3158 ita
1683 3108 1749 3174 post
1773 3103 1867 3175 baptis

214 3193 1013 3268 uonmssprtmamnobisporrexittatetamumrrsunn,
1066 3211 1141 3251 marn
1156 3195 1258 3267 lapsus,
1279 3210 1340 3250 eum
1364 3194 1449 3250 semel
1469 3192 1657 3265 poenitentiam
1679 3193 1739 3266 egit
1764 3191 1865 3255 eaden,

216 3266 391 3358 quaariepta
404 3285 433 3340 in
448 3291 556 3357 portum
577 3282 673 3341 salutis
694 3284 784 3341 denuo
798 3300 1012 3359 emergeremus.
1066 3298 1130 3340 eum
1148 3283 1238 3340 denno
1259 3283 1383 3353 relapsos
1407 3281 1498 3348 luerit,
1523 3279 1602 3338 toties
1632 3279 1726 3336 eidem
1751 3280 1867 3337 iteranda

215 3376 406 3433 diversoum
424 3372 452 3429 in
472 3375 533 3447 ipso
555 3373 607 3430 hoc
620 3378 708 3447 porto
726 3374 841 3446 plurima
862 3373 1014 3446 hominum,
1066 3380 1119 3442 est,
1139 3373 1253 3446 ideoque
1268 3387 1410 3444 nunqnam
1419 3372 1573 3426 charactere
1592 3369 1715 3442 quodam
1738 3369 1865 3442 obsigna·

215 3467 295 3544 nous
317 3481 413 3521 rursus
439 3462 565 3519 fluetibus
591 3461 826 3533 involvendorum,
859 3465 1014 3536 naufrapio
1068 3470 1120 3532 tur,
1135 3462 1264 3531 quoniam
1277 3476 1329 3519 nee
1342 3459 1530 3517 misericordia
1546 3458 1600 3513 Dar
1624 3458 1763 3532 delnoeps
1786 3459 1865 3514 eidem

216 3553 308 3610 futura
325 3558 519 3624 praenosoeret,
543 3551 708 3610 labefactata
730 3552 899 3624 nlmiumqne
926 3552 1014 3606 insta·
1067 3553 1226 3610 occluditur.
1239 3553 1267 3608 i·
1282 3551 1398 3607 Ratione
1422 3548 1866 3619 amessiiotis3baptismusenin

215 3641 265 3698 bili
279 3641 411 3697 uoluntati
425 3650 533 3707 nostrie,
553 3640 625 3696 idem
645 3651 874 3697 sacramentorum
906 3639 1014 3696 iustitu·
1067 3641 1194 3698 omnihus
1222 3639 1388 3706 homiuibus,
1416 3638 1498 3694 etiam
1523 3638 1653 3710 parvolis
1687 3637 1748 3709 (qui
1785 3645 1865 3693 umen

217 3739 260 3787 tor
275 3728 398 3785 Christus
411 3728 565 3786 secondom
588 3734 651 3803 posi
674 3732 861 3802 naufrnpiem
886 3730 1015 3788 tabulam
1070 3729 1177 3786 nonnisi
1188 3734 1298 3803 peceato
1313 3728 1448 3800 eripienti
1461 3725 1624 3798 coinquinati
1642 3728 1720 3796 sunt)
1744 3725 1783 3780 ad
1799 3723 1864 3780 saln-

218 3828 434 3881 oncurnnurraa,
449 3816 529 3871 nobis
545 3817 671 3888 projecit,
684 3832 738 3889 que
759 3817 845 3888 adjuti
872 3818 963 3874 denuo
986 3820 1014 3875 in
1070 3829 1122 3876 tem
1145 3818 1314 3875 necessarius
1329 3825 1369 3873 est
1385 3834 1391 3876 z
1407 3814 1566 3888 poenitentia
1588 3828 1655 3872 vero
1672 3813 1740 3872 solis
1754 3814 1861 3876 adultis,

199 3919 347 3963 ¹securum
361 3902 435 3960 littus
449 3909 628 3960 enataremus.
654 3907 744 3976 Atque
770 3904 814 3962 hic
841 3908 948 3979 quidem
971 3907 1016 3966 ille
1032 3884 1055 3966 Β
1069 3907 1116 3981 qui
1129 3907 1249 3979 peccetis
1277 3907 1385 3978 propria
1405 3905 1552 3976 uoluntate,
1567 3920 1616 3960 seu
1630 3913 1709 3971 ante,
1736 3920 1788 3960 sen
1812 3912 1864 3974 post

217 4007 372 4052 serranus
385 3998 528 4061 estonam
543 3989 627 4048 Cone.
642 3991 717 4048 Trid.
733 4009 800 4050 sess.
816 4010 875 4062 xiv,
905 4010 955 4067 cap
985 4000 1013 4064 2,
1066 3997 1229 4068 baptismum
1248 3994 1408 4062 commissis,
1424 3993 1534 4051 obnoxii
1562 4001 1640 4064 sont;
1660 4008 1716 4053 neo
1746 3995 1782 4050 de
1804 4009 1862 4067 pec·

218 4085 398 4142 Lanonrosau
412 4078 546 4152 appellat3
562 4080 659 4153 in'quo
674 4097 738 4140 sane
752 4099 802 4156 per
824 4084 907 4140 ardua
923 4086 1014 4141 Poeni·
1068 4089 1131 4144 eale
1144 4085 1279 4158 ammonii
1293 4099 1355 4142 uera
1366 4098 1397 4138 ac
1411 4082 1519 4156 proprie
1532 4082 1605 4138 dieto
1628 4083 1803 4153 poenitentia,
1824 4078 1864 4136 aad

219 4175 310 4233 tende
323 4188 406 4245 opera
419 4172 597 4228 uehementer
621 4172 814 4229 elaborandum
829 4182 880 4242 est,
905 4184 935 4232 ut
962 4174 1014 4231 de·
1069 4173 1179 4231 nonnisi
1201 4174 1229 4229 in
1252 4172 1340 4228 latiori
1353 4187 1446 4239 sensu,
1461 4168 1601 4241 cujuslibet
1615 4172 1753 4228 nimirum
1776 4169 1864 4244 dlspli·

220 4265 285 4321 lieta
302 4278 356 4318 non
367 4261 426 4332 jem
440 4259 530 4317 abeno
556 4276 686 4333 aquarum
710 4262 795 4330 fonte,
823 4264 870 4319 sed
898 4263 1015 4336 propriis
1069 4264 1165 4319 centiae
1187 4278 1219 4319 ae
1232 4260 1414 4319 detestationis
1445 4259 1509 4315 mali
1532 4257 1673 4332 praeteriti,
1704 4261 1752 4336 agi
1778 4266 1863 4333 potest

218 4352 320 4409 nostris
328 4349 453 4424 lacrymis
465 4350 597 4407 eluamus.
1069 4353 1199 4410 Consulto
1229 4361 1318 4408 eutem
1350 4357 1481 4424 pretereo
1507 4348 1576 4405 alias
1605 4348 1794 4425 differentias,
1814 4365 1863 4406 ono

257 4442 304 4497 111.
318 4442 412 4512 ltaque
431 4454 549 4511 sequens
563 4438 631 4495 liber
644 4438 729 4512 priori
744 4453 777 4497 eo
792 4439 881 4513 aptius
903 4455 919 4494 a
937 4438 1016 4497 nohis
1069 4440 1314 4515 impraesentiarum
1328 4442 1362 4498 de
1380 4444 1559 4498 sacramento
1570 4441 1760 4512 penitentia
1773 4441 1864 4498 ahsa

221 4528 406 4601 subjungitur,
421 4529 494 4602 quod
509 4527 583 4601 prior
600 4527 647 4583 ille
661 4527 689 4583 iu
712 4528 801 4600 ipsam
818 4528 1015 4601 poenitentiam,
1068 4530 1249 4589 hereanImus
1263 4532 1308 4588 sit.

220 4628 347 4692 tanquam
362 4616 587 4689 praeparationem
601 4616 735 4687 baptismo
751 4616 779 4672 in
794 4617 896 4674 adultis
913 4633 1015 4676 neees-
1106 4621 1140 4678 V.
1156 4623 1234 4678 Nune
1248 4619 1282 4676 ad
1296 4621 1436 4678 authorem
1450 4618 1533 4690 hujus
1545 4618 1609 4674 libri
1631 4619 1801 4680 rodlandum
1815 4625 1863 4676 eet:

220 4707 329 4773 sarim,
355 4705 474 4771 desierit,
498 4705 543 4762 hio
565 4719 643 4772 vero,
669 4705 767 4762 idonea
789 4705 862 4765 velut
889 4709 1018 4766 commis·
1071 4727 1152 4783 quom
1167 4710 1276 4782 quidem
1292 4709 1486 4767 Tertullianum
1501 4725 1570 4779 esse,
1585 4723 1669 4765 nemo
1695 4727 1786 4785 neque
1813 4707 1862 4766 olid

219 4813 294 4865 sura,
313 4795 434 4853 eamdem
455 4794 536 4851 latius
560 4804 749 4868 prosequatur,
765 4806 792 4854 et
812 4796 887 4853 illam
910 4814 1016 4871 quoqne
1051 4798 1212 4869 ‘dubitarit
1231 4815 1319 4871 neque
1345 4805 1417 4855 nunc
1430 4796 1544 4854 duhitat.
1571 4797 1652 4854 Unus
1666 4807 1728 4855 erat
1749 4799 1862 4855 Eranam

220 4884 419 4950 Paenitentiam,
435 4898 496 4956 quae
505 4892 568 4957 post
581 4883 743 4956 baptismum
754 4886 872 4958 relapsis
881 4896 1016 4960 superest,
1070 4889 1276 4958 Roterodamus,
1297 4888 1421 4945 eumdem
1443 4886 1605 4942 TertullIano
1636 4886 1789 4946 detrahere
1801 4899 1864 4943 conr

221 4973 388 5031 enucleatius
406 4979 560 5044 perlittlel·
1072 4986 1125 5047 tus,
1154 4995 1235 5051 quem
1263 4978 1370 5035 nonnisi
1391 4979 1488 5034 heatus
1510 4975 1659 5033 Rhenanus
1688 4987 1801 5035 secutus
1821 4982 1863 5036 etl,

257 5062 304 5119 lV.
320 5062 381 5116 Non
395 5076 449 5117 una
467 5069 554 5119 autem
569 5061 637 5120 iuter
656 5063 821 5136 baptismum
835 5072 862 5120 et
884 5065 1019 5137 poeniten·
1071 5078 1183 5141 uterque
1200 5066 1247 5123 uni
1265 5067 1330 5124 hnic
1343 5073 1513 5140 argumento,
1525 5065 1590 5122 sotis
1617 5065 1715 5140 utique
1737 5061 1861 5123 imbecilli

221 5151 288 5208 dam
302 5149 454 5206 dillerentia
467 5159 509 5208 est
524 5169 530 5206 :
547 5156 577 5214 1⁰
604 5153 714 5221 onidem
738 5154 839 5211 ratione
868 5155 952 5227 finia-
977 5163 1018 5212 est
1034 5172 1057 5250 ὓ
1072 5154 1192 5223 innixus,
1207 5156 1276 5228 styli
1289 5156 1458 5215 diversitati.
1477 5156 1568 5226 litque
1592 5155 1667 5211 hunc
1696 5156 1807 5229 quidem
1819 5165 1861 5208 nor

221 5241 294 5296 enim
317 5239 468 5310 baptismus
481 5240 623 5297 institutus
647 5243 784 5315 praeeipue
813 5243 847 5297 ad
872 5243 1018 5300 delendum
1072 5261 1145 5318 nego
1159 5244 1186 5300 iu
1201 5246 1253 5300 hoe
1267 5244 1337 5300 libro
1354 5244 1436 5316 panlo
1450 5242 1624 5314 floridiorem
1646 5259 1721 5313 esse,
1743 5245 1793 5302 sed
1819 5253 1859 5296 1¹⁰¹

139 5379 142 5385 .
220 5334 367 5403 peceatum
395 5330 545 5401 oripirrole,
575 5337 603 5384 ot
626 5330 728 5403 reliqna
751 5331 778 5385 in
806 5330 905 5385 adultis
930 5331 1019 5387 eidem
1072 5348 1170 5408 magna
1201 5348 1218 5387 a
1254 5329 1429 5403 reliquorum,
1453 5329 1535 5386 etiam
1562 5345 1633 5404 qnos
1648 5339 1774 5387 extrema
1792 5329 1858 5384 teme

222 5417 401 5484 adherentie3
422 5418 520 5472 deinde
549 5425 577 5471 ut
600 5433 648 5487 per
676 5417 750 5472 illum
769 5418 850 5473 homo
874 5430 1020 5493 agregatur
1072 5430 1150 5478 atate
1164 5420 1282 5493 scripsit,
1301 5421 1464 5490 diversitate,
1481 5429 1509 5476 et
1537 5420 1623 5476 solum
1651 5423 1681 5476 in
1709 5419 1856 5493 quibusdan
1908 5444 1910 5493 p

221 5507 325 5578 populo
354 5505 414 5578 Dei,
458 5506 558 5576 fiatque
581 5506 731 5562 membrum
756 5505 902 5576 Ecclesia,
931 5525 1019 5581 neque
1072 5510 1217 5584 alleporir‘s
1239 5524 1270 5565 oe
1294 5509 1468 5582 metaphoris
1495 5508 1576 5580 paulo
1601 5508 1794 5565 illustrioribus
1806 5504 1855 5560 site

223 5593 297 5648 enim
312 5594 573 5663 alinsadeamdein,
603 5612 684 5669 quem
709 5610 757 5668 per
784 5596 854 5653 hano
881 5598 1017 5671 baptismi,
1070 5599 1148 5670 Quod
1159 5601 1182 5655 si
1192 5615 1258 5657 roro
1272 5599 1376 5657 similes
1394 5597 1520 5656 flosculos
1534 5615 1566 5656 ea
1580 5600 1643 5658 aliis
1655 5599 1856 5670 ejusdemoee
