3848 6120
682 298 779 361 LIBER
797 301 838 361 illi
858 303 975 366 thina.
1603 307 1652 369 tto

108 433 159 495 {aaa
172 427 234 476 sunt
253 429 280 476 et
299 419 460 477 intellectus.
481 421 522 478 Ειι
541 422 581 480 his
602 423 674 479 enirn
698 427 800 498 pmdu-
816 415 840 494 fl
856 428 942 488 titulo.
962 427 1050 487 684
1073 430 1190 500 Apparet
1202 438 1301 500 quanta
1314 430 1369 486 sint
1383 447 1443 502 qnae
1459 448 1538 487 unam
1553 432 1652 489 animae

118 506 239 583 ingenia.
258 509 350 579 Porro,
367 512 421 566 nt‘·
442 510 551 583 frugum
575 514 724 570 seminibus
748 532 801 572 ιιιιιι
856 526 979 573 naturam
1000 518 1073 575 varie
1095 517 1261 581 collocarint,
1284 528 1313 574 ut
1336 519 1418 590 vulgo
1442 531 1546 577 naturae
1565 522 1652 592 depu-

109 612 142 655 ne
154 597 260 671 generis
275 599 360 654 forma
383 611 434 669 est,
452 615 596 672 processus
621 612 707 660 tarneu
723 604 801 677 varii,
857 616 956 676 tontnr,
970 608 1079 681 quando
1093 621 1146 664 non
1169 608 1274 679 speeies
1289 607 1354 672 sint,
1369 607 1416 662 sed
1439 617 1525 664 sortes
1550 619 1651 666 naturae

109 696 181 763 tegre
198 697 267 744 statu
289 689 414 755 eradunt,
436 689 486 744 alia
506 690 585 746 etiam
609 691 722 749 meliora
743 710 800 750 res·
856 695 1051 752 etsuhstantiae
1066 696 1164 768 anins;
1189 695 1259 751 illins
1283 695 1393 760 seilicet,
1422 712 1504 767 qnam
1526 698 1599 752 Deus
1623 699 1650 753 in

109 782 136 847 rt,
154 777 206 835 alia
231 777 397 849 degenerant
424 794 472 851 pro
499 779 656 836 conditione
683 781 746 838 coeli
775 791 801 838 et
854 782 941 839 Adam
956 783 1080 853 contulit,
1095 791 1122 839 et
1144 783 1280 840 matricem
1307 782 1428 838 omnium
1449 783 1513 840 feeit
1537 801 1544 838 :
1570 796 1651 856 atque

109 880 136 925 rs
162 867 268 923 ratione
286 866 386 937 operis,
409 877 435 922 et
460 884 542 934 curan,
570 885 620 939 pro
649 878 801 942 temporum
854 871 923 928 adeo
937 879 1025 928 sortes
1039 880 1125 932 erant.
1148 887 1201 927 riou
1219 871 1325 942 species
1344 870 1500 927 substantia
1514 872 1605 941 nnius,
1621 884 1651 930 ut

109 997 112 1019 ,
136 970 187 1028 pro
208 955 315 1012 licentia
342 972 452 1011 casuum
476 977 482 1012 :
507 956 544 1013 ita
558 965 583 1013 et
602 958 717 1015 animam
732 959 800 1018 lice·
855 968 882 1015 et
895 959 1013 1017 varietas
1029 959 1080 1014 ista
1094 959 1205 1016 moralis
1223 967 1324 1031 quanta
1349 974 1422 1017 nunc
1436 967 1486 1025 est,
1503 969 1578 1016 tanta
1596 977 1652 1018 non

109 1040 166 1101 tine
189 1043 358 1115 uniformem,
375 1042 440 1100 fietu
459 1044 651 1103 multiformem
668 1066 674 1103 :
692 1064 754 1104 nam
775 1058 801 1105 et
854 1045 934 1103 fuerit
957 1046 985 1102 in
1008 1045 1068 1118 ipso
1096 1045 1216 1117 principe
1234 1045 1343 1121 generis
1369 1046 1465 1102 Adam.
1496 1047 1652 1104 Debueram

109 1149 141 1190 rm
155 1131 190 1188 de
204 1131 271 1189 loeis
286 1133 408 1190 interest.
431 1134 532 1190 Thebis
553 1136 663 1192 hebetes
686 1146 713 1193 et
738 1139 802 1194 hrn-
854 1134 925 1191 enim
939 1133 1024 1191 fuisse
1038 1133 1198 1192 haecomnia
1215 1133 1242 1188 in
1260 1135 1316 1201 illo,
1337 1123 1366 1189 irt
1388 1133 1416 1188 in
1438 1133 1512 1191 fonte
1536 1142 1650 1202 naturas,

109 1218 138 1281 ef
156 1220 267 1277 relatum
283 1227 324 1277 est
337 1221 416 1292 (35);
432 1220 545 1279 Athenis
568 1225 693 1295 sapiendi
708 1226 800 1284 dicen·
855 1230 935 1294 atque
949 1222 1012 1279 inde
1029 1239 1089 1279 cum
1114 1231 1168 1279 tota
1182 1221 1310 1280 varietate
1334 1238 1468 1290 manasse,
1494 1223 1517 1280 si
1536 1224 1652 1281 sanetas

109 1308 279 1369 sanissimos
303 1311 378 1382 (36);
403 1311 448 1366 nbi
478 1329 560 1384 penes
579 1315 704 1387 cotytam
725 1317 801 1387 pueri
854 1319 956 1368 naturae
970 1309 1074 1368 fuisset·

111 1396 194 1457 eitius
212 1397 385 1470 eloquuntur,
402 1415 522 1468 praecoce
543 1401 645 1476 lingna.
662 1401 801 1475 Siquidem

109 1483 161 1544 tin
180 1487 290 1551 Timeo,
313 1486 461 1543 minervam
476 1488 602 1555 affirmat,
627 1505 686 1546 cum
707 1493 801 1549 urbem
1147 1450 1263 1511 CAPUT
1281 1451 1360 1508 XXI·

110 1574 240 1640 saliretur,
256 1575 321 1629 nihil
338 1574 410 1630 aliud
432 1592 512 1648 qnam
536 1579 654 1650 regionis
679 1589 798 1636 naturam
889 1576 967 1648 Quod
995 1577 1017 1633 si
1046 1577 1187 1635 uniformis
1215 1587 1312 1635 natura
1341 1578 1430 1635 anima
1459 1580 1493 1634 ah
1522 1580 1597 1638 initio
1625 1582 1653 1638 in

110 1663 187 1735 elate,
204 1663 268 1720 talia
282 1665 389 1738 ingenia
408 1665 566 1737 pollicitam.
583 1667 659 1723 Unde
680 1678 707 1724 et
730 1668 799 1742 ipse,
855 1666 952 1734 fidam,
969 1673 1029 1721 unte
1049 1674 1088 1721 tot
1102 1665 1219 1739 ingenia,
1236 1680 1303 1735 ergo
1318 1681 1372 1721 uon
1391 1665 1565 1724 multiformis
1579 1670 1592 1706 ⁸
1605 1685 1654 1740 per

110 1752 169 1821 ese,
184 1752 292 1826 Megillo
308 1761 334 1808 et
346 1754 438 1809 Cliniae
453 1754 575 1825 praecipit
602 1757 749 1814 condendae
764 1760 802 1814 ci·
819 1718 841 1795 Β
857 1763 896 1812 tot
910 1753 1035 1830 ingenia3
1048 1755 1103 1824 jam
1118 1769 1169 1808 nee
1189 1753 1202 1791 ⁹
1223 1751 1362 1818 triformis,
1387 1761 1416 1809 nt
1438 1754 1527 1811 adhuc
1549 1755 1654 1813 trinitas

110 1840 192 1901 Ιωιιιι
216 1856 372 1912 procurare.
403 1842 456 1897 Sed
489 1843 665 1914 Empedocles
692 1861 803 1903 causam
857 1840 1044 1902 Valentiniana
1059 1841 1115 1914 (38)
1132 1841 1261 1909 cedatur,
1277 1856 1339 1911 qnae
1361 1857 1410 1897 nec
1434 1841 1493 1912 ipsa
1515 1843 1541 1897 in
1566 1846 1654 1901 Adam

110 1928 234 1987 tludolis
265 1938 292 1984 et
324 1931 428 1984 obtusae
459 1929 485 1984 in
511 1932 651 2004 sanguinis
673 1934 804 2005 qualitate
859 1933 1068 2004 recognoscitur.
1090 1930 1161 2000 Quid
1176 1930 1248 1985 enim
1263 1928 1400 2000 spirituale
1419 1929 1446 1983 in
1466 1930 1580 1987 ittotsi
1593 1935 1655 2004 qnia

110 2014 167 2089 aft3
199 2019 347 2091 perfeetum
379 2035 409 2073 ac
438 2018 591 2088 profectum
619 2022 654 2079 de
682 2023 803 2079 doctrina
859 2016 1654 2092 prophetaritmagnumillndsaeramentnminChristum

110 2108 203 2181 esque
225 2107 342 2163 deducit.
364 2109 465 2162 Tamen
494 2109 600 2180 vulgata
616 2111 674 2180 jam
694 2127 738 2168 res
761 2119 804 2168 est
857 2120 883 2167 st
899 2107 1048 2166 Ecclesiam
1071 2108 1152 2177 (Gerr.
1168 2109 1199 2177 ιι)
1217 2124 1224 2165 :
1241 2108 1296 2163 lloc
1311 2123 1341 2163 os
1356 2122 1392 2161 ee
1407 2106 1511 2163 ossibus
1530 2110 1610 2173 meis,
1626 2113 1656 2166 et

110 2212 146 2255 nn
157 2197 366 2271 proprietatum.
392 2196 492 2252 Comici
508 2198 628 2272 Phrygas
648 2199 756 2256 timidos
769 2202 802 2256 it·
856 2214 923 2256 cero
933 2213 1063 2256 execres
1078 2213 1151 2260 mea,
1162 2195 1306 2252 vocabitur
1316 2195 1435 2261 rneliem
1445 2199 1598 2268 propterea
1609 2211 1654 2253 re·

114 2283 284 2356 multamus
308 2300 391 2341 vanos
410 2287 528 2351 Mauros,
556 2299 582 2342 et
609 2285 711 2345 feroces
737 2288 802 2344 Dal·
858 2288 966 2360 linquet
980 2286 1061 2344 mmo
1074 2289 1189 2357 pafrem
1204 2288 1375 2352 etmetrem,
1388 2285 1654 2356 stupplutiaahitnr

110 2374 219 2450 polset;
242 2378 384 2430 mendaces
403 2376 496 2430 Cretas
512 2375 567 2445 (st)
582 2377 662 2432 etiam
681 2377 802 2449 Aposto-
856 2377 975 2434 rrreliem‘
995 2391 1065 2442 raoe,
1077 2377 1105 2431 ef
1120 2378 1205 2431 erant
1224 2373 1278 2430 dno
1297 2373 1329 2428 in
1347 2388 1462 2430 curnem
1477 2390 1585 2442 uncum
1600 2373 1654 2430 hoo

110 2466 129 2520 l.
143 2478 165 2535 1,
187 2466 232 2535 ts)
246 2462 340 2519 inurit.
364 2463 526 2519 Fortassean
548 2473 574 2520 et
587 2464 620 2521 de
642 2481 756 2539 corpore
774 2475 803 2525 et
856 2471 951 2537 postea
965 2462 1082 2531 obvenit,
1107 2478 1168 2519 enm
1196 2461 1224 2517 in
1247 2461 1324 2517 illum
1343 2463 1416 2518 Deus
1428 2463 1574 2520 amentiam
1599 2463 1652 2520 im-

111 2551 206 2611 tadine
221 2553 321 2624 aliquid
338 2552 448 2608 accedat
466 2569 472 2607 :
494 2552 619 2622 opimitas
641 2555 802 2627 sapientiam
856 2552 926 2610 misit
940 2552 1011 2626 (39),
1035 2551 1184 2622 spiritalem
1200 2550 1251 2607 vim
1272 2567 1326 2623 qua
1340 2557 1444 2608 constat
1459 2552 1612 2624 prophetia.
1624 2552 1653 2609 si

111 2649 127 2709 t,
141 2640 250 2699 exilitas
265 2641 374 2712 expedit
387 2660 394 2708 ;
412 2640 543 2713 paralysis
567 2650 682 2698 mentem
707 2645 802 2712 prodi·
854 2656 881 2699 et
896 2641 996 2697 malum
1009 2637 1037 2695 in
1052 2654 1085 2695 eo
1099 2639 1224 2710 apparuit
1247 2638 1470 2711 transgressionis
1494 2639 1654 2709 admissum,

111 2724 297 2788 lhisisserrat.
318 2729 426 2798 Quanto
449 2730 538 2799 angis
565 2732 600 2786 de
619 2733 802 2790 accidentibus
854 2746 905 2787 nee
923 2731 974 2786 hoc
997 2729 1119 2785 naturale
1142 2729 1327 2798 deputandum
1351 2734 1402 2796 est,
1428 2728 1500 2800 quod
1524 2728 1654 2785 instinctu

111 2826 182 2889 ntnr,
206 2834 278 2890 quae,
307 2817 374 2874 eitra
402 2819 413 2856 ⁵
434 2817 630 2889 corpulentiam
654 2830 682 2878 et
707 2822 801 2880 valen·
855 2819 989 2890 serpentis
1007 2826 1134 2889 operatus
1149 2825 1188 2872 est
1203 2818 1283 2885 (Cen.
1300 2815 1351 2886 ιιι),
1368 2822 1421 2870 tam
1445 2830 1499 2871 non
1523 2818 1653 2883 naturale,

111 2905 263 2976 claeonnt,
278 2907 319 2964 rel
343 2906 512 2962 obtunduntl
530 2911 638 2964 Acuunt
662 2911 800 2978 doctrinae,
857 2925 936 2981 qnam
963 2923 1014 2962 uec
1041 2905 1195 2975 materiale;
1225 2905 1288 2977 quia
1305 2915 1332 2961 ot
1350 2905 1470 2960 materiae
1493 2903 1573 2961 fidem
1599 2906 1656 2977 iam

111 3009 162 3067 aas,
186 3005 266 3061 artes,
298 3005 325 3051 et
349 2996 524 3065 experientia,
548 2996 665 3069 negotia,
690 2999 800 3069 studia,
820 2997 1031 3077 terciusimus.
1048 2995 1127 3064 Quod
1146 2992 1170 3048 si
1188 3010 1237 3049 nec
1260 2992 1391 3065 spiritale,
1418 3008 1469 3050 neo
1491 2993 1564 3065 qnod
1586 2992 1654 3051 dici·

111 3092 156 3141 ant
199 3083 322 3149 inscitiae,
351 3084 476 3157 ignarire,
510 3086 630 3153 desidiae,
667 3087 801 3155 libidines,
856 3099 900 3144 tur
927 3083 1065 3142 materiale
1094 3083 1274 3156 propriumin
1294 3082 1340 3138 illo
1360 3081 1508 3151 fnit;nam
1533 3083 1556 3141 si
1579 3083 1601 3123 ¹⁰
1623 3101 1655 3143 ex

111 3171 214 3243 ientias,
239 3172 304 3239 otia,
335 3172 421 3241 ritia;
446 3190 528 3245 snper
548 3176 616 3243 haec,
640 3176 664 3231 si
690 3187 716 3232 et
738 3177 799 3246 alia,
855 3174 966 3231 materia
990 3172 1085 3230 fnisset
1108 3170 1172 3226 mali
1190 3186 1292 3239 semen,
1318 3179 1443 3242 superest
1464 3179 1494 3227 ut
1519 3171 1608 3227 solnm
1626 3172 1655 3226 in

111 3271 197 3319 mot
211 3266 370 3332 potestates.
385 3261 530 3318 Enimvero
549 3272 678 3334 praesunt,
699 3281 799 3321 secun·
855 3266 901 3321 illo
915 3273 942 3320 et
956 3262 1064 3320 unicum
1088 3260 1170 3316 fuerit
1193 3261 1328 3324 naturale,
1344 3259 1417 3332 quod
1444 3266 1570 3316 censetur
1596 3260 1655 3316 ani·

111 3364 134 3407 ra
144 3350 263 3425 quidem,
280 3352 352 3406 llens
366 3351 505 3418 Dominus,
531 3360 557 3407 et
572 3353 698 3409 diabolus
711 3370 798 3410 aemn·
854 3353 942 3422 male;
964 3349 1037 3425 qnod
1053 3358 1123 3406 statu
1139 3349 1256 3420 simplex
1271 3358 1298 3403 et
1311 3346 1445 3404 uniforme
1464 3348 1652 3409 defendimus:

111 3439 229 3497 cumam
249 3455 418 3497 communem
440 3449 530 3496 autem
555 3441 712 3513 opinionem
737 3459 800 3515 pro·
853 3445 893 3499 De
908 3444 958 3500 hoc
973 3441 1054 3514 plane
1076 3438 1234 3511 relinquitur
1252 3437 1337 3510 queri
1360 3453 1394 3493 an
1418 3436 1582 3494 demutabile
1607 3439 1655 3493 de-

111 3526 154 3585 ef
172 3526 256 3584 latam
270 3535 296 3584 et
310 3529 466 3596 necessitas,
492 3541 519 3585 et
539 3530 644 3585 fortuna
658 3532 668 3569 l
683 3541 711 3587 et
723 3532 799 3587 arhi—
853 3532 915 3588 beat
930 3529 1014 3597 credi,
1028 3527 1101 3601 quod
1115 3528 1235 3584 naturale
1258 3527 1375 3583 dicator.
1398 3525 1483 3582 lidem
1498 3525 1570 3581 enim
1585 3541 1654 3582 eon-

113 3624 177 3675 rtas
192 3616 261 3672 Nam
276 3618 341 3683 haee,
362 3626 388 3671 et
409 3616 560 3689 philosophi
580 3617 758 3691 distinguunt,
773 3629 799 3675 et
853 3618 1005 3675 vertibilem
1028 3625 1130 3689 nogant
1149 3624 1282 3677 naturam,
1304 3620 1332 3669 nt
1354 3613 1502 3671 trinitatem
1526 3628 1603 3667 snam
1627 3613 1655 3669 in

112 3704 223 3765 tundam
247 3708 327 3762 tidem
347 3707 504 3762 disserenda
527 3723 577 3764 sno
599 3709 653 3776 jam
673 3709 798 3765 vovimus
852 3707 965 3779 singulis
979 3705 1190 3778 proprietatibus
1205 3702 1289 3778 figant
1306 3721 1312 3761 :
1330 3703 1394 3775 quia
1407 3701 1489 3759 arhor
1509 3701 1583 3758 hona
1595 3719 1654 3758 ma·

682 3825 778 3888 Variae
813 3829 971 3888 lectiones.

112 3928 191 3987 Pers.
206 3929 246 3984 nl.
262 3929 360 3985 ⁵Cirea
384 3932 462 3985 Pom.
481 3932 567 3987 Semi.
590 3930 701 3988 Obortis.
716 3931 729 3970 ⁶
742 3933 776 3986 Et
792 3930 963 4002 providentis
976 3934 1004 3984 et
1025 3930 1106 3984 Pam.
1124 3926 1210 3984 Semi.
1228 3925 1315 3982 libem
1331 3923 1342 3960 ⁷
1358 3923 1485 3981 Fortunae
1497 3924 1556 3997 ltip.
1568 3925 1656 3981 l'sn.l

112 3998 225 4059 diosmis
239 4000 304 4060 add.
322 4001 410 4058 ltlrerr.
422 4003 501 4056 Pam.
515 4003 527 4040 ‘³
541 4002 595 4057 Nee
609 4018 663 4073 qua
672 4004 732 4073 llip.
751 4004 814 4059 Vera.
826 4018 876 4058 nec
889 3998 1081 4074 quadriformis
1094 3998 1154 4055 cod.
1170 3996 1304 4069 rigoberti.
1318 3997 1342 4034 ¹⁰
1355 3997 1390 4051 Et
1404 3996 1427 4051 si
1438 3995 1524 4053 Semi.
1542 3995 1652 4054 Obertls.

702 4118 952 4183 Commentarius.

112 4222 203 4285 Mis
220 4223 328 4281 trebates
346 4229 375 4281 et
394 4223 490 4280 brutos
510 4225 590 4279 nosci
604 4224 729 4280 relatum
741 4229 794 4280 est.
813 4240 836 4317 n
852 4226 993 4304 hymnum,
1010 4236 1043 4276 ex
1063 4237 1116 4293 qno
1130 4220 1191 4276 loeo
1207 4221 1237 4277 B.
1256 4220 1402 4288 apostotus
1416 4219 1481 4274 citat
1495 4219 1578 4272 verba
1598 4218 1655 4272 lad

119 4292 380 4366 Boeotiaeimelligit.
397 4295 570 4365 Usqneadeo
593 4294 724 4349 autemid
749 4311 795 4352 re·
851 4296 939 4349 Titum
971 4309 990 4357 r,
1020 4295 1057 4346 ait
1082 4309 1088 4347 :
1116 4291 1244 4362 llaporata
1274 4289 1325 4343 lert
1352 4290 1381 4343 rt
1411 4288 1528 4358 spiritns
1551 4286 1591 4340 lat
1614 4293 1656 4342 art

112 4372 224 4433 inflex
245 4367 407 4438 pinguedine
431 4365 530 4439 ingenii
556 4365 662 4436 quidam
687 4366 797 4422 Boeotos
852 4365 990 4432 ψεύδεσθαι,
1020 4362 1068 4415 ἀπὸ
1101 4340 1239 4432 Ἰδομενέως
1271 4365 1306 4412 teir
1338 4359 1436 4427 Κπητδς
1469 4357 1567 4429 patriae
1597 4380 1603 4392 ·
1633 4361 1656 4419 t:

112 4442 206 4500 ntem,
224 4446 249 4492 et
265 4439 293 4491 in
310 4437 481 4508 proverbium
507 4435 620 4492 abierint
634 4453 680 4490 sus
695 4437 796 4492 hoeoti-
852 4437 940 4503 λαχὼν
970 4433 1067 4506 μερίσαι
1093 4434 1145 4491 τοῖς
1168 4430 1290 4498 ’Ἕλλησιν
1318 4429 1350 4481 τὰ
1378 4430 1478 4500 λάφυρα
1515 4427 1597 4493 Ἰλίου,
1625 4428 1657 4482 τὰ

112 4506 147 4575 ie,
171 4508 295 4573 hoeotica,
316 4518 342 4564 et
372 4509 443 4579 qnod
480 4508 587 4577 propius
611 4508 663 4562 inre
682 4507 796 4577 aceedit,
852 4526 955 4578 κρειττω
984 4504 1065 4576 imre
1093 4501 1290 4574 asperomonte.
1322 4521 1333 4550 r
1365 4499 1392 4554 ln
1430 4499 1554 4574 adagium
1591 4500 1657 4557 abiit

112 4594 148 4637 tn
175 4578 325 4650 ingenium,
341 4579 374 4634 do
408 4579 508 4650 quihus
534 4577 587 4633 late
614 4578 742 4634 Erasmus
770 4579 797 4633 iu
851 4578 997 4645 Cretisnre,
1028 4577 1079 4631 hoo
1107 4582 1148 4629 est
1180 4571 1301 4635 mentiri,
1331 4571 1364 4624 ab
1395 4569 1540 4626 Idomeneo
1569 4571 1656 4626 Cretae

113 4648 187 4715 ihs
201 4651 247 4722 qui
263 4651 343 4704 etiam
363 4649 424 4705 inde
448 4649 598 4705 derivatum
616 4659 698 4718 pntat,
724 4649 795 4722 qnod
850 4658 925 4715 nato,
943 4648 990 4718 qni
1010 4662 1072 4704 cum
1087 4646 1176 4716 Trojoe
1190 4642 1277 4714 spolia
1291 4639 1393 4698 Graecis
1412 4640 1548 4697 divisurus
1573 4650 1654 4709 esset,

124 4728 153 4779 et
166 4720 258 4777 brutos
276 4722 400 4777 homines
424 4721 582 4777 Germanica
597 4729 623 4776 et
647 4720 796 4777 Britannica
850 4720 963 4775 meliora
978 4717 1029 4773 sihi
1046 4715 1229 4772 reservarit.»
1247 4714 1285 4768 Lu
1300 4714 1350 4771 Pu.

113 4792 159 4853 sot
184 4793 210 4848 id
225 4801 265 4847 est
277 4792 388 4848 lloeotos
412 4793 586 4863 appellemus.
603 4795 671 4849 Ριιι.
884 4789 942 4860 (38)
961 4789 1085 4846 Trinitas
1116 4786 1325 4843 Valentiniano.
1346 4782 1464 4838 Trinitas
1488 4781 1534 4836 illa
1547 4788 1589 4836 est
1604 4780 1655 4837 fro-

116 4834 233 4921 etiem
259 4864 388 4937 sepiendi
413 4863 579 4936 dicendique
606 4865 722 4920 acuties.
739 4862 795 4918 llne
849 4861 943 4928 ruinis,
969 4874 1022 4916 non
1045 4858 1106 4930 Dei,
1124 4856 1258 4914 faciehant
1280 4855 1351 4938 onim
1376 4853 1393 4907 ii
1418 4852 1539 4909 haeretici
1566 4853 1656 4908 homi-

113 4932 190 4992 ‚illud
204 4934 343 4991 Ciceronis
358 4936 384 4989 in
403 4943 468 4990 orat.
491 4950 541 5017 pro
561 4933 680 4990 Flacco:
704 4955 715 4984 r
736 4935 793 4990 trt-
849 4950 910 4987 nom
934 4929 1095 5001 spiritalem,
1107 4928 1255 4984 animalem
1270 4942 1327 4984 sire
1342 4925 1488 4992 camalam,
1502 4933 1657 4981 terrestrem

113 5004 274 5072 theniensrs,
298 5006 370 5061 undo
390 5007 551 5071 humanitas,
569 5006 701 5073 doctrina,
728 5005 792 5061 reli·
848 5004 910 5060 sive
927 5002 1101 5058 materialem.
1118 5001 1156 5056 bs
1173 5000 1221 5055 Pa.

113 5090 175 5151 ges,
187 5077 257 5147 jura,
278 5077 353 5147 leges
371 5089 437 5131 eruo
451 5085 530 5146 ntqne
550 5079 575 5130 in
600 5092 695 5132 omnes
710 5088 794 5133 terras
884 5075 940 5146 (39)
959 5074 1030 5130 Cam
1045 5072 1171 5128 inillam
1187 5071 1259 5127 henr
1273 5071 1432 5126 emeniiam
1456 5068 1588 5124 tramisit.
1604 5067 1657 5123 Su·

113 5156 150 5207 tn
186 5155 305 5203 utantur.
322 5170 334 5200 a
351 5149 416 5202 hem
432 5148 504 5218 quod
521 5162 537 5202 a
552 5147 670 5214 Platone,
683 5147 709 5200 in
726 5150 793 5205 Pro·
847 5163 904 5216 pra,
921 5143 1115 5203 decidentium
1132 5143 1250 5215 spiritur
1264 5157 1363 5211 passus
1386 5144 1437 5206 eat,
1458 5140 1559 5198 cecidit
1583 5140 1659 5197 enim

133 5164 245 5301 etiams
268 5228 425 5300 prytaneum
449 5218 588 5288 sapientire
612 5218 791 5291 appellentur.
846 5219 968 5276 esstnsis
985 5222 1069 5289 super
1082 5215 1177 5278 illem,
1194 5215 1288 5269 suncti
1308 5212 1435 5287 Spiritus
1448 5213 1500 5277 vir,
1511 5212 1657 5284 operatrix

113 5292 206 5364 rqnod
228 5292 310 5361 adem,
326 5290 415 5345 drall
434 5289 467 5346 de
490 5290 604 5360 Lepidus
626 5298 704 5346 rocet
725 5289 792 5346 civi·
844 5306 896 5363 pro
918 5288 1009 5345 heile.
1030 5288 1093 5343 llra.

113 5361 283 5436 eloquentiae,
307 5373 333 5418 et
360 5361 435 5417 mnlti
468 5362 599 5416 sermonis
632 5360 791 5416 studiosam.
883 5307 1045 5417 rffncntt'am
1066 5356 1197 5413 immisit.
1215 5354 1252 5410 Ειι
1270 5353 1345 5411 LXX
1364 5354 1479 5425 Interpr.
1506 5351 1550 5421 qui
1578 5351 1658 5419 (Gen.

849 5435 880 5500 ιι)
898 5433 996 5487 habent
1010 5429 1133 5486 ferreras.
1150 5427 1195 5483 Sic
1218 5427 1275 5497 ipse
1298 5433 1401 5493 auctor,
1432 5439 1490 5494 cap.
1515 5436 1556 5476 ιιι.
1583 5435 1660 5476 som-

113 5500 252 5564 !eadaces
269 5504 518 5564 Cretas.llendacii
533 5502 725 5561 nominsmale
744 5520 794 5558 au·
849 5520 912 5559 num
941 5501 1039 5558 Adami
1066 5500 1193 5555 exstasim
1221 5497 1374 5570 appellarit,
1410 5509 1496 5564 neque
1523 5490 1597 5546 alind
1611 5505 1661 5563 per

129 5575 285 5635 Cretenses.
306 5575 469 5634 scholiastes
491 5575 646 5631 Callimachi
669 5575 696 5631 in
721 5574 795 5630 loris
848 5574 994 5629 amentiam
1010 5571 1151 5643 intelligit.
1168 5571 1233 5625 Lac.
