3848 6120
93 254 161 317 1333

503 245 670 310 aeranem
688 246 719 307 V.
734 278 770 290 -
805 244 837 307 o.
856 243 1046 309 dammum
1061 244 1183 308 raone
1213 246 1333 311 lotoe.

1672 257 1743 318 1334

91 398 137 437 sen
151 384 302 452 internum
315 378 441 450 appellat,
457 391 538 450 quem
561 375 660 447 pariter
683 372 712 427 in
725 374 805 447 Apot-
823 372 887 432 adn.
902 384 927 475 Ι
942 373 1040 430 borum
1068 377 1200 434 montium
1224 377 1344 453 mugitus
1369 393 1556 452 saepenumero
1584 380 1667 438 etiam
1693 400 1742 443 re·

90 487 153 543 pen.
174 486 198 526 c.
217 471 250 524 ll
270 470 342 542 tynis
363 468 464 524 arcani
486 466 702 524 subterraneum
725 464 888 535 adponam
941 464 1041 521 matius
1064 466 1158 532 auditi,
1177 467 1297 523 credulis
1311 484 1342 525 ac
1372 476 1476 526 terrore
1493 469 1625 543 perculsis
1645 473 1742 530 manti·

93 560 261 617 thesaurum
276 558 404 614 ooniiuat.
420 559 513 628 Neque
536 554 562 609 id
581 553 690 620 mirum,
706 568 769 610 cnm
793 568 888 608 omnes

93 665 146 718 res,
162 650 187 704 iu
204 648 387 705 reconditoriis
401 643 562 718 quibusdam
576 649 731 709 asservatae,
756 641 887 699 thesauri

93 738 253 810 quandoque
280 736 389 791 nomine
417 735 541 800 ueniant3
569 733 609 788 sic
633 731 704 786 enim
729 731 822 786 Cicero
850 731 887 785 de

93 826 215 890 Oratore,
231 825 388 881 memoriam
402 840 498 879 rerum
514 823 645 878 omniu-m
666 821 830 876 thesaurum
841 835 886 891 ap-

93 916 184 985 pellat.
201 915 271 982 Quin
285 924 312 970 et
326 916 397 985 apud
414 914 536 969 Plautum
550 912 718 968 thesaurum
733 909 804 965 mali
823 908 883 964 dic·

92 1013 147 1058 tum
170 1005 285 1061 inuenio.
302 1005 351 1059 Est
379 1004 451 1058 enim
479 1017 531 1058 vox
553 1001 610 1055 haec
638 999 793 1055 Graecorum
819 999 886 1053 alias

91 1094 323 1163 propria,qnibus
341 1093 455 1163 θησαυρὸς
483 1092 559 1159 juxta
587 1089 732 1144 nonnullos
761 1089 887 1145 asisinat

90 1180 122 1241 εἰς
135 1180 215 1252 αὔριον
231 1182 375 1254 (reponere
389 1183 421 1236 in
444 1182 615 1244 crastinum,
646 1193 693 1232 sen
719 1178 808 1234 futura
820 1186 887 1234 tem·

89 1280 175 1338 pora),
201 1271 260 1324 aliis
288 1269 334 1321 isi
358 1274 400 1337 τῆς
431 1270 529 1334 θέσεως,
558 1269 695 1342 positione
723 1269 789 1324 auri
803 1264 884 1321 nimi-

90 1375 159 1424 rum,
194 1359 310 1414 deducta
348 1358 461 1427 uidetur,
490 1357 563 1430 quod
604 1373 700 1414 aarum
737 1355 885 1428 praecipue,

90 1446 206 1518 aliaeque
219 1448 353 1516 eiusmodi
379 1464 420 1503 res
434 1447 562 1519 pretiosae
587 1445 717 1502 abscondi
740 1446 774 1501 ab
798 1444 884 1501 oculis

90 1543 116 1589 et
143 1536 236 1592 notitia
262 1529 404 1592 hominnm
427 1538 537 1593 aliorum
571 1536 721 1606 arctiusque
759 1532 887 1591 custodiri

92 1626 204 1682 soleant.
232 1627 320 1697 Atque
347 1627 425 1696 etiam
453 1625 587 1695 formicas,
604 1625 707 1697 aliaque
734 1624 886 1690 animatia,

941 551 993 607 bus
1009 551 1152 609 terrificum
1168 556 1221 610 hoc
1239 557 1351 625 plaasma
1366 557 1526 614 incuterent.

977 640 1013 695 Ut
1026 650 1117 698 autem
1130 647 1286 715 fumariola
1301 646 1359 701 baec
1373 645 1481 719 penitus
1495 663 1649 717 noscamus,
1667 664 1742 720 qure-

941 729 1002 783 dam
1029 745 1061 785 ex
1090 731 1195 786 oculato
1225 740 1304 802 teste,
1333 732 1480 790 immortali
1503 736 1562 792 viro
1584 737 1741 796 Athanasio

942 817 1083 885 llircltero,
1106 820 1219 892 ejusque
1234 823 1354 894 Pratat.
1369 822 1406 878 ad
1422 823 1559 881 huncum
1580 842 1660 882 sunm
1675 827 1743 885 sub·

943 910 1052 963 terrun.
1073 909 1192 979 propriis
1206 910 1329 978 eiusdem
1344 911 1445 982 serbis,
1466 929 1501 968 ne
1520 914 1586 986 quid
1603 916 1741 973 addidisse

941 995 1042 1061 videar,
1059 996 1218 1069 depromere
1237 998 1352 1064 juvabit.
1369 1000 1435 1056 Cum
1458 1002 1541 1076 igitur
1559 1004 1599 1059 rei
1622 1004 1741 1062 visenda

940 1083 1078 1142 desiderio
1100 1085 1262 1153 stimulatus,
1283 1096 1345 1159 post
1367 1099 1506 1159 superatas
1527 1093 1651 1166 ingentes
1666 1092 1741 1150 difli-

940 1173 1051 1229 cultates
1071 1175 1099 1231 in
1119 1192 1245 1246 vesuvit,
1264 1179 1430 1250 Campaniae
1454 1182 1569 1250 montis,
1586 1186 1743 1243 summitate

939 1261 1072 1320 eluctatus
1101 1263 1196 1321 fuisset
1222 1282 1229 1319 :
1261 1288 1272 1318 a
1303 1265 1450 1334 Crotonem,
1478 1268 1537 1336 ait,
1567 1276 1652 1326 lotum
1678 1271 1743 1346 igne

942 1351 1118 1420 (horrendum
1143 1354 1243 1421 dietat)
1264 1354 1444 1412 illuminatum
1472 1357 1545 1427 vidi,
1567 1373 1627 1415 cnm
1643 1358 1741 1418 intole-

942 1439 1018 1495 rabili
1041 1442 1178 1513 sulphuris
1199 1452 1226 1498 et
1246 1442 1387 1499 bituminis
1405 1443 1527 1502 ardentis
1549 1444 1675 1518 mephiti.
1691 1449 1742 1507 llio

941 1545 1052 1601 promas
1079 1531 1112 1584 ad
1137 1531 1295 1587 inusitatum
1319 1531 1358 1588 rei
1385 1533 1572 1604 spectaculum
1600 1537 1741 1607 attonitus,

940 1620 1103 1690 lnfcrorum
1114 1620 1292 1678 domicilium
1306 1637 1349 1677 me
1362 1620 1461 1677 intueri
1476 1623 1631 1695 credebam,
1646 1623 1742 1698 inquo

92 1714 144 1768 sibi
160 1716 298 1772 alimenta
321 1716 347 1769 in
369 1717 485 1786 hyemen
507 1713 626 1786 parantia
652 1729 682 1769 ac
708 1712 885 1783 defodientia,
901 1712 927 1800 Ι
942 1715 1039 1779 prater
1053 1707 1215 1768 daemonum
1231 1711 1363 1766 horrenda
1377 1713 1517 1782 phasmata
1530 1712 1568 1768 nil
1582 1713 1652 1770 adeo
1667 1714 1742 1771 alind

91 1803 263 1874 θησαυριστικὰ
289 1810 331 1864 τῆς
364 1809 456 1877 τροφῆς
480 1805 542 1872 ζῶα,
570 1820 586 1858 a
614 1802 717 1858 Graecis
744 1802 814 1857 dicia
845 1816 888 1858 re·

91 1892 179 1962 perio.
202 1895 268 1948 Esse
289 1903 379 1948 antem
402 1893 472 1949 circa
495 1899 619 1949 centrum
645 1899 722 1947 terrae
750 1892 888 1962 ingentem

92 1996 247 2050 cavernam,
268 1965 488 2052 ignco'quodam
517 1982 589 2038 uelut
612 1996 723 2047 occano,
748 1980 888 2052 perpetuis

93 2069 244 2124 turbinibus
273 2070 395 2137 furente,
420 2071 559 2142 repletam,
582 2069 734 2126 communis
759 2068 888 2142 physico-

92 2174 152 2213 rum
167 2159 306 2228 persuasio
330 2169 380 2217 est.
397 2161 481 2216 Porro
506 2169 595 2215 autem
623 2160 694 2214 hunc
716 2159 803 2229 ipsum
827 2173 889 2215 asse

92 2248 204 2318 luterni
218 2248 316 2314 locnm,
332 2264 427 2304 omnes
449 2248 487 2303 illi
507 2250 554 2305 SS.
580 2249 672 2304 Patres
697 2248 826 2312 innuunt,
840 2247 887 2319 qui

90 2336 362 2402 credidere,animas
389 2339 576 2393 damnatorum
604 2353 669 2394 vero
696 2353 728 2392 ac
759 2336 888 2392 materiali

90 2424 153 2497 igne
174 2426 300 2497 torqueri,
318 2444 424 2498 nempe,
441 2435 468 2480 nt
482 2426 560 2483 aitS.
577 2427 658 2497 Cypr.
674 2426 701 2480 in
715 2425 734 2481 l.
749 2424 782 2482 dc
797 2425 889 2484 Laude

94 2515 232 2587 ttortprii,
260 2537 271 2567 a
299 2516 480 2572 cruciantibus
507 2515 622 2570 durantis
651 2531 697 2587 per
725 2515 889 2571 horrendam

91 2604 186 2675 apiasae
204 2604 328 2677 caliginis
352 2613 474 2670 noctem,
497 2612 523 2660 et
547 2621 617 2660 saeva
633 2619 739 2675 semper
763 2604 888 2662 incendia

91 2693 188 2748 camini
209 2692 347 2761 fumautis,
369 2712 382 2743 i
399 2702 451 2748 etc.
468 2692 541 2764 lega
559 2694 600 2749 vel
625 2694 716 2748 solum
733 2691 763 2748 S.
779 2692 851 2766 Aug.
867 2695 887 2749 l.

90 2797 153 2847 xxa,
164 2783 198 2837 «tc
211 2782 268 2837 Cia.
283 2783 334 2837 Dei
347 2797 370 2837 c.
385 2784 429 2836 lo.

125 2872 205 2926 Certe
220 2878 309 2925 autem
326 2868 402 2924 illum
425 2869 496 2940 ignis
521 2869 659 2925 infernalis
675 2869 844 2926 thesaurum
858 2869 886 2924 in

91 2961 268 3014 subterraneo
285 2956 400 3026 quodam
417 2958 487 3024 loco,
502 2958 623 3028 ipsisque
639 2966 717 3012 terrae
731 2957 883 3015 viscoribus

940 1796 1037 1852 deesse
1065 1797 1215 1853 videbatur.
1241 1797 1376 1853 llorreudi
1401 1798 1620 1868 percipiebantur
1639 1802 1742 1859 montis

941 1886 1061 1958 mugitus
1090 1895 1116 1943 et
1143 1886 1282 1955 fremitus,
1310 1895 1390 1961 putor
1422 1888 1638 1959 inexplicabilis,
1666 1890 1742 1950 fumo

943 1976 1077 2033 subfossis
1095 1975 1197 2048 ignium
1219 1977 1309 2051 globis
1324 1977 1418 2044 mixto,
1432 1994 1501 2050 quos
1521 1996 1554 2036 ex
1572 1984 1603 2036 ll
1627 1981 1743 2039 dirersis

943 2065 1008 2123 locis
1038 2072 1095 2123 turn
1128 2065 1249 2131 fundus,
1272 2077 1326 2121 tum
1355 2067 1440 2122 latera
1468 2068 1586 2138 montis,
1611 2072 1741 2132 continuo

942 2154 1109 2210 eructabant.
1131 2178 1140 2203 ι
1158 2154 1224 2210 Cum
1239 2170 1302 2210 vero
1311 2160 1529 2228 pentametrum
1543 2174 1623 2214 sunm
1638 2159 1673 2213 ad
1687 2168 1743 2217 ter·

944 2243 1029 2298 ribilis
1046 2243 1120 2298 illius
1136 2245 1260 2300 Crateris
1274 2241 1472 2301 dimensionem
1484 2243 1600 2303 0288
1615 2248 1742 2320 expedis·

942 2341 994 2401 set,
1011 2333 1082 2388 illius
1101 2326 1231 2388 ambitum
1246 2336 1280 2389 30
1294 2337 1384 2405 terme
1402 2351 1540 2406 passuum
1553 2337 1658 2407 mittin,
1675 2353 1741 2410 pro-

940 2422 1100 2478 funditatem
1116 2424 1168 2478 800
1180 2440 1282 2495 passus
1298 2423 1437 2479 continere
1452 2424 1641 2496 deprehendit.

979 2512 1071 2584 Pergit
1093 2511 1189 2567 deinde
1221 2530 1227 2567 :
1261 2514 1370 2567 «Mons
1396 2512 1513 2585 undiquc
1533 2524 1684 2589 praeruptas
1712 2519 1742 2576 in

943 2601 1062 2659 excavati
1093 2600 1209 2673 cylindri
1238 2599 1361 2668 formam,
1376 2603 1433 2673 πρὸς
1460 2601 1504 2663 τὰς
1535 2604 1606 2675 ipfae
1637 2608 1741 2667 acubitu

942 2706 993 2746 sno
1008 2688 1199 2745 descendebat.
1213 2689 1244 2743 ln
1262 2699 1355 2744 centro
1380 2686 1455 2743 fundi
1471 2695 1569 2744 natura
1584 2708 1666 2747 snum
1682 2695 1741 2751 vel-

942 2778 981 2834 nti
1009 2778 1098 2834 locum
1118 2776 1290 2832 constituisse
1317 2776 1478 2843 videbatur,
1507 2793 1571 2834 vero
1600 2779 1741 2840 Volcaniae

941 2868 1038 2924 culinae
1061 2865 1219 2934 officinam,
1244 2864 1406 2936 sempiterno
1430 2865 1496 2920 fumi
1515 2867 1740 2943 flammarumque
1809 2884 1811 2889 '

942 2956 1075 3027 profluvio
1099 2953 1240 3019 fervidam,
1254 2963 1318 3020 etc,
1332 2953 1360 3009 in
1380 2954 1564 3025 decoquendis
1586 2959 1738 3031 sulphure,

90 3046 258 3102 reconditum
285 3061 345 3101 esse
372 3046 476 3101 tamdiu
504 3045 646 3102 dicendum
671 3046 737 3113 erit,
759 3047 887 3117 quamdiu
899 3036 929 3126 c
942 3045 1091 3111 bitumine,
1102 3043 1260 3114 caterisque
1275 3042 1447 3097 mineralinm
1459 3043 1603 3116 speciebus
1618 3047 1742 3122 eliquan-

91 3134 178 3206 aptior
198 3135 274 3191 locus
297 3150 352 3190 non
373 3134 493 3192 occurrit
519 3134 600 3201 alios,
621 3151 703 3206 quam
719 3136 805 3204 bic,a
824 3138 888 3195 seda

93 3223 137 3279 illa
161 3240 286 3294 suprema
299 3223 517 3296 lucidissimaque
536 3226 675 3281 beatorum
690 3242 771 3297 qnam
795 3243 887 3283 remo·

93 3314 227 3381 tissimus,
248 3314 293 3369 nbi
308 3313 415 3368 nonnisi
430 3313 531 3370 umbra
546 3315 646 3371 martis
656 3319 684 3371 et
697 3318 886 3388 sempiternus

93 3405 191 3460 horror
202 3403 347 3460 inhabitat
361 3402 430 3473 (tob.
451 3419 478 3472 x,
494 3402 550 3474 22).
567 3403 637 3458 Sane
650 3411 740 3459 autem
754 3421 815 3461 cnm
830 3404 888 3476 ipse

92 3501 199 3565 patrum
214 3492 313 3548 limbus
327 3492 354 3546 in
367 3507 449 3564 quem
464 3490 586 3548 Christus
595 3493 739 3551 descendit
758 3494 794 3550 ud
808 3496 855 3566 int
870 3524 886 3537 -

91 3599 150 3650 ras,
167 3583 359 3639 subterraneus
373 3582 483 3654 qnidam
507 3580 582 3637 locus
605 3581 694 3651 faerit,
718 3583 811 3653 quidni
825 3599 887 3639 om-

91 3673 164 3728 nium
178 3672 247 3726 intra
270 3679 348 3727 terrac
372 3671 477 3727 viscera
499 3669 636 3725 infirmnm
659 3678 686 3727 et
706 3672 887 3743 profundissi-

91 3778 164 3815 mum
184 3762 298 3830 inferna
320 3762 500 3831 assignemus,
530 3759 575 3816 ubi
597 3760 728 3815 materiali
752 3762 814 3833 igue
832 3778 886 3818 non

90 3850 210 3921 spiritus
224 3848 262 3902 illi
273 3852 300 3903 et
315 3849 420 3903 animae
438 3848 570 3902 damnatae
584 3849 722 3915 dunmaat,
742 3852 799 3919 jam
813 3867 887 3909 nuuc

91 3939 172 3993 miris
187 3936 235 3990 scd
250 3938 323 3993 veris
337 3935 426 3990 modis
441 3943 610 4006 torquentur,
634 3937 680 3991 sed
695 3937 759 3992 olim
779 3955 888 4013 quoqne

91 4027 133 4082 hae
147 4027 177 4080 in
191 4025 309 4096 receptis
332 4023 388 4078 suis
403 4023 561 4095 corporibus
577 4040 624 4094 per
644 4039 754 4081 omnem
778 4029 889 4084 aeterni·

92 4125 170 4173 samm
193 4114 338 4180 ardebunt,
355 4127 461 4184 semper
479 4111 585 4181 urendi,
606 4123 634 4169 et
657 4129 793 4184 nunquam
812 4132 888 4173 com·

92 4207 231 4264 bureudii

128 4295 301 4354 Furnanbta.
317 4294 355 4349 lta
370 4307 417 4363 per
427 4291 553 4348 ironiam
566 4299 644 4347 nocet
658 4296 767 4349 mantes
777 4296 886 4364 ipniaa·

940 3135 982 3190 dis
1005 3132 1216 3205 exurendisqne,
1242 3131 1347 3188 occulto
1369 3133 1488 3203 quodam
1514 3135 1668 3205 molimine,
1693 3137 1737 3196 fu·

941 3224 1081 3295 uestisqne
1094 3223 1239 3293 stragibus,
1255 3221 1336 3292 paulo
1350 3231 1410 3294 post
1424 3221 1547 3291 mendis,
1559 3231 1735 3300 occupatam:

942 3313 1074 3385 siqnidem
1090 3311 1190 3368 balitus
1205 3311 1277 3367 intus
1290 3310 1421 3381 conclusi,
1436 3312 1473 3367 nti
1490 3313 1624 3370 contineri
1638 3317 1735 3385 nescii,

940 3402 977 3457 iu
1001 3409 1075 3456 tanto
1089 3399 1191 3471 impetu
1215 3406 1243 3454 et
1260 3400 1446 3469 vehementia,
1463 3401 1605 3456 horrendis
1620 3401 1738 3476 fragori·

941 3490 991 3545 bus
1014 3489 1130 3554 sociata,
1146 3485 1302 3557 impositum
1324 3487 1374 3540 sibi
1397 3501 1467 3543 onus
1490 3486 1688 3562 discutiebant,
1709 3501 1738 3548 ut

940 3595 1019 3636 mons
1042 3585 1120 3634 terrae
1140 3585 1256 3633 tremore
1269 3574 1366 3647 agitari
1390 3573 1540 3644 videretur,
1556 3578 1629 3648 quod
1644 3594 1735 3650 quan-

939 3671 1084 3739 docunque
1099 3665 1250 3732 aceidebat,
1267 3670 1356 3734 partes
1370 3679 1505 3735 supremae
1519 3665 1619 3722 montis
1634 3667 1738 3725 mollio·

940 3775 995 3824 res,
1008 3766 1127 3814 tremore
1149 3769 1286 3812 concnssae
1301 3752 1460 3824 solutasque,
1475 3753 1583 3810 collium
1607 3754 1690 3812 instar
1707 3756 1736 3812 in

942 3846 1057 3904 barathri
1068 3843 1179 3901 fundum
1189 3841 1374 3913 concidentes,
1385 3857 1419 3898 ex
1433 3841 1509 3899 varia
1518 3843 1578 3898 soni
1589 3842 1737 3902 reflexione

941 3952 1003 3993 eum
1022 3935 1168 4008 fragorem,
1183 3938 1312 4004 qnantum
1336 3929 1475 4003 quispiam
1493 3930 1575 3987 etiam
1588 3931 1737 4006 imperter-

941 4023 986 4079 riti
1005 4021 1124 4093 pectaris
1142 4020 1186 4073 vir
1207 4017 1341 4073 sustinere
1363 4017 1408 4073 vix
1431 4026 1538 4090 posset,
1554 4019 1736 4078 concitabant.

941 4109 1062 4174 Materia,
1074 4119 1134 4176 qnae
1158 4117 1189 4156 er
1213 4110 1306 4157 centra
1330 4101 1427 4156 montis
1442 4102 1569 4158 continuo
1590 4105 1736 4160 emetaba·

942 4210 995 4262 tur,
1010 4209 1110 4251 novum
1130 4188 1212 4246 veluti
1227 4197 1345 4246 moutam
1360 4188 1506 4254 alliciebat,
1522 4189 1588 4244 mira
1607 4191 1735 4248 striarum

940 4286 1070 4344 varietate
1091 4278 1242 4351 preditum,
1257 4293 1338 4348 quem
1362 4273 1437 4331 varia
1452 4276 1621 4331 minerslinm
1646 4277 1737 4351 lique·

91 4403 150 4444 mas
165 4403 214 4458 per
233 4396 329 4441 terram
344 4382 491 4452 dispersos,
507 4389 533 4435 et
555 4381 611 4450 jam
635 4379 793 4438 Tertulliani
817 4394 887 4439 tem·
901 4362 1073 4448 flfactornm
1095 4368 1216 4426 ebullitio
1240 4367 1267 4422 in
1289 4382 1384 4422 omnes
1405 4365 1626 4423 circumferentia
1645 4377 1736 4441 partes

92 4476 204 4548 poribus
222 4473 364 4536 terribiles,
388 4472 532 4527 Vesuvium
553 4469 686 4542 praecipue
710 4485 741 4526 sc
759 4474 885 4542 AEtnam,

92 4581 160 4638 quos
173 4579 224 4636 pro
238 4563 359 4619 caminis
382 4560 492 4628 inferni
516 4575 549 4614 ex
568 4558 690 4631 physicis
710 4560 784 4617 band
807 4564 888 4633 pauci

93 4655 202 4709 habent.
238 4652 321 4707 Aiunt
359 4649 450 4712 onim,
484 4647 629 4705 centralem
671 4657 750 4705 terrae
787 4660 887 4711 nostrae

93 4743 184 4814 ignem
199 4757 246 4810 per
258 4754 409 4812 pyrapapas
423 4737 529 4794 canales
543 4737 571 4792 iu
587 4737 662 4793 varie
685 4739 736 4794 alia
761 4751 887 4815 recepta-

92 4829 161 4896 cula,
178 4844 226 4884 sen
248 4829 459 4901 pyrophytucia,
484 4843 592 4883 sursum
614 4830 749 4900 protrudi,
771 4831 886 4904 indeque

92 4933 174 4991 porro
197 4916 331 4988 paralius
353 4916 488 4986 ejusmodi
509 4917 625 4985 doetus,
648 4917 723 4974 varie
743 4918 886 4992 implexos,

91 5009 225 5078 adusque
242 5005 347 5062 telluris
371 5013 471 5060 nostrae
493 5004 663 5078 superficiem
683 5009 785 5078 urgeri,
801 5010 890 5069 donee

91 5098 200 5156 taudem
222 5112 271 5168 per
294 5095 426 5151 montium
451 5093 558 5150 illorum
579 5109 726 5153 cavernosa
752 5097 890 5168 spiracula

91 5188 191 5246 exitum
211 5185 339 5256 reperiat,
361 5199 392 5240 ac
415 5182 565 5240 incredibili
579 5199 774 5256 nonuunquam
788 5186 813 5242 vi
828 5204 890 5245 sese

92 5278 118 5332 in
134 5284 240 5346 apertas
254 5289 337 5330 auras
352 5280 493 5329 enoxeret.
519 5273 587 5328 Sunt
611 5272 691 5329 etiam
706 5275 751 5346 qni
786 5275 888 5349 dicunt,

92 5380 286 5439 nonnunquam
303 5367 329 5419 in
344 5363 388 5418 his
404 5362 540 5418 montibus
557 5363 726 5419 animarum
736 5365 890 5426 damnata·

93 5471 158 5510 rum
171 5454 288 5524 ejulatus
300 5452 389 5508 audiri
406 5470 412 5506 ε
428 5451 500 5523 quod
514 5450 574 5507 aliis
588 5450 701 5507 omnino
722 5451 888 5512 fabulosum.

93 5541 180 5598 Facile
205 5550 295 5601 summ
324 5542 383 5601 tieri
407 5541 527 5614 potuisse
548 5539 654 5609 judico,
673 5549 702 5597 nt
723 5544 891 5603 subterranei

941 4468 1015 4523 fluxu
1043 4476 1093 4518 suo
1112 4458 1268 4529 coloreque,
1288 4471 1359 4511 nunc
1382 4453 1470 4513 uiridi
1497 4471 1533 4511 ex
1561 4471 1632 4526 erc,
1654 4459 1737 4518 modo

940 4556 1019 4630 satra
1034 4568 1066 4607 er
1077 4547 1225 4623 sulphure,
1237 4546 1377 4610 arsaniae,
1388 4551 1417 4601 et
1428 4543 1677 4615 sandaracha,J'am
1687 4565 1738 4607 rua-

941 4649 989 4704 hro
1008 4660 1041 4700 ex
1054 4639 1204 4699 annotari
1227 4638 1380 4707 minioque,
1393 4632 1450 4703 jam
1473 4633 1604 4705 nigraes
1623 4637 1738 4698 vitricia

941 4735 1020 4810 aquis
1034 4732 1123 4795 misto,
1140 4725 1182 4784 sel
1202 4743 1234 4782 ex
1253 4724 1319 4797 ipsis
1332 4724 1473 4780 cineribus
1491 4725 1635 4789 cinericia,
1651 4725 1736 4798 inge·

941 4829 1020 4881 nioso
1038 4827 1141 4875 naturae
1169 4813 1294 4887 penicillo
1321 4809 1500 4877 efformabat,
1533 4817 1617 4866 rete.
1645 4811 1737 4885 Atque

941 4917 1001 4969 baec
1024 4909 1058 4964 de
1078 4904 1233 4979 fumariola
1254 4902 1299 4957 illo
1322 4900 1476 4959 Vareniana
1500 4898 1655 4958 Kircbarus.
1676 4902 1738 4958 Non

942 5002 1039 5059 miram
1059 5003 1147 5052 autem
1167 4990 1250 5052 videri
1274 4990 1364 5056 debet,
1388 4989 1422 5044 ab
1442 4988 1503 5044 aliis
1526 4989 1606 5046 aliter
1625 4989 1739 5048 crateris

942 5091 1014 5146 illins
1052 5083 1252 5157 amplitudinem
1291 5089 1319 5136 et
1354 5080 1490 5136 internam
1521 5078 1737 5138 constitutionem

942 5178 1100 5249 descriptam
1123 5173 1222 5237 fuisse,
1246 5184 1309 5226 cnm
1333 5178 1397 5240 past
1418 5167 1524 5240 singula
1547 5168 1680 5231 incendia,
1706 5176 1737 5226 nt

944 5269 1001 5326 fleri
1025 5281 1167 5324 necessum
1187 5268 1258 5331 erat,
1274 5259 1353 5315 ubam
1375 5258 1473 5315 faciem
1496 5257 1614 5313 induisse
1637 5256 1737 5327 depre-

943 5359 1044 5414 hensns
1058 5353 1149 5411 fuerit.

979 5445 1032 5503 Sed
1046 5444 1107 5500 vide
1117 5443 1175 5512 jam
1189 5439 1259 5497 aliud
1269 5436 1405 5508 eiusmodi
1418 5435 1617 5507 fumartbtum,
1632 5445 1737 5491 amant

907 5579 912 5586 -
946 5535 1060 5601 Sicilia,
1077 5534 1111 5591 ab
1128 5530 1226 5589 eodem
1244 5526 1403 5594 Athanasio,
1420 5531 1486 5580 teste
1500 5538 1595 5581 rursus
1615 5523 1729 5596 αὑτοπιῃ.
