3840 6134
195 290 251 356 tot
547 300 765 369 deambulant
782 303 914 368 OPRRUM
931 302 1016 368 etus
1034 302 1070 366 lt.
1088 332 1124 349 ·-
1141 301 1254 368 statas
1272 305 1292 373 1,
1312 302 1484 366 potentat.
1703 371 1706 380 Ι
1788 293 1845 364 438

195 419 339 479 seminavit
352 422 380 479 in
393 424 472 483 horto
486 440 546 498 suo,
560 429 652 503 utique
670 432 697 488 iu
712 434 824 500 mundo,
846 441 990 504 putanunc
1004 444 1030 526 Α
1044 437 1116 494 tecto
1126 438 1204 503 saint,
1214 433 1299 490 induc
1307 434 1338 491 in
1348 431 1464 489 domum
1473 435 1570 497 tuam,·
1582 425 1629 501 qni
1637 424 1738 484 scilicet
1747 426 1845 481 buma-

195 509 223 567 in
237 512 357 570 bomine.
370 513 423 570 Sed
437 531 499 572 cum
513 517 539 573 in
555 534 604 575 suo
619 522 697 578 barto
711 524 818 591 dixerit,
839 539 890 579 nec
912 538 992 580 mun·
1045 523 1136 581 uitatis
1151 523 1230 579 istius
1248 522 1337 579 vicem
1351 520 1502 577 retribuere
1517 534 1571 577 noa
1588 517 1704 589 possint.
1732 515 1807 572 Hauc
1820 512 1845 570 si

194 598 246 655 dus
259 610 347 657 autem
363 619 413 660 nec
426 605 508 663 bomo
521 607 594 665 iltius
613 610 657 676 sit,
672 612 721 667 sed
742 612 897 682 Creatoris3
927 628 993 683 ergo
1046 613 1168 670 Christus
1180 611 1281 682 captari
1296 618 1377 679 vetat,
1403 610 1430 664 in
1452 607 1645 664 resurrectione
1659 621 1719 662 eam
1744 617 1842 675 repro·

194 689 283 760 quiin
305 708 385 748 suum
408 697 557 764 seminarit,
584 715 633 757 nec
650 701 676 738 ⁸⁵
696 702 807 758 Creator
829 703 991 761 ostenditur.
1045 702 1167 768 mittans,
1177 700 1313 757 Creatoris
1322 707 1364 756 est
1378 699 1474 764 torma,
1485 699 1530 756 cui
1542 713 1594 753 non
1605 695 1711 765 placeat
1721 701 1845 749 mantes

196 779 298 848 Antei,
314 789 343 836 ut
362 784 573 859 bunclaqueum
593 790 718 861 evadant,
741 792 921 850 converterint
938 792 992 847 ho·
1045 808 1168 857 munera,
1199 798 1330 846 sectantes
1354 788 1569 844 retributionem.
1583 783 1670 840 Etiam
1692 780 1846 840 invitatoris

195 868 275 924 minis
289 886 433 940 personam
447 891 462 929 a
476 877 582 935 Christo
602 880 629 935 in
651 881 800 949 bominem,
817 882 993 952 accipientem
1046 881 1174 952 parabola
1188 880 1232 935 cui
1246 878 1334 951 magis
1344 877 1414 951 parti
1426 885 1559 940 occurrat,
1574 873 1737 945 expendam.
1752 873 1844 929 Homo

195 971 290 1014 semen
310 960 396 1034 regni,
424 970 450 1018 et
469 965 647 1023 seminantem
675 970 704 1024 iu
731 972 809 1028 horto
824 971 913 1028 cordis
931 970 991 1035 sui;
1047 961 1844 1045 quidamteciteanum,etuocaoitmultos.Utiquecoenae

196 1061 246 1102 nec
269 1047 327 1117 ipsa
355 1052 466 1108 materia
497 1054 542 1111 alii
578 1058 720 1113 conveniet
745 1075 825 1130 qnam
862 1058 993 1114 Creatori.
1046 1068 1172 1130 paratura
1181 1057 1243 1114 nitae
1255 1068 1365 1114 aeternae
1374 1054 1654 1128 saturitatemfigurat.
1664 1050 1731 1109 Dico
1743 1049 1842 1121 primo,

197 1130 283 1200 Quale
297 1146 339 1192 est
353 1139 414 1195 enin
434 1148 463 1196 ut
489 1141 620 1199 lenissimi
647 1147 698 1201 Dei
730 1163 843 1217 regnum
862 1147 996 1222 significet
1047 1157 1186 1204 extraneos
1201 1154 1228 1203 et
1242 1147 1343 1203 nullius
1355 1145 1424 1217 juris
1438 1143 1534 1200 aftlues
1551 1140 1657 1198 invitari
1684 1139 1718 1194 ad
1739 1134 1844 1195 canuam

196 1238 291 1280 semea
304 1227 339 1292 8⁶,
363 1228 435 1298 quod
458 1231 538 1284 etiam
559 1232 653 1301 judicii
668 1233 757 1292 servor
775 1236 926 1307 lacrymose
945 1250 995 1291 aa·
1048 1251 1104 1293 non
1116 1237 1221 1304 solere;
1237 1225 1430 1292 cera'taetttus
1444 1233 1531 1290 solere
1554 1228 1716 1287 domesticos
1746 1233 1774 1283 et
1801 1224 1843 1282 ta-

181 1315 316 1369 .stcritate
329 1316 501 1388 subsequitur
515 1322 564 1376 8⁷?
584 1322 631 1379 Dei
654 1325 776 1394 sequenti
800 1325 879 1397 plane
894 1324 995 1381 simili·
1048 1326 1176 1380 miliares.
1191 1325 1263 1399 Ergo
1278 1322 1413 1380 Creatoris
1427 1330 1469 1378 est
1482 1320 1618 1384 invitasse,
1633 1317 1762 1388 adquam
1778 1329 1844 1386 per-

198 1399 406 1471 tudincvoreor‚
422 1407 535 1465 netorte
560 1410 994 1487 alteriusDeiregno'portcndet.
1049 1416 1168 1470 tinebant
1181 1414 1226 1487 qui
1242 1415 1431 1477 invitabantur,
1454 1421 1481 1467 et
1505 1425 1553 1483 per
1580 1407 1664 1464 Adam
1690 1421 1742 1477 qua
1757 1403 1846 1460 homi-

198 1488 343 1548 Fermcnto
358 1493 430 1549 enim
449 1501 616 1570 compararit
630 1502 707 1568 illud,
726 1519 780 1559 non
804 1502 916 1574 azymis,
935 1519 996 1572 qua
1048 1522 1107 1572 nes,
1123 1513 1150 1561 et
1165 1521 1212 1576 por
1226 1511 1316 1575 patres
1337 1519 1390 1574 qua
1415 1499 1531 1565 ludoici,
1557 1513 1610 1554 nou
1631 1497 1692 1567 ejus
1714 1493 1846 1565 adquam

198 1576 374 1638 familiariora
390 1594 454 1642 sunt
476 1590 607 1646 Creatori.
631 1591 763 1664 Congruit
791 1593 900 1648 ethaeo
925 1606 993 1648 con·
1049 1608 1137 1664 neque
1151 1602 1246 1648 natura
1264 1591 1443 1664 pertinebant,
1465 1602 1550 1660 neque
1578 1583 1767 1657 praerogativa.
1792 1582 1848 1637 De-

197 1667 303 1753 iectum
339 1675 554 1733 mendicantibus
577 1686 744 1752 arguments.
769 1680 862 1752 itaque
888 1689 915 1735 ct
942 1696 993 1751 ego
1048 1682 1120 1749 hinc,
1137 1680 1160 1736 si
1182 1681 1205 1736 is
1224 1681 1303 1737 mittit
1324 1681 1356 1734 ad
1381 1678 1517 1744 convivas,
1538 1675 1583 1747 qui
1606 1689 1709 1731 coeuam
1730 1669 1845 1742 paravit,

198 1759 346 1814 vanitatem
365 1762 479 1819 vanitate
495 1763 577 1822 437
597 1767 739 1838 depellam,
761 1767 993 1824 fermentationem
1011 1725 1034 1801 Β
1050 1769 1089 1824 sic
1102 1784 1211 1840 equoque
1226 1768 1360 1825 Crantoris
1374 1777 1414 1824 est
1428 1783 1518 1834 caena,
1529 1765 1575 1834 qui
1584 1763 1660 1819 misit
1668 1762 1702 1817 ad
1717 1759 1847 1816 convivas

200 1860 309 1915 quoquc
324 1862 474 1920 congruere
488 1851 582 1908 dicens
605 1869 689 1926 regno
712 1855 857 1923 Creatoris,
874 1857 919 1930 qui
936 1866 997 1930 post
1051 1856 1244 1920 admonendos,
1261 1867 1321 1912 ante
1343 1858 1398 1926 jam
1421 1864 1531 1911 vocatos
1559 1869 1608 1923 per
1630 1856 1732 1921 tratres»
1751 1845 1848 1900 adnm·

200 1931 467 1994 illamclibanusvci
485 1939 722 2013 furnusgebenuae
754 1957 892 2017 sequatur.
922 1945 996 2013 Quo·
1050 1946 1154 2001 nendos
1176 1954 1266 2000 autom
1289 1946 1496 2018 perpropbctas
1522 1960 1529 1998 :
1560 1956 1613 1996 non
1639 1937 1687 2009 qui
1709 1934 1847 1991 neniinem

199 2018 250 2073 ties
266 2020 354 2075 adbuc
372 2038 402 2079 se
411 2025 528 2092 jndicem
543 2031 670 2101 ostendit,
684 2041 709 2089 et
723 2033 750 2087 in
772 2033 864 2105 judice
883 2035 997 2091 Creato·
1051 2034 1155 2090 miserit
1169 2035 1202 2090 ad
1216 2035 1392 2099 monendum,
1419 2049 1466 2088 nec
1479 2031 1524 2103 qni
1541 2029 1608 2085 nibil
1623 2028 1696 2099 prius
1710 2023 1799 2098 egerit
1813 2020 1846 2078 ad

201 2108 271 2162 remi
290 2108 404 2177 Quoties
425 2115 519 2188 utiquc
544 2119 634 2188 ejecit,
658 2131 685 2176 et
707 2123 815 2178 damnat
836 2123 994 2192 rejiciendo!
1051 2123 1212 2190 vocandum,
1224 2123 1272 2180 sed
1283 2122 1340 2193 ipsc
1351 2120 1519 2178 descenderit
1531 2115 1712 2174 ιΙὲἰδιιιὶιὶιο
1724 2131 1730 2167 :
1743 2119 1848 2167 tantum

199 2197 274 2254 Sicut
290 2198 333 2254 bic
349 2217 457 2275 quoquc
473 2223 480 2259 :
499 2208 568 2264 Cum
587 2213 759 2276 sarrexerit,
778 2211 873 2283 inquit,
895 2217 997 2285 pater·
1051 2213 1124 2284 quod
1135 2213 1315 2277 innotescens,
1321 2213 1377 2281 jam
1387 2211 1625 2274 invitans3tantum
1635 2202 1709 2276 quod
1719 2200 1848 2262 invitans,

200 2288 330 2358 familias
354 2292 388 2347 ⁸⁸.
419 2292 490 2361 Quo,
510 2296 564 2352 nisi
586 2314 641 2369 quo
669 2300 737 2356 dixit
759 2301 842 2357 lsaias
864 2302 906 2370 (ιι,
929 2300 995 2371 tat:
1050 2301 1317 2369 jaminconvivium
1337 2315 1457 2372 cogens,
1486 2298 1608 2353 eamdem
1630 2291 1730 2349 taciens
1753 2289 1848 2345 boram

134 2451 139 2460 .
204 2377 273 2432 Cum
292 2383 451 2439 siirrecerit
473 2387 667 2445 comminuere
682 2390 809 2445 terram?
832 2391 999 2446 Etclnserit
1052 2390 1186 2459 coenandi,
1206 2390 1284 2445 etad
1303 2406 1407 2446 caenam
1434 2385 1571 2443 inuitandi.
1600 2383 1780 2438 Excusantse
1804 2377 1848 2431 in·

201 2465 317 2532 attium,
333 2467 425 2541 ulique
440 2472 614 2530 excludendis
635 2475 744 2548 iniquis,
765 2476 863 2548 quibus
876 2481 999 2550 pulsast-
1052 2477 1157 2534 vitanti.
1186 2478 1215 2532 Si
1229 2478 1262 2532 ab
1275 2477 1325 2532 alio
1339 2477 1408 2542 Deo,
1425 2477 1532 2540 morito,
1548 2472 1612 2546 quia
1626 2469 1717 2526 sul¹i10
1732 2461 1848 2520 invitali·

204 2553 278 2612 tibus
292 2559 471 2630 respondebit
486 2582 494 2615 :
510 2564 608 2620 Nescio
635 2565 713 2621 unde
726 2566 810 2623 sitis?
829 2566 862 2621 Et
881 2580 997 2622 rursus:
1053 2567 1083 2624 Si
1097 2581 1150 2623 non
1168 2567 1273 2632 merito,
1297 2581 1363 2640 crgo
1378 2580 1427 2620 nec
1449 2564 1550 2619 subito.
1575 2559 1603 2615 Si
1620 2565 1709 2613 autern
1733 2568 1787 2608 uon
1802 2568 1849 2607 su·

203 2644 998 2724 innumerantibnsquodcoramitloederint,etbiberint,
1053 2655 1109 2711 bito
1128 2655 1241 2721 invitati,
1256 2669 1355 2726 ergon
1377 2653 1514 2717 Creatore,
1538 2665 1553 2704 a
1581 2662 1637 2720 quo
1664 2645 1738 2702 olim.
1763 2641 1851 2710 Cujus

203 2734 1000 2813 etin.plateiscorumdocuerit,adjieiet:ltecediteame
1054 2743 1170 2814 denique
1198 2743 1398 2800 declinaverant
1437 2739 1616 2801 romtianem,
1655 2744 1718 2790 tunc
1758 2729 1851 2803 primo

203 2828 999 2902 onnesoperariiiniqnitatis:illiceritltetusetsrendcr
1054 2832 1174 2888 diceutes
1212 2834 1245 2887 ad
1277 2833 1414 2888 Aaronem
1447 2828 1548 2900 (Esrod.
1588 2840 1678 2888 xxxu,
1709 2822 1734 2887 1)
1763 2836 1769 2876 :
1797 2822 1851 2875 Fac

204 2910 345 2968 dentium.
357 2914 517 2973 UbiiForis
527 2919 639 2987 scilieet,
649 2921 694 2976 ubi
713 2929 790 2976 erunt
802 2908 997 2987 andastauin
1054 2923 1132 2979 nobis
1143 2922 1216 2986 deos,
1232 2923 1280 2996 qui
1293 2918 1523 2994 praesentandis,
1538 2909 1797 2986 aequisonantia.
1812 2922 1850 2970 tt,

203 2999 279 3055 eluso
291 3002 325 3056 ab
338 3017 389 3057 eo:
406 3020 470 3074 crgo
490 3006 540 3062 erit
564 3024 652 3076 poena,
669 3025 684 3063 a
704 3025 757 3080 quo
782 3009 812 3073 fit
840 3008 961 3065 exclusio
975 3007 1002 3062 iu
1018 3008 1040 3085 c
1054 3012 1099 3081 to)
1117 3028 1123 3064 :
1140 3012 1214 3068 Aure
1228 3011 1375 3067 audientes
1390 3012 1418 3065 et
1434 3023 1491 3064 nort
1510 3004 1668 3065 audientes,
1679 2996 1851 3055 vocationem

204 3102 325 3159 poeaam,
339 3106 402 3147 curn
415 3092 547 3150 videbunt
559 3095 650 3164 justos
663 3096 831 3154 introeuntes
841 3096 869 3152 in
883 3112 999 3168 regnum
1053 3099 1157 3156 scilicet
1184 3100 1233 3156 Dei
1245 3117 1253 3170 ς
1268 3099 1315 3172 qai
1329 3096 1555 3170 pertinentissime
1570 3093 1603 3147 ad
1614 3093 1683 3146 hanc
1692 3084 1851 3158 parabolam

204 3175 264 3243 Dei,
281 3193 311 3234 se
324 3194 388 3235 vero
402 3181 515 3238 detineri
530 3182 606 3241 loris.
621 3189 644 3242 A
659 3186 738 3258 quo‘l
763 3185 792 3241 Si
819 3201 834 3240 a
861 3185 999 3250 creatore,

205 3268 268 3339 quis
283 3269 335 3324 erit
361 3285 427 3340 ergo
456 3273 528 3329 intus
551 3274 683 3345 recipiens
704 3277 790 3346 justos
810 3274 837 3330 in
863 3274 999 3348 regnum?

203 3355 275 3412 Deus
289 3358 387 3416 bonus.
404 3360 473 3428 Quid
489 3376 556 3435 ergo
576 3361 639 3418 illuc
653 3363 783 3432 Creatori,
803 3372 833 3417 nt
847 3362 913 3416 toris
927 3360 1000 3416 dati-

204 3453 267 3501 neat
281 3446 308 3501 in
320 3465 437 3519 poenam,
454 3465 522 3523 qnos
536 3451 707 3508 adversarius
720 3453 779 3521 ejus
800 3449 923 3514 exclusit,
939 3464 1000 3504 sus-

205 3533 345 3604 cipiendos
360 3552 375 3590 a
389 3552 428 3601 se,
445 3536 540 3608 utiquo
562 3537 649 3610 magis
671 3539 699 3591 iu
724 3537 870 3595 adversarii
893 3535 1001 3594 bilem?

205 3621 299 3678 Sedet
316 3625 361 3680 ille
381 3625 540 3681 exclusurus
568 3625 687 3698 iniquos,
710 3626 777 3683 sciat
800 3630 894 3696 utiquc
915 3627 1000 3680 Crea-

206 3717 289 3765 torem
307 3712 366 3767 illos
393 3713 566 3771 detenturum
590 3715 618 3768 iu
645 3731 763 3786 paenam,
788 3725 834 3769 aut
853 3729 906 3769 rma
936 3713 1001 3770 sciat

206 3804 323 3864 oportet.
344 3800 427 3870 Ergo,
442 3808 488 3855 aut
507 3803 614 3858 nolente
637 3817 670 3858 eo
693 3803 893 3870 detinebuntur,
905 3812 932 3858 et
946 3801 1000 3856 nai-

206 3899 256 3939 nor
270 3894 311 3941 est
328 3887 373 3941 illo
389 3888 433 3958 qui
453 3889 562 3956 detinet,
591 3891 692 3947 cedens
713 3892 737 3947 ei
766 3893 880 3960 nolens;
904 3900 950 3947 aut
977 3891 1000 3946 si

205 3976 261 4030 vult
279 3974 316 4031 ita
334 3974 402 4041 fiam,
422 3976 481 4047 ipse
505 3978 541 4033 ita
560 3978 713 4037 laciendum
732 3981 871 4051 judicaait,
896 3988 922 4036 et
945 3994 1000 4035 noa

205 4065 256 4119 erit
270 4063 365 4120 melior
379 4066 513 4133 Creatore,
529 4067 587 4139 ipse
606 4078 700 4125 auctor
719 4069 838 4125 infamiae
854 4068 999 4126 Creatoris.

205 4152 268 4208 llaec
288 4153 310 4208 si
329 4143 402 4209 n'nlla
427 4155 529 4213 ratione
557 4157 713 4226 consistunt,
737 4166 766 4213 ut
794 4160 862 4213 alius
891 4158 996 4229 punire,

204 4243 273 4298 alius
298 4243 413 4300 liberare
440 4245 577 4316 credatur,
607 4247 688 4306 nnius
711 4247 763 4303 erit
790 4256 841 4303 tam
867 4248 998 4317 judiciam

204 4348 286 4404 quam
298 4342 324 4388 et
338 4349 469 4405 regnum3
487 4344 514 4390 et
528 4337 598 4392 dum
612 4339 699 4395 unius
714 4342 756 4396 cst
766 4344 932 4411 utrumque,
950 4341 999 4412 qui

204 4426 233 4480 et
242 4423 363 4495 judicat,
379 4423 573 4482 Creatorisest.

460 4625 465 4634 .
485 4573 599 4631 CAPUT
613 4572 712 4630 XXXI.

238 4695 279 4751 dd
291 4697 445 4768 prandium
459 4699 503 4755 oet
517 4699 553 4755 ad
565 4714 673 4756 canam
687 4701 780 4771 quales
794 4701 888 4756 vacari
897 4669 997 4773 jubet?

200 4784 304 4854 Quales
318 4787 471 4842 ostenderat
485 4801 533 4857 per
547 4787 643 4843 lsaiam
656 4787 746 4858 (ιιιιι,
762 4789 793 4859 7]
814 4805 822 4844 ε
845 4790 996 4863 Contriuqc
1047 4779 1850 4859 iuineultumderelictaiidest,Numqnidnoubabeoquod

200 4890 304 4946 panem
319 4878 402 4932 tuum
412 4877 552 4933 esurienti
565 4877 744 4937 etmeadicas
755 4879 823 4950 (33),
835 4883 862 4937 et
872 4880 995 4954 quisine
1046 4879 1171 4955 allegam,
1188 4885 1235 4935 aut
1244 4879 1316 4934 unde
1326 4875 1464 4950 allegam?
1482 4876 1620 4946 Quoniam
1629 4873 1706 4930 dtatt
1722 4869 1850 4944 populas

1052 3205 1102 3260 per
1117 3190 1259 3245 teremiam
1274 3190 1328 3260 (xx,
1345 3190 1378 3243 db
1393 3184 1489 3258 seqq),
1505 3183 1618 3249 Audite,
1638 3178 1735 3250 inquit,
1755 3189 1852 3230 uocem

1053 3294 1157 3342 meam,
1173 3283 1201 3336 ct
1214 3294 1260 3334 ero
1269 3278 1344 3334 uobis
1354 3280 1385 3332 in
1397 3278 1558 3337 Dortiinam,
1579 3275 1605 3326 et
1617 3266 1740 3325 aosrnibi
1754 3265 1786 3318 in
1800 3279 1852 3334 po-

1051 3367 1169 3439 pulanr,·
1186 3371 1214 3423 et
1233 3366 1309 3422 ibitis
1325 3367 1355 3419 in
1370 3364 1497 3422 sirenibus
1513 3364 1564 3417 caiis
1582 3361 1651 3415 meis
1668 3365 1852 3428 quascunque

1053 3456 1225 3512 ntandancro
1242 3456 1325 3512 aubis.
1345 3455 1413 3510 Ecce
1429 3447 1738 3506 tertiaedecimae
1755 3440 1852 3496 audie·

1053 3542 1241 3616 ruret‚inquit,
1253 3548 1280 3599 ei
1296 3559 1353 3600 non
1363 3543 1550 3598 aduerterunt
1565 3552 1665 3593 aurem
1680 3548 1771 3588 suam.
1783 3529 1852 3584 Eecr

1054 3632 1188 3688 recusatio
1203 3631 1304 3702 populi.
1322 3631 1373 3688 Sed
1388 3630 1521 3686 abierunt
1535 3628 1567 3681 in
1583 3628 1615 3681 iis
1625 3641 1687 3697 quae
1701 3620 1854 3690 eoricupic·

1053 3724 1126 3778 ruisi
1142 3720 1223 3777 corde
1238 3736 1288 3776 suo
1300 3722 1385 3776 malo.
1401 3720 1506 3790 Aprnm
1519 3714 1585 3774 erni.
1601 3718 1629 3768 et
1651 3711 1727 3767 boues
1741 3722 1854 3763 merca-

1054 3816 1099 3867 tus
1114 3827 1186 3876 sum,
1210 3813 1238 3865 et
1258 3807 1519 3866 innocentiani&
1547 3804 1634 3858 adlruc
1662 3797 1761 3871 ingerit
1786 3798 1851 3866 (vn,

1054 3900 1088 3952 st
1099 3899 1189 3970 seqq.)
1202 3916 1207 3955 :
1221 3901 1256 3954 lit
1266 3899 1348 3956 emisi
1357 3899 1393 3953 ad
1403 3914 1448 3955 aas
1458 3911 1555 3952 atracias
1565 3891 1689 3963 initiatos
1699 3902 1775 3944 nicos
1784 3901 1853 3957 pro·

1052 3988 1163 4061 piretus.
1179 3989 1226 4045 llic
1240 3989 1290 4044 erit
1307 3987 1422 4060 Spiritus
1434 3981 1705 4040 sanctasadmonitor
1720 3975 1852 4035 consina·

1055 4094 1124 4143 rum,
1137 4077 1180 4132 die
1191 4085 1288 4132 etanta
1299 4077 1396 4132 lacem.
1410 4078 1444 4132 Et
1455 4090 1513 4129 trau
1522 4071 1614 4129 atidiit
1628 4067 1747 4142 populus
1756 4079 1851 4128 inens,

1052 4171 1079 4222 et
1094 4184 1152 4223 non
1164 4167 1290 4224 intendit
1305 4166 1422 4222 auribus
1442 4165 1510 4227 suis,
1531 4167 1559 4216 et
1576 4158 1722 4219 obduravit
1743 4154 1852 4210 collum

1051 4260 1214 4315 sunamites
1225 4264 1256 4315 ut
1263 4258 1469 4331 patrifamilias
1477 4255 1678 4311 eerrunticiam
1689 4250 1741 4312 est,
1753 4251 1852 4304 enatus

1053 4352 1123 4404 tune
1138 4348 1219 4418 (benc
1238 4348 1310 4417 quod
1324 4357 1351 4402 et
1365 4356 1467 4415 motus3
1479 4353 1560 4414 negat
1573 4343 1643 4399 enim
1657 4337 1776 4395 ltareion
1795 4352 1853 4390 mo

1015 4447 1039 4526 ῃ
1054 4435 1111 4495 veri
1122 4437 1206 4492 Deum
1220 4451 1308 4502 suum,
1316 4435 1351 4490 ito
1362 4443 1389 4491 et
1398 4435 1450 4489 boc
1463 4448 1539 4487 meus
1547 4432 1608 4502 est),
1617 4427 1738 4485 mandat
1746 4426 1780 4483 de
1788 4424 1853 4496 pia·

1055 4528 1108 4582 teis
1125 4530 1153 4582 et
1168 4528 1237 4581 tricis
1248 4521 1690 4596 ciuitatissaeeresublectionem.
1703 4515 1852 4570 Videamus

1051 4629 1085 4670 au
1100 4629 1133 4671 eo
1148 4630 1231 4671 sensu
1246 4629 1299 4683 qno
1313 4627 1409 4667 rursus
1420 4627 1470 4682 per
1480 4605 1726 4677 teremiam(11,3l)
1740 4622 1747 4662 ε
1760 4605 1852 4660 Num·

1050 4705 1117 4776 quid
1127 4703 1249 4760 solitudo
1263 4704 1359 4772 sactus
1374 4718 1438 4757 sum
1451 4694 1690 4756 domuilsraelis?
1700 4696 1754 4751 aut
1769 4697 1851 4749 terra

879 5047 974 5112 Variae
996 5051 1152 5114 lectiones.

233 5174 325 5232 ⁸⁵Nec
337 5176 431 5234 omitt.
441 5177 522 5234 Pam.
537 5176 563 5215 ⁸⁶
578 5176 820 5250 significetscmen
834 5194 892 5236 naa
907 5176 986 5235 babet
1001 5179 1080 5235 Pam.
1090 5178 1142 5236 Sed
1156 5183 1198 5235 est
1209 5179 1239 5235 in
1254 5178 1313 5237 cod.
1334 5179 1435 5238 ll'oaw.
1449 5176 1474 5216 ⁸7
1484 5174 1619 5233 iudicium
1633 5169 1750 5232 remoris
1760 5169 1852 5244 lacry-

197 5263 279 5303 mosae
295 5248 677 5321 austeritates,subsequuntur
691 5251 751 5308 cod.
773 5251 874 5307 li'oura.
884 5248 909 5287 ⁸⁸
924 5247 1044 5304 Familias
1060 5253 1136 5307 Pam.
1153 5251 1178 5290 ⁸⁹
1192 5251 1321 5324 Expende
1335 5253 1415 5307 Pam.

901 5397 1151 5465 Commentarius.

232 5534 289 5604 (33)
312 5536 464 5608 confrintes
478 5547 581 5607 panem
597 5536 679 5589 tuum
695 5534 841 5604 esurienti,
853 5537 882 5590 et
896 5533 1047 5603 mamam,
1064 5544 1118 5593 etc.
1138 5535 1286 5602 Mendicos,
1303 5550 1352 5607 pro
1366 5548 1420 5608 quo
1434 5534 1683 5608 Vulgatuseqenos,
1699 5548 1757 5591 save
1776 5551 1848 5587 nte-

196 5607 263 5670 κούς.
284 5609 353 5664 l‘tn.
