3840 6134
127 250 180 313 955
495 238 715 304 TERTULleffl
733 239 866 303 DPEllde
884 239 968 310 PARS
985 239 1019 303 ll.
1042 272 1079 287 -
1095 239 1209 304 stul!
1226 243 1264 319 ll,
1281 242 1441 305 toulbtt.
1717 240 1770 308 056

127 392 172 434 res
193 371 354 432 naturalium
381 371 548 442 sponsalium
569 377 597 427 et
624 367 788 440 nuptiarum.
812 369 965 463 Imponefl
1272 366 1383 430 CAPUT
1402 371 1478 428 Xlll.

129 465 251 525 velamen
265 462 444 531 extrinsecus,
469 459 577 516 habenti
600 466 731 530 tegumen
754 457 924 515 intrinsecus.
1014 458 1044 514 Si
1079 470 1189 532 propter
1219 458 1343 516 homines
1388 459 1481 515 babitu
1520 459 1668 516 abutantur
1704 460 1772 535 (at),

130 555 268 626 Tegantur
298 550 378 606 etiam
412 551 561 620 superiora,
587 549 666 618 cnjus
697 545 823 605 inferiora
854 547 927 603 nuda
979 547 1108 620 impleant
1121 548 1195 603 illurn
1214 547 1294 604 etiam
1319 548 1345 603 in
1365 549 1427 614 boc,
1448 555 1479 604 ιιι
1497 556 1525 604 et
1551 548 1621 619 apud
1649 550 1773 607 ethnicos

129 657 184 701 non
198 647 276 698 sunt.
293 639 343 696 Vis
357 639 425 696 scire
439 654 501 709 quae
527 636 562 693 sit
584 636 667 693 aetatis
681 635 845 693 auctoritas?
858 636 926 693 l‘ro·
978 644 1060 707 caput
1074 636 1173 694 velent.
1193 636 1272 693 Certe
1296 636 1324 692 in
1347 635 1462 694 ecclesia
1487 636 1670 709 uirginitatem
1701 654 1774 696 suam

128 747 202 805 pone
221 740 373 800 utramque,
403 727 548 800 immature
570 741 753 798 compressam
780 725 807 780 in
833 725 926 782 babitu
979 726 1153 796 abscondant,
1177 741 1259 797 quam
1286 733 1363 781 eitra
1385 725 1527 782 ecclesiam
1550 727 1651 782 celant.
1668 727 1775 785 Timent

130 819 263 890 mulieris,
276 826 304 874 et
318 832 378 888 quae
392 816 544 872 maturitate
565 830 706 888 progressa
727 814 755 870 in
772 813 927 885 uirginitate
980 822 1135 880 extraneos,
1156 823 1330 873 revereantur
1353 822 1380 871 et
1403 815 1522 873 fratres:
1548 826 1595 873 aut
1617 826 1776 875 constanter

130 910 209 966 duret
223 922 283 963 cum
302 918 354 962 suo
369 904 472 971 habitu,
487 902 591 959 facilius
606 903 650 958 illa
665 902 762 958 mulier
775 903 925 975 negabitur,
978 903 1101 971 audeant,
1129 912 1156 961 et
1179 905 1208 961 in
1234 903 1302 962 vicis
1325 904 1445 975 virgines
1468 903 1555 960 rideri
1582 905 1652 962 sicut
1675 905 1774 963 audem

129 1011 209 1071 quam
234 994 298 1049 ista
325 992 403 1065 uirgo
435 990 569 1047 credetur.
592 989 677 1045 Tanta
699 997 742 1045 est
763 991 832 1048 adeo
860 988 928 1045 fides
980 992 1008 1050 in
1031 992 1166 1049 ecclesiis.
1185 992 1312 1050 Laudabo
1332 993 1465 1065 vigorem,
1486 992 1510 1048 si
1532 992 1633 1065 aliquid
1653 1002 1682 1049 et
1704 992 1776 1067 apud

131 1085 228 1151 aetatis,
253 1090 284 1138 ut
307 1097 357 1138 nec
381 1079 475 1136 habitu
508 1077 613 1135 obstrui
645 1078 738 1151 possit.
763 1077 834 1148 Quid
857 1077 928 1150 quod
980 1081 1104 1139 ethnicos
1114 1081 1277 1156 virginitatis
1286 1081 1466 1139 nundinarent
1482 1081 1549 1153 (82).
1561 1080 1665 1138 Eadem
1680 1091 1776 1139 natura

133 1175 216 1233 etiam
252 1173 295 1228 hae
331 1177 432 1227 nostrae
463 1168 488 1208 ⁶⁹
520 1167 603 1224 etiam
635 1167 728 1223 habitu
750 1166 928 1224 mutationem
980 1171 1046 1228 loris
1059 1186 1119 1242 quae
1130 1178 1156 1227 et
1170 1171 1254 1238 intus,
1268 1170 1361 1226 eadam
1376 1169 1508 1227 institutio
1523 1171 1595 1243 apud
1607 1170 1732 1228 homines
1745 1177 1772 1229 et

131 1263 222 1321 oetatia
239 1260 411 1329 confitentur,
426 1257 559 1328 simulque
581 1271 611 1313 se
633 1256 762 1313 mulieres
784 1256 929 1314 intellexe-
982 1259 1053 1331 apud
1066 1259 1212 1315 Dominum
1226 1258 1320 1315 eadem
1343 1256 1466 1314 libertate
1491 1266 1605 1315 constat.
1623 1259 1687 1328 Quo
1708 1275 1773 1334 ergo

131 1360 206 1419 runt,
234 1351 268 1407 de
295 1347 448 1423 uirginibus
476 1346 626 1404 educentur
653 1346 680 1385 7⁰
707 1346 775 1418 (75),
804 1344 929 1416 ecapite
981 1345 1775 1422 forisquidembonumsuumabstrudont,inecclesiaram

134 1439 246 1513 quidem
273 1438 333 1510 ipso
365 1436 531 1507 deponentes
554 1434 628 1509 quod
648 1433 757 1492 luerunt
782 1452 789 1490 ι
821 1440 931 1490 vertunt
981 1437 1162 1510 provulgant?
1185 1436 1308 1507 Exposco
1336 1434 1484 1504 rationem3
1510 1442 1636 1492 utrumne
1667 1445 1699 1494 ut
1724 1437 1776 1493 fra·

132 1530 261 1602 capillum
275 1528 344 1600 (lli),
358 1533 385 1584 et
398 1542 449 1583 acu
460 1525 715 1584 lasciuiorecomam
729 1522 781 1579 albi
795 1523 928 1588 inserunt,
981 1524 1066 1581 tribus
1076 1524 1133 1580 suis
1147 1524 1279 1595 plateam,
1295 1540 1329 1581 an
1343 1531 1375 1581 ut
1387 1522 1440 1599 ipsi
1454 1523 1533 1583 Dcof
1547 1525 1617 1582 Sint
1631 1525 1687 1598 ipsi
1697 1526 1776 1585 Deor

132 1618 282 1678 crinibusa
303 1616 393 1674 fronte
417 1615 511 1672 divisis
532 1620 654 1686 apertam
677 1608 806 1684 professu
828 1608 927 1666 mulie·
943 1656 966 1735 Β
981 1620 1035 1670 tam
1063 1613 1180 1669 idoneus
1201 1621 1242 1669 est
1264 1614 1297 1668 ad
1322 1612 1513 1685 conspicienda
1535 1630 1596 1687 quae
1618 1615 1648 1671 in
1671 1614 1775 1675 occulto

131 1707 249 1766 mtatem.
269 1707 330 1763 tam
343 1702 525 1761 etooasilium
539 1700 634 1756 formae
653 1715 669 1754 a
687 1699 797 1769 speculo
820 1705 925 1772 petunt,
982 1700 1059 1773 liunt,
1074 1716 1155 1773 quam
1168 1702 1259 1772 justus
1282 1702 1316 1757 ad
1344 1701 1543 1761 remuneranda
1569 1718 1630 1775 quae
1653 1700 1706 1760 soli
1726 1702 1776 1761 sibi

132 1806 159 1854 et
182 1796 281 1854 faciem
299 1791 479 1849 morosiorem
503 1788 611 1846 lavacro
640 1796 784 1855 macerant,
818 1788 930 1844 forsitan
983 1789 1061 1848 liunt.
1076 1789 1198 1863 Denique
1213 1789 1343 1862 praecipit,
1359 1789 1428 1849 nihil
1451 1791 1663 1850 debuccinemus
1682 1805 1777 1850 eorum

132 1894 160 1942 et
182 1884 273 1956 aliquo
307 1895 367 1937 eam
398 1877 576 1933 medicamine
607 1876 782 1948 interpolant,
815 1876 927 1949 pallium
978 1897 1040 1953 qum
1054 1881 1126 1951 apud
1140 1880 1214 1936 illum
1229 1881 1378 1938 mercedem
1401 1882 1586 1952 merebuntur,
1611 1897 1664 1939 nec
1687 1896 1719 1939 oa
1741 1881 1775 1937 ab

132 1972 301 2030 extrinsecus
318 1968 432 2039 iactant,
460 1966 580 2024 calceum
604 1964 702 2036 stipant
723 1965 925 2035 multiformem,
980 1970 1136 2027 hominibus
1160 1985 1378 2040 compensemus.
1402 1968 1481 2039 Quod
1523 1970 1547 2026 al
1574 1969 1656 2026 unius
1690 1969 1776 2027 ricto·

133 2060 194 2134 plus
218 2055 387 2113 instrumenti
412 2055 448 2112 ad
471 2055 581 2111 balneas
608 2052 733 2111 deferunt
760 2056 828 2128 (Π).
858 2055 927 2127 Quid
980 2055 1041 2113 riati
1056 2055 1125 2127 (83),
1139 2057 1568 2130 volquamcunqueeleernosynae
1582 2060 1774 2131 operationem,

133 2147 239 2221 ungula
254 2145 423 2217 peraequari
439 2145 512 2204 Solae
531 2143 554 2183 ⁷¹
569 2151 660 2201 autem
683 2143 832 2201 manifestae
851 2161 929 2215 para·
981 2144 1088 2202 sinistra
1106 2145 1214 2202 conscia
1234 2146 1259 2184 ⁷²
1274 2145 1332 2218 (st)
1351 2145 1439 2203 facero
1467 2148 1641 2219 prohibemur
1663 2147 1774 2221 (narrt.

135 2247 202 2295 turae
223 2233 310 2293 907
334 2242 416 2292 totam
440 2234 631 2292 circumferunt
652 2233 841 2289 mulieritatem
859 2233 926 2306 (78).
982 2234 1033 2304 vr),
1049 2241 1179 2305 quantum
1193 2236 1366 2292 tenebrarum
1395 2236 1612 2294 circumfundere
1634 2236 1774 2305 debemus,

133 2324 188 2383 Sed
202 2323 332 2399 virginari
346 2323 439 2382 volunt
453 2324 513 2397 (te)
528 2325 586 2379 sola
607 2321 707 2392 capitis
728 2322 858 2393 nuditate,
874 2338 929 2381 uno
981 2337 1044 2379 cum
1062 2329 1161 2378 tantun
1184 2323 1347 2380 oblationem
1365 2326 1422 2382 Dee
1437 2324 1585 2397 offerimus,
1612 2325 1701 2397 ipsius
1713 2341 1775 2384 rnr-

134 2412 227 2472 babitu
241 2412 299 2486 (80)
313 2411 529 2486 negantesquod
542 2420 599 2468 toto
614 2418 742 2484 suggestu
755 2409 927 2482 profitentur.
983 2410 1057 2484 poris
1079 2420 1107 2469 et
1128 2411 1215 2484 ipsius
1242 2412 1356 2485 spiritus
1378 2414 1474 2483 nostrl,
1501 2431 1562 2473 cum
1590 2415 1666 2472 illam
1693 2416 1776 2488 ipsam

819 2540 916 2606 Varias
936 2544 1090 2622 lectiones.

167 2652 193 2692 ⁶⁹
207 2649 278 2724 Quid
293 2651 365 2725 quod
377 2658 404 2708 et
416 2651 473 2721 jam
487 2651 553 2707 tun.
569 2650 595 2689 ⁷⁰
608 2649 768 2707 Educentur
782 2649 822 2707 et.
847 2647 869 2687 Ἡ
885 2649 1040 2722 Solemncm
1054 2653 1140 2707 Fran.
1156 2651 1246 2708 Paria.
1269 2650 1336 2707 sulae
1350 2652 1423 2709 enim
1436 2653 1531 2710 hetin.
1543 2654 1613 2710 tun.
1633 2652 1695 2709 sola
1707 2653 1776 2708 enim

133 2723 277 2854 willens
306 2731 431 2796 paratura
459 2722 587 2780 dinccen.
621 2721 685 2777 solae
717 2721 750 2777 in
769 2718 827 2776 ced.
853 2721 1024 2790 Divionensi,
1055 2722 1127 2795 quet
1159 2724 1218 2795 Rip.
1250 2725 1380 2796 praefert.
1410 2723 1434 2762 ⁷²
1464 2723 1579 2781 Sinistra
1610 2723 1775 2785 conscientia

830 2862 1079 2928 Commentarius.

167 2974 226 3046 (75)
240 2975 278 3031 De
287 2973 442 3046 hirpinibus
457 2972 628 3041 educuntur.
643 2969 770 3030 Educunt
781 2969 929 3043 seserirgi·
944 2984 966 3065 c
981 2973 1009 3026 et
1023 2969 1199 3028 obscenitates
1212 2970 1285 3028 mille
1304 2971 1448 3027 obtrudunt
1467 2980 1498 3029 ut
1515 2971 1618 3029 scilicet
1631 2970 1774 3046 gloriolam

133 3060 197 3102 num
226 3060 319 3100 censu.
348 3045 411 3100 llio.
980 3040 1053 3096 illam
1072 3050 1242 3112 aucupentur
1264 3058 1316 3116 qua
1343 3043 1438 3099 eruditi
1465 3043 1618 3100 credantur.
1647 3044 1775 3117 Adeoque

169 3114 227 3199 (76)
245 3116 363 3173 Verterat
376 3114 522 3197 capillum.
533 3112 623 3170 Nolim
637 3113 773 3170 affirmare
788 3112 859 3167 idem
870 3112 928 3169 haec
980 3128 1071 3168 rerum
1086 3129 1263 3170 venerearum
1285 3122 1311 3172 et
1334 3114 1451 3185 antiquae
1469 3114 1633 3187 impuritatis
1661 3115 1774 3188 indaga-

133 3186 297 3258 sipuibcare,
322 3202 353 3243 ac
376 3201 464 3243 crrnes
492 3185 657 3256 intorquere.
682 3187 748 3241 tium
771 3184 842 3239 enim
864 3183 927 3255 lego
980 3184 1085 3239 toribus
1102 3184 1168 3241 illud
1194 3185 1327 3256 relinquo,
1342 3187 1512 3258 devirginare
1538 3195 1579 3243 est
1606 3182 1773 3258 dermursur

131 3256 180 3314 lib.
197 3272 219 3313 ιι
232 3257 265 3315 de
282 3257 366 3315 Cultu
380 3260 448 3329 sena.
463 3271 523 3325 cap.
539 3260 555 3311 e
573 3273 580 3311 ι
599 3277 610 3306 ι
630 3255 754 3326 capitum
769 3268 850 3310 croco
863 3271 926 3310 rer·
980 3253 1152 3327 imminuere,
1168 3255 1344 3329 depudicare,
1359 3265 1388 3314 ut
1411 3259 1511 3329 glossae
1525 3255 1631 3324 docem,
1654 3275 1708 3331 qua
1731 3257 1774 3313 in·

131 3338 201 3397 tere,
225 3348 237 3379 r
264 3327 331 3384 illud
351 3329 378 3383 in
398 3328 552 3384 memoriam
576 3334 684 3384 revocat
708 3342 799 3383 curam
815 3335 927 3380 mutan·
979 3327 1171 3398 terpretatione
1198 3327 1266 3383 nihil
1294 3329 1327 3383 ad
1352 3329 1423 3385 bunc
1455 3328 1556 3392 locum,
1589 3328 1656 3385 nibil
1687 3329 1773 3386 miuus

132 3400 176 3456 dis
190 3400 381 3474 tingendisqne
393 3399 515 3457 crinibus
537 3398 609 3470 apud
628 3406 744 3465 veteres,
759 3396 928 3454 llerodianua
980 3397 1146 3454 conueniens
1161 3413 1168 3454 :
1184 3399 1234 3454 sed
1248 3398 1319 3456 violo
1335 3408 1371 3464 te,
1390 3397 1497 3471 pudor!
1514 3398 1551 3454 La
1565 3398 1615 3455 Pa.
1711 3457 1714 3466 ,

134 3471 167 3528 dc
195 3471 333 3528 Antonino
350 3488 357 3526 ι
372 3473 450 3545 utpnr
468 3490 494 3525 rr
518 3475 548 3544 τῇ
573 3471 668 3543 κεφαλῇ
692 3468 814 3522 ἐπετίθετο
832 3466 926 3528 ξανθὰς·
1016 3468 1071 3540 (80)
1088 3471 1143 3528 linc
1159 3469 1266 3527 babitu.
1281 3470 1382 3541 Capitis
1395 3470 1518 3528 videlieet
1532 3470 1628 3540 aperti.
1640 3471 1703 3526 Rue.

133 3559 226 3601 crines
245 3547 333 3601 etiarn
352 3560 385 3599 ce
405 3544 440 3600 iti
457 3542 593 3616 imposuit
606 3541 701 3610 flavos,
714 3548 741 3594 et
754 3539 824 3610 apud
841 3537 925 3593 Clem.
1016 3544 1072 3609 (et)
1088 3541 1118 3597 Si
1134 3545 1248 3614 propter
1259 3543 1385 3599 homines
1400 3541 1674 3599 babituebutuntur.
1690 3544 1772 3599 Totos

132 3612 211 3670 Alex.
225 3616 311 3696 τρίχας
342 3562 427 3675 terga<
455 3619 539 3666 ποιοῦν
569 3614 662 3669 crines
690 3612 776 3680 {lenus
797 3608 926 3689 reddent.
980 3608 1030 3665 iste
1047 3611 1122 3666 locus
1136 3612 1175 3666 sie
1188 3621 1229 3667 eat
1247 3612 1377 3684 legendus
1396 3629 1427 3668 ac
1450 3612 1681 3696 distinguendus:
1717 3614 1771 3670 «si

133 3683 299 3756 Capitulinus
314 3683 423 3740 inlfero
438 3700 444 3737 :
462 3705 473 3733 r
490 3683 592 3738 Dicitur
606 3696 673 3737 seue
688 3688 788 3736 tanum
801 3679 928 3736 babuisse
980 3689 1091 3755 propter
1108 3681 1230 3738 homines
1249 3683 1341 3739 habitu
1359 3683 1516 3753 abutuntur,
1540 3684 1668 3755 impleant
1698 3682 1772 3740 illurn

133 3770 224 3812 curam
237 3753 393 3811 flaventium
407 3753 603 3823 capillorum»
624 3758 674 3808 ete.
690 3751 728 3806 Ea
746 3750 798 3805 fuit
820 3748 926 3806 flaven—
980 3752 1061 3808 etiarn
1076 3753 1102 3806 in
1124 3752 1185 3817 hoc,
1210 3764 1246 3826 et,
1275 3762 1305 3810 ut
1331 3755 1403 3826 apud
1424 3755 1544 3812 ethnicos
1565 3765 1646 3826 caput
1671 3755 1770 3825 vetant,

134 3826 168 3881 tis
181 3825 301 3895 capillitii
315 3823 460 3892 abeuntia,
476 3831 506 3879 ut
515 3824 614 3878 Laetam
630 3821 773 3878 admoneat
787 3821 816 3876 D.
833 3819 928 3877 lliero·
980 3831 1052 3878 certe
1079 3823 1106 3878 in
1133 3824 1247 3880 ecclesia
1274 3825 1454 3898 virginitatem
1481 3842 1558 3881 suam
1594 3827 1771 3893 abscondant,

134 3911 231 3967 aymus
247 3913 253 3949 :
268 3910 304 3952 ne
319 3895 582 3966 capillumirrusea.
600 3894 637 3949 Lu
654 3894 701 3947 Pu.
981 3910 1061 3967 quam
1090 3902 1164 3950 extra
1187 3896 1331 3952 ecclesiam
1349 3897 1446 3953 celant.
1476 3898 1582 3953 Timent
1619 3906 1769 3966 extrueret,

171 3963 227 4034 (ll)
239 3966 309 4021 Pina
327 3966 515 4020 instrumenti
529 3964 565 4020 ed
579 3965 693 4020 balneas
708 3963 851 4034 deferunt.
868 3962 929 4018 Cla·
981 3977 1154 4023 revereantur
1176 3976 1205 4023 et
1223 3968 1326 4024 fratres.
1354 3970 1409 4023 Aut
1432 3978 1585 4024 constanter
1612 3969 1728 4024 audeaut
1745 3976 1772 4025 et

135 4052 231 4105 niens,
263 4035 373 4108 Paedop.
399 4051 448 4105 ru,
472 4038 511 4091 5:
537 4034 574 4088 Tri
588 4056 615 4088 rr
634 4035 799 4108 ἀργυρώματα
827 4029 928 4105 prurire
981 4035 1224 4110 invicisrirgines
1245 4038 1341 4103 rideri,
1361 4039 1431 4094 sicut
1448 4038 1588 4096 audentio
1603 4039 1766 4096 ecclesiis.»

136 4108 329 4182 tprropmtcurrr
371 4107 534 4178 ἀπιιροιιᾶλως
566 4105 589 4160 ἔν
627 4109 674 4167 τοῖς
702 4105 836 4172 βαλανείοις
867 4125 925 4178 ttpo·
981 4107 1139 4166 Chrislianae
1163 4110 1288 4179 virgines,
1324 4110 1448 4181 quumvis
1476 4110 1504 4166 in
1539 4110 1652 4167 ecclesia
1685 4110 1772 4182 capilo

139 4179 238 4234 esaar.
256 4179 318 4234 liro.
942 4159 1070 4237 nossent
1083 4179 1193 4249 intecto,
1210 4188 1296 4237 tamen
1319 4182 1389 4251 apud
1411 4182 1534 4238 ethnicos
1552 4190 1578 4238 et
1597 4182 1625 4236 iu
1644 4182 1713 4239 uicis
1728 4183 1770 4236 in-

168 4249 226 4321 (78)
241 4251 313 4307 Soter
327 4253 424 4306 autern
433 4250 758 4324 muniscrtoeperuturoe
774 4249 929 4306 tetumcir·
982 4249 1113 4306 cedebant
1140 4252 1233 4307 velatae
1260 4260 1350 4324 caput.
1372 4250 1501 4308 Dicebant
1528 4260 1618 4308 autem
1644 4268 1675 4308 se
1699 4251 1770 4308 abati

134 4324 299 4393 coinferunt
312 4323 529 4380 mulieritatem.
545 4321 590 4377 Sic
608 4319 717 4376 omuino
731 4320 831 4393 legitur
843 4319 872 4375 in
888 4332 930 4374 co·
982 4320 1085 4389 habitu,
1105 4321 1158 4379 hoc
1170 4335 1220 4390 est,
1235 4339 1264 4378 se
1285 4323 1421 4378 ambulare
1442 4323 1469 4379 in
1497 4323 1584 4379 alieno
1609 4325 1702 4379 habitu
1717 4341 1724 4378 ι
1740 4337 1773 4378 ne

134 4391 193 4448 dice
207 4392 373 4456 Dirioncnsi,
390 4391 545 4449 necdubito
570 4390 647 4447 talem
671 4391 758 4447 fnisse
772 4390 928 4448 Tertulliani
982 4391 1084 4448 scilicet
1112 4391 1139 4447 in
1162 4395 1204 4450 rir
1224 4393 1287 4449 inali
1313 4408 1362 4450 suo
1389 4395 1423 4449 ab
1444 4395 1559 4451 ethnicis
1585 4401 1773 4467 appeterentur

136 4478 254 4519 uranum.
283 4465 331 4519 llae
359 4470 468 4530 uostrae,
492 4462 589 4534 iuquit,
617 4463 745 4536 virgines.
771 4460 930 4517 Christianae
983 4462 1128 4518 ardentius.
1141 4413 1241 4521 Laudat
1254 4466 1396 4521 consilium
1415 4465 1610 4538 Tertullianus3
1630 4466 1680 4522 sed
1704 4481 1773 4548 prse-

134 4533 267 4599 videlicet,
281 4535 359 4590 etiam
373 4535 468 4591 habitu
478 4535 653 4590 mutationem
663 4532 924 4598 aeuusconfitentur,
979 4539 1052 4588 terea
1067 4534 1188 4606 requirit,
1211 4546 1241 4593 ut
1260 4536 1289 4590 in
1313 4537 1365 4591 hoc
1391 4535 1471 4592 etiam
1500 4536 1629 4608 impleant
1652 4538 1772 4593 habitum

135 4604 270 4675 simulque
284 4606 452 4676 pubertatem
476 4606 600 4662 subnasci
621 4620 696 4660 suam
718 4603 847 4672 sentiunt,
871 4603 926 4671 jam
980 4603 1055 4659 illum
1074 4621 1129 4661 non
1144 4623 1232 4674 suum,
1249 4623 1309 4662 cum
1324 4608 1351 4662 in
1373 4606 1513 4663 ecclesiam
1528 4608 1675 4676 ventitant;
1692 4607 1773 4662 nimi·

135 4691 246 4732 ecesse
270 4677 413 4742 mulieres,
436 4686 517 4748 atque
544 4693 579 4732 ea
605 4675 755 4748 uirginibus
778 4674 927 4730 excessisse
980 4692 1039 4730 rum
1060 4685 1167 4746 proptor
1182 4676 1286 4747 fratros,
1302 4678 1347 4749 qui
1368 4680 1447 4733 etiam
1472 4680 1595 4734 homines
1618 4685 1693 4735 sunt.
1710 4681 1772 4734 llio.

135 4745 297 4820 intelligunt.
320 4749 412 4819 ltaque
434 4763 450 4802 a
472 4748 559 4874 capite
577 4745 636 4818 ipso
651 4747 792 4819 deponunt
805 4743 927 4801 habitum
1006 4748 1072 4828 ¹itt)
1082 4749 1112 4804 Si
1124 4750 1232 4820 utr'qur'd
1247 4755 1274 4804 et
1284 4750 1495 4874 usudetbuiccs
1507 4751 1684 4820 cirpinitetrs
1694 4767 1774 4805 nun-

135 4817 303 4891 virginalem,
318 4827 426 4875 uertunt
443 4820 502 4891 capi
516 4821 570 4875 lum
598 4834 647 4874 acu
665 4817 804 4876 lasciviore
824 4831 927 4873 comam
980 4818 1120 4875 dancrint.
1136 4818 1164 4873 Si
1176 4826 1277 4874 tantum
1293 4821 1347 4875 ihs
1357 4820 1384 4876 in
1394 4835 1441 4875 sua
1451 4820 1604 4894 virginitate
1616 4821 1776 4876 constantie

136 4889 185 4944 sihi
213 4891 351 4955 inserunt,
383 4889 500 4947 crinibus
528 4905 545 4945 a
571 4859 660 4947 fronte
687 4889 780 4946 divisis
806 4894 926 4959 apertam
980 4888 1107 4959 suppetit,
1124 4898 1153 4944 ut
1175 4893 1234 4960 ejus
1258 4892 1472 4961 etiamerempla
1491 4908 1641 4962 proponere
1659 4893 1777 4949 audeant

135 4959 265 5033 professae
283 4960 484 5016 mulieritatem.
509 4960 612 5018 Deinde
635 4960 697 5016 colli
716 4960 737 5015 it
759 4979 766 5015 r
791 4960 848 5014 lmo
863 4957 927 5014 solae
981 4959 1053 5016 unde
1066 4959 1163 5016 ethuici
1179 4973 1285 5018 sumant
1298 4964 1370 5033 quod
1386 4962 1532 5020 imitentur.
1549 4964 1612 5020 liro.

134 5031 254 5157 suffinae
284 5039 365 5086 totam
398 5031 591 5089 circumferunt
619 4977 765 5088 maribam
782 5038 928 5157 (frenaturus
1017 5031 1073 5112 (83)
1091 5033 1177 5113 Duiua
1192 5035 1345 5090 victoriati.
1354 5034 1464 5089 Nummi
1473 5050 1559 5105 grauns
1569 5051 1602 5091 ex
1611 5033 1776 5106 lllyrleoad.

136 5117 179 5156 mu
194 5101 336 5158 ieritatem.
352 5100 457 5159 Etenim
483 5103 570 5177 capito
592 5102 722 5161 incedunt
744 5119 780 5157 nu
801 5118 827 5171 c,
851 5116 926 5170 prm·
980 5108 1060 5166 recti,
1075 5120 1121 5174 qur
1134 5103 1234 5160 mercis
1248 5107 1306 5162 loco
1320 5115 1391 5173 erat;
1414 5105 1449 5161 de
1463 5120 1497 5161 eo
1511 5105 1593 5172 Ptin,
1609 5105 1656 5161 lib.
1675 5121 1775 5172 annui,

135 5171 215 5244 cipali
229 5173 378 5228 manifesta
405 5183 538 5245 paraturae
568 5175 709 5232 muliebris
741 5181 826 5246 parte,
848 5186 928 5242 quarn
980 5187 1039 5242 cap.
1057 5176 1083 5229 3.
1098 5174 1136 5230 Lu
1151 5176 1200 5231 Pu.

135 5259 228 5315 regere
246 5246 332 5301 solent
353 5245 489 5302 mulieres.
512 5248 604 5318 ltaque
628 5247 689 5318 plus
703 5246 829 5302 exhibent
843 5241 929 5296 mani·
1018 5243 1075 5315 llll)
1086 5245 1634 5305 Sirristracenscic.Reducendaveterum
1645 5248 1779 5317 exempla-

135 5313 209 5371 lestae
223 5315 401 5384 mulieritatis,
417 5334 496 5390 quam
511 5319 578 5390 ipsae
593 5316 731 5373 mulieres.
747 5314 810 5371 liro.
982 5312 1050 5369 rium
1067 5316 1198 5386 scriptura
1222 5319 1377 5388 hujusmodi
1397 5337 1404 5372 :
1435 5319 1561 5375 Sinistra
1589 5319 1778 5376 conscientie.

171 5388 229 5469 (79)
245 5383 807 5462 seuntrprnnrr·vetuntvirgmasbaberi
821 5380 927 5463 volunt,
981 5384 1055 5440 Dixit
1083 5398 1169 5443 autom
1198 5389 1331 5445 sinistram
1356 5389 1560 5458 conscientiam,
1585 5407 1634 5462 pro
1669 5388 1781 5446 sinistra

136 5456 238 5514 iontibs
256 5460 322 5515 mihi
345 5459 451 5518 uidetur
474 5476 567 5518 eorum
590 5458 667 5514 labor
683 5472 714 5512 ac
734 5451 929 5533 propudiosos,
982 5457 1099 5527 conscia,
1115 5461 1341 5530 quemadmodum
1360 5461 1430 5518 libro
1444 5460 1477 5518 de
1491 5462 1593 5528 Puitto,
1609 5461 1781 5518 sacerdotem

135 5527 182 5601 qui
205 5531 294 5587 stetim
321 5531 455 5603 explicant
477 5524 644 5602 devirginal'i
671 5543 732 5585 esse
752 5531 928 5589 contraitum,
983 5540 1152 5602 suggestum,
1173 5547 1222 5602 pro
1237 5531 1395 5591 sacerdolali
1409 5541 1548 5606 suggestu,
1564 5533 1629 5590 [uu.
