3840 6134
136 292 192 353 toa
746 299 809 360 bib.
829 299 865 362 tv
883 302 962 368 litt.
982 307 1184 372 MARCIONEM.
1734 310 1788 371 406

138 418 230 494 potior
252 425 355 487 auctor,
375 418 422 491 qui
441 421 525 492 prior.
544 423 705 481 Incredibile
724 425 813 496 plane,
832 436 863 485 ut
884 446 936 500 pe·
951 421 974 500 fl
989 434 1106 491 advenit.
1122 432 1237 490 Proinde
1261 432 1285 486 si
1306 438 1335 488 ιι
1363 431 1453 488 ιιιιιι
1473 447 1582 490 omnem
1596 433 1641 507 qui
1657 433 1734 505 lepra
1752 433 1786 487 li-

140 516 224 566 astas
249 507 385 564 Creatoris
407 510 492 566 verbo
516 511 667 569 remedium
690 514 748 572 uitii
767 516 847 573 unius
865 533 935 590 epa·
988 524 1098 580 heratus
1121 531 1194 578 essct
1220 521 1258 576 ita
1283 519 1424 587 iacturum,
1440 521 1502 578 ideo
1525 522 1653 592 pracepit
1679 537 1780 578 munus

139 605 197 655 rata
214 596 259 667 sit,
283 613 343 668 quae
371 599 454 655 verbe
479 607 581 656 tantam
607 602 703 658 mundi
729 605 828 661 melem
852 609 935 665 semel
988 612 1097 679 ollerre,
1112 610 1200 684 potuit
1214 618 1305 667 etnon
1319 610 1482 682 praecepisse
1501 611 1574 681 quod
1597 611 1699 668 sciebat
1713 611 1786 667 ultro

140 685 264 760 pretulit.
289 686 367 744 liade
389 687 475 759 magis
492 688 660 763 dignoscitur
679 692 801 749 Christus
824 695 936 754 Creato·
989 701 1122 760 iuturum.
1146 703 1177 756 in
1204 715 1304 758 uanum
1332 715 1398 772 ergo
1425 698 1562 755 deseendit
1592 700 1670 771 qnasi
1695 702 1785 773 legem

139 775 185 840 ris,
200 789 284 847 quam
303 790 336 831 ex
354 774 430 854 verbi
445 779 605 848 potestate?
624 778 677 836 Sed
692 780 754 838 ideo
773 782 936 841 aliusChri·
989 790 1183 853 destructurus,
1213 805 1277 845 cam
1300 787 1369 844 cedit
1397 787 1604 844 obsecutoribus
1624 787 1705 859 legis.
1733 788 1786 843 Αι-

138 869 207 929 stus,
237 862 301 935 quia
331 862 408 919 aliter
436 880 516 934 quam
544 865 685 937 Helisaeus,
714 870 778 942 quia
801 873 936 941 potentior
988 879 1053 951 quin
1081 878 1159 950 quasi
1185 877 1274 933 sciens
1300 876 1416 934 termam
1440 891 1544 943 eorum,
1572 876 1660 950 magis
1683 874 1718 930 ah
1752 892 1785 932 ea

138 951 267 1009 deminus
292 950 396 1009 lamule
424 968 485 1010 sue.
517 953 589 1023 Quid
615 957 766 1028 constituis,
804 961 935 1029 Marcion,
987 966 1306 1038 avertendespraevenire
1327 964 1470 1032 debuerat,
1494 965 1518 1020 si
1542 966 1570 1020 iu
1589 965 1640 1021 hoc
1662 970 1785 1019 venerat.

139 1040 255 1113 proinde
279 1055 323 1094 res
343 1040 424 1113 agia
448 1042 544 1111 servis,
571 1046 797 1114 quemadmodum
811 1048 845 1104 ab
870 1050 936 1119 ipsis
987 1056 1041 1111 Cur
1062 1071 1129 1127 ergo
1147 1054 1172 1094 ³³
1196 1070 1251 1110 non
1273 1054 1367 1119 tacuit,
1383 1058 1412 1109 ut
1432 1054 1512 1110 herne
1534 1053 1594 1108 solo
1608 1067 1657 1108 suo
1670 1051 1784 1107 arbitrio

138 1127 281 1186 dominis?
300 1129 361 1183 Non
382 1128 459 1185 times
482 1146 517 1185 ne
539 1131 568 1186 in
586 1133 703 1189 dedecus
721 1134 770 1189 tibi
797 1146 891 1207 vertat,
912 1139 935 1194 si
989 1143 1041 1218 legi
1054 1143 1197 1200 obedirett
1221 1153 1284 1200 tunc
1307 1143 1379 1198 enim
1400 1142 1568 1213 aliquatenus
1587 1148 1678 1211 posset
1697 1139 1783 1198 videri

138 1219 200 1274 ideo
219 1218 358 1275 Christum
376 1233 460 1290 negas
475 1218 620 1287 Creatoris,
634 1222 702 1295 quia
720 1224 858 1293 potentior
871 1226 933 1284 lue·
987 1231 1123 1302 patientiae
1147 1247 1204 1287 suae
1228 1231 1397 1303 prestitisse.
1417 1231 1470 1287 Sed
1484 1230 1574 1301 adjicit
1593 1230 1672 1286 ctiam
1688 1235 1785 1285 aucte·

139 1310 173 1365 rit
195 1307 298 1366 famulo
332 1307 472 1375 Creatoris,
502 1309 549 1382 qui
576 1311 609 1366 ad
638 1311 730 1369 iilisaei
764 1314 935 1385 pusillitatem
987 1320 1094 1377 ritatem
1109 1337 1185 1377 snam
1199 1329 1390 1395 exaggeratam
1412 1318 1557 1375 testimonii
1580 1318 1710 1390 pondere.
1728 1318 1785 1374 Cu·

140 1401 225 1471 major
238 1398 404 1469 agnoscitur,
420 1398 444 1452 si
463 1409 551 1457 tamen
565 1402 680 1471 majori
702 1404 752 1458 Par
766 1404 839 1460 euim
854 1421 934 1462 cura·
984 1411 1033 1481 jus
1051 1411 1106 1478 jam
1131 1411 1286 1475 testimonii,
1312 1409 1364 1464 nisi
1382 1409 1453 1481 legis
1468 1409 1602 1467 assertae?
1618 1409 1694 1465 Certe
1716 1407 1783 1464 nihil

139 1484 186 1557 tie,
214 1488 279 1542 licet
306 1487 386 1542 distet
413 1488 543 1559 operatio.
573 1488 647 1559 Quid
666 1491 782 1562 amplius
811 1494 935 1562 praestitit
987 1497 1098 1554 interest
1121 1498 1260 1570 quomodo
1285 1496 1430 1553 firmaverit
1450 1496 1553 1570 legem,
1583 1495 1641 1551 sire
1663 1512 1716 1566 qua
1737 1496 1786 1551 bo·

139 1583 199 1634 tuns
219 1575 354 1649 Christus,
368 1593 448 1649 quam
463 1593 540 1634 meus
554 1577 691 1636 iilisaensi
705 1581 773 1653 imo,
788 1581 853 1654 quid
874 1600 933 1640 ma·
989 1600 1050 1650 nus,
1065 1584 1122 1642 siue
1137 1601 1190 1657 qua
1204 1600 1399 1654 superuacuus,
1414 1585 1472 1642 sive
1494 1581 1582 1640 371
1598 1600 1652 1656 qna
1667 1582 1785 1652 patiens,

136 1681 225 1740 gnam
240 1666 367 1739 praestitit
383 1666 421 1724 tui
435 1667 537 1723 Christi
556 1669 668 1725 verbum
682 1670 696 1724 i
710 1687 773 1728 cum
786 1671 814 1726 id
828 1673 936 1744 praesti·
990 1673 1046 1733 site
1074 1689 1128 1746 qua
1155 1674 1324 1741 inconstans,
1344 1671 1408 1728 dum
1433 1682 1469 1740 tc,
1493 1673 1621 1738 Marcion,
1642 1672 1676 1728 de
1699 1671 1787 1744 gradu

140 1754 202 1811 terit
228 1760 301 1827 quod
319 1755 417 1812 liutius
444 1755 592 1812 Creatoris.
616 1757 769 1814 Secundum
789 1760 858 1831 haec,
877 1778 934 1818 caa-
949 1729 973 1807 B
990 1762 1085 1835 peham
1110 1760 1177 1834 (ιι).
1203 1762 1272 1817 Ειιι
1295 1761 1426 1833 praecepit
1453 1761 1541 1831 legem
1565 1759 1680 1830 impleri.
1709 1759 1784 1827 Quo·

142 1850 199 1899 tera
216 1858 324 1914 quoqne
344 1851 499 1901 occurrunt.
521 1843 661 1913 Quantum
679 1847 751 1902 enim
779 1848 812 1904 ad
841 1849 935 1924 gloriae
987 1866 1100 1923 cumque
1114 1851 1196 1908 mede
1211 1850 1383 1922 praecepitii,
1398 1849 1496 1904 eodem
1512 1847 1600 1917 potuit
1617 1847 1698 1901 ctiam
1713 1846 1785 1901 illam

144 1933 270 1988 humanae
291 1932 456 1989 aversionem
481 1933 640 2004 pertinebat,
657 1935 740 1990 vetnit
762 1952 823 1992 eum
844 1938 935 1995 divul-
988 1940 1151 2014 praemisisse
1173 1940 1282 2009 (liattit.
1307 1957 1333 1997 ι.
1361 1937 1405 2010 Π)
1425 1935 1587 1992 sententiam
1607 1951 1614 1988 :
1636 1935 1697 1990 Nea
1719 1936 1784 1991 aeni

143 2035 209 2094 gare
224 2037 233 2073 :
248 2028 375 2091 quantum
394 2018 483 2078 316
500 2028 589 2077 autem
607 2022 642 2077 ad
656 2022 766 2080 tutelam
780 2024 858 2099 legis,
871 2028 935 2095 jus·
991 2030 1078 2100 tapam
1092 2027 1250 2093 dissolvere,
1265 2027 1313 2084 sed
1325 2026 1490 2098 adimplere.
1504 2023 1575 2093 Quid
1593 2037 1660 2096 erge
1676 2021 1723 2076 tihi
1738 2020 1788 2077 init

141 2109 175 2164 ait
186 2107 311 2163 ordinem
325 2109 454 2178 impleri:
477 2111 553 2175 Vade,
571 2112 684 2169 ostende
701 2117 728 2170 te
744 2113 936 2179 sacerdotia
989 2114 1024 2171 de
1047 2113 1191 2186 Evangelio
1215 2112 1329 2169 erasisse
1345 2111 1418 2182 qued
1442 2109 1545 2165 salvum
1565 2106 1630 2163 esti
1645 2107 1785 2164 coni'essus

139 2198 213 2268 effer
236 2212 344 2253 munes
371 2199 443 2270 quod
468 2201 605 2273 precepit
625 2201 738 2272 illapsas.
770 2201 937 2276 Argumenta
990 2218 1021 2258 es
1041 2201 1114 2258 enim
1140 2217 1196 2274 prae
1223 2200 1343 2257 bonitate
1366 2198 1463 2256 iecisse
1491 2198 1577 2268 illum,
1599 2197 1673 2269 qued
1701 2211 1787 2269 negas

139 2287 209 2342 enim
239 2284 356 2357 figurata
381 2295 472 2358 utpote
500 2288 525 2326 ⁶⁸
547 2291 687 2360 prophetae
711 2290 736 2329 ⁶⁹
759 2290 830 2362 legis
848 2292 937 2349 adhuc
990 2290 1100 2347 dixisse.
1123 2291 1233 2346 Constat
1256 2304 1321 2361 ergo
1343 2288 1445 2345 dixisse
1468 2286 1557 2351 iilam,
1577 2284 1642 2358 quia
1663 2284 1785 2350 etfacit,

138 2373 236 2430 iusnis
259 2373 424 2446 imaginibus
445 2377 580 2445 tuebatur,
600 2394 659 2449 qaue
678 2378 867 2451 significabant
884 2382 936 2437 bo·
990 2386 1017 2436 et
1031 2389 1057 2435 te
1071 2379 1159 2450 petius
1177 2393 1272 2434 vocem
1292 2377 1400 2433 Domini
1423 2377 1481 2447 (ιι)
1505 2376 1540 2432 de
1557 2372 1705 2446 Evangelio
1720 2388 1784 2430 era-

140 2461 239 2519 niuem
257 2463 393 2534 quondam
409 2475 587 2535 peccatorem,
603 2468 686 2523 serbo
712 2482 774 2523 mox
793 2467 842 2524 Dei
861 2484 937 2524 ema·
990 2468 1060 2526 sisse
1078 2467 1112 2535 ⁷⁵,
1135 2483 1216 2540 quam
1234 2476 1341 2524 nestros
1353 2465 1485 2536 iniecisse.

139 2551 270 2618 colatum,
286 2551 385 2608 olierrc
399 2553 497 2609 debere
512 2569 612 2610 maanus
626 2556 684 2610 Dee
707 2556 778 2625 apud
793 2558 935 2628 templum,
1302 2604 1418 2666 CAPUT
1436 2608 1463 2662 Χ

126 2641 291 2699 «emtionem
304 2641 409 2698 seilicet
422 2650 448 2698 et
474 2642 608 2698 actionem
626 2642 772 2713 gratiarum
797 2644 867 2715 apud
881 2645 937 2701 Ec·
1465 2645 1473 2663 '

140 2728 259 2798 tesiam,
276 2745 325 2802 per
339 2729 474 2803 Christum
494 2731 586 2786 iesum
609 2730 771 2791 catholicum
785 2732 872 2788 Patris
890 2749 937 2791 sa·
1027 2735 1144 2792 Curatur
1167 2743 1195 2791 et
1225 2734 1388 2807 paralyticus
1415 2733 1495 2803 (Lac.
1519 2730 1558 2801 a),
1583 2738 1611 2787 ct
1630 2728 1739 2802 quidem
1758 2728 1786 2783 in

140 2816 289 2874 cerdotem,
309 2819 402 2890 itaque
425 2819 543 2890 adjecit:
565 2821 597 2878 lit
615 2822 656 2876 sit
670 2820 744 2880 vebis
756 2823 789 2876 ia
809 2824 937 2880 testime-
990 2830 1064 2880 coetu
1079 2831 1217 2896 spectante
1241 2822 1355 2896 populo.
1385 2821 1487 2879 Videbit
1502 2819 1585 2884 enirn,
1601 2819 1688 2889 inquit
1703 2816 1787 2873 isaias

140 2909 238 2976 triam‚·
267 2907 328 2962 sine
356 2908 448 2974 dubio,
472 2924 525 2979 quo
549 2909 698 2965 testabatur
720 2925 751 2965 se
772 2910 862 2982 legem
881 2926 935 2966 nen
990 2910 1231 2985 (xxxmiseqql,
1255 2913 1376 2984 populas
1393 2910 1599 2966 sublimitatem
1613 2906 1739 2978 Domini,
1758 2910 1788 2961 et

142 2995 298 3062 dissolvere,
322 2997 371 3052 scd
394 2997 564 3071 adimplere3
588 3013 641 3071 quo
656 3000 803 3060 testabatur
822 3000 942 3071 seipsum
956 3007 978 3086 g
992 3002 1114 3073 giarium
1131 3004 1190 3057 Dei.
1210 3000 1297 3068 Quam
1310 2999 1501 3055 sublimitatem
1515 3006 1542 3054 et
1554 3012 1637 3070 quam
1651 2995 1788 3068 gloriam?

142 3100 207 3154 ase,
222 3086 271 3159 qui
284 3089 398 3144 morbos
417 3096 444 3144 et
460 3090 634 3145 valetudines
653 3104 747 3145 eornm
762 3097 940 3164 suscepturus
996 3090 1184 3147 Convalescite
1193 3104 1295 3146 means
1305 3087 1468 3156 dimissae,et
1478 3103 1570 3158 penae
1578 3086 1791 3168 dissolataflec

144 3176 355 3232 annuntiabatur.
380 3177 456 3233 ilanc
479 3183 533 3233 tam
555 3177 580 3218 ⁷⁰
601 3188 798 3251 congruentem
818 3188 846 3236 et
860 3179 939 3235 debi·
994 3177 1045 3236 erit
1059 3177 1200 3250 paralysis.
1222 3176 1412 3235 Convalescite
1430 3188 1481 3230 aec
1497 3177 1603 3231 timete.
1618 3173 1679 3227 Non
1701 3171 1789 3227 otiose

144 3269 191 3319 tarn
218 3265 469 3336 interpretationem
500 3266 644 3323 testimonii
682 3267 804 3323 adulator
837 3268 939 3323 Christi
993 3265 1102 3333 iterans,
1135 3266 1341 3330 Convalescite5
1364 3276 1415 3316 nec
1432 3275 1501 3317 vane
1530 3259 1709 3330 subiungens,
1735 3259 1789 3314 Nec

142 3351 178 3407 ιιι
192 3353 326 3422 Marcion,
348 3355 399 3410 snb
419 3355 530 3411 obtentu
553 3356 769 3412 mansuetudinis
783 3366 809 3414 et
822 3355 939 3414 lenitatis
994 3358 1093 3413 timete
1108 3355 1257 3428 :quoniam
1271 3368 1333 3410 cum
1351 3347 1578 3422 redintegratione
1592 3346 1786 3416 membrorum,

144 3443 236 3511 quaerit
257 3443 410 3499 excludere.
435 3445 504 3500 Nam
527 3453 554 3501 et
574 3446 674 3513 bonus,
695 3443 791 3517 inquit,
808 3454 940 3517 praeterea
992 3445 1093 3501 viriam
1135 3459 1244 3517 quoqne
1277 3437 1540 3512 repraesentationem
1577 3434 1785 3507 pollicebatur:

145 3530 229 3585 triens
248 3546 370 3601 emnem,
390 3533 438 3604 qui
461 3534 535 3604 lepra
549 3541 622 3589 essct
644 3534 785 3600 liberatus,
807 3534 940 3590 solemnia
991 3537 1164 3607 detergeat
1174 3533 1242 3590 telle
1251 3532 1399 3603 grabatum
1410 3532 1549 3593 tuam,·et
1559 3523 1640 3579 animi
1651 3523 1785 3595 vigorem,

146 3616 206 3693 legis
240 3629 436 3687 executurum,
460 3622 522 3678 ideo
540 3622 578 3677 ita
601 3622 737 3696 praecepit.
761 3622 832 3690 Quid
861 3622 939 3679 tum?
992 3622 1026 3679 ad
1050 3623 1249 3679 nontimendos
1267 3619 1315 3691 qui
1338 3616 1434 3673 dicturi
1459 3622 1535 3671 erant
1551 3630 1557 3667 :
1576 3614 1642 3682 Qais
1661 3611 1788 3667 dimittet

147 3705 359 3766 Perseveravitne
374 3711 401 3764 in
418 3710 546 3777 bonitate,
568 3712 594 3767 id
617 3719 669 3775 cst,
697 3711 876 3781 permissione
896 3712 938 3768 le·
989 3717 1119 3785 peccata,
1135 3712 1192 3769 aiei
1206 3711 1281 3768 celtas
1301 3709 1394 3766 lices?
1408 3705 1498 3761 Habes
1513 3703 1603 3775 itaque
1614 3704 1670 3774 jam
1685 3708 1712 3757 et
1725 3715 1788 3771 spe-

149 3795 191 3864 gis,
204 3813 241 3853 an
264 3814 321 3854 non
335 3799 382 3851 ili
404 3799 432 3854 Si
446 3801 518 3856 enirn
541 3801 630 3856 benus
654 3801 846 3871 perseveravit,
862 3817 937 3857 nnn·
992 3803 1067 3862 cialis
1082 3801 1223 3858 medicinae
1250 3799 1421 3870 dispunctam
1440 3793 1620 3865 prophetiam,
1640 3801 1666 3848 et
1693 3804 1787 3846 eorum

151 3898 218 3954 mam
233 3886 259 3925 Ὦ
272 3887 422 3944 destructor
440 3889 490 3944 erit
502 3889 580 3960 legis,
597 3904 647 3945 nec
660 3888 707 3945 Dei
724 3889 835 3945 alterius
854 3891 938 3946 hahe-
990 3908 1053 3966 quae
1070 3889 1231 3946 medicinam
1245 3895 1308 3942 sunt
1328 3893 1428 3942 secata.
1451 3883 1555 3939 Pariter
1568 3888 1595 3937 et
1617 3879 1786 3936 dimissorem

153 3972 221 4043 hur,
238 3987 364 4034 cessante
382 3978 449 4052 legis
466 3979 652 4035 destructione
667 3994 716 4051 per
733 3995 814 4050 quam
828 3980 939 4036 alterius
992 3981 1152 4037 delictorum
1181 3976 1316 4033 Christum
1346 3987 1514 4045 recognosce
1549 3968 1620 4042 apud
1662 3966 1788 4026 eumdem

153 4060 188 4120 lei
206 4064 367 4124 vindicatur.
392 4065 421 4121 Si
444 4080 499 4121 nen
515 4066 696 4136 perseveravit
715 4068 803 4123 benus
826 4067 938 4124 destru-
992 4071 1175 4142 prophetam:
1196 4065 1345 4134 Quoniam,
1361 4062 1396 4133 ιθ,
1420 4059 1663 4133 inquittim.n1n,
1682 4059 1737 4128 ιι),
1756 4059 1788 4113 ιιι

155 4154 210 4209 erdo
224 4164 319 4226 postea
333 4155 431 4228 legem,
447 4154 545 4211 laisum
559 4170 626 4228 ergo
642 4154 823 4211 testimoniam
843 4165 935 4226 postea
987 4157 1123 4236 piaetatis
1137 4155 1265 4210 dimittet
1279 4151 1383 4208 delicta
1402 4165 1509 4211 eoram,
1520 4153 1548 4205 et
1565 4147 1671 4203 delicta
1687 4150 1788 4242 nostra

157 4241 284 4299 collocavit
298 4244 369 4315 apud
389 4243 449 4299 illes
469 4243 649 4299 incuratione
672 4242 774 4315 leprosi
794 4265 800 4301 :
818 4245 936 4303 deservit
990 4252 1048 4324 ipse
1067 4246 1174 4314 arescat.
1193 4241 1263 4295 Nam
1278 4250 1304 4294 et
1322 4238 1351 4292 iu
1366 4237 1456 4309 priore
1471 4235 1494 4273 li
1514 4233 1788 4303 <lsc.1,tt),ex1p·

158 4329 215 4385 tainr
242 4332 399 4397 bonitatem,
419 4332 483 4387 dum
505 4332 620 4388 destruit
645 4333 743 4406 legem.
766 4332 851 4388 ilalus
871 4336 936 4404 jam,
954 4321 977 4400 ὓ
992 4338 1050 4394 sius
1063 4330 1171 4389 Domini
1191 4342 1330 4399 persona:
1351 4325 1413 4381 Etsi
1430 4326 1540 4394 [aerim
1564 4321 1668 4378 delicta
1691 4325 1787 4376 vestro

159 4420 250 4487 grando
271 4420 339 4492 legis
353 4435 472 4486 eversor,
493 4421 517 4476 si
530 4420 628 4488 bonas,
649 4437 709 4478 cum
724 4418 794 4492 legis
808 4420 938 4480 indultor.
995 4431 1135 4497 tanquam
1149 4432 1270 4484 roseam,
1286 4415 1364 4471 uelat
1375 4415 1469 4469 nivem
1482 4410 1633 4477 amttam·
1649 4411 1778 4467 eisitan

160 4504 199 4562 Sed
213 4517 240 4565 et
252 4524 286 4564 eo
300 4509 372 4580 quod
387 4509 501 4565 indulsit
519 4509 572 4581 legi
592 4509 765 4581 obsequium,
786 4510 884 4565 bonam
898 4510 939 4568 ie·
994 4531 1079 4590 qnam
1101 4509 1257 4573 coemeram,
1275 4504 1352 4561 vetat
1375 4502 1472 4557 lanera
1495 4498 1638 4555 exalbabo.
1662 4499 1693 4552 in
1708 4513 1789 4553 roseo

160 4607 207 4661 gem
232 4595 408 4654 confirmavit.
434 4597 519 4653 Nemo
542 4595 614 4653 enirn
637 4597 706 4653 maio
730 4594 845 4666 obsequi
869 4598 938 4667 pati·
993 4601 1151 4674 sangninem
1187 4593 1334 4651 ostendens
1374 4589 1589 4659 prophetatum
1616 4585 1645 4639 in
1676 4585 1789 4639 ⁰0⁰01110

160 4685 197 4737 tur.
218 4685 289 4760 Ergo
314 4692 340 4740 et
365 4685 405 4739 sic
429 4685 522 4752 malus,
549 4687 578 4741 si
591 4686 752 4758 obsequium
781 4685 857 4740 malae
886 4686 938 4760 legi
993 4689 1110 4758 Domini,
1130 4695 1160 4742 ut
1181 4684 1331 4741 clariorem.
1358 4677 1446 4734 Etiam
1468 4674 1593 4730 liicbaeas
1617 4670 1709 4745 (hiiah.
1736 4685 1787 4739 vu,

160 4766 272 4846 indulsit3
294 4784 320 4831 et
343 4775 383 4830 sie
400 4775 529 4843 deterior,
553 4775 577 4831 si
599 4775 678 4832 bona
700 4776 770 4849 legis
790 4778 940 4836 destructor
994 4783 1028 4837 li
1043 4787 1070 4837 et
1083 4779 1126 4849 re)
1143 4777 1176 4832 de
1190 4773 1269 4831 venia
1282 4769 1439 4826 delictorum
1460 4783 1466 4818 ι
1486 4763 1553 4833 Quis
1567 4765 1638 4820 Deus
1652 4760 1790 4833 quomode

809 4913 905 4977 Variae
929 4919 1087 4980 lectiones.

183 5022 205 5061 ⁶⁸
217 5024 318 5096 Uitula
334 5024 419 5082 Semi.
436 5024 460 5063 ⁶⁹
474 5024 605 5094 Propheta
615 5026 700 5086 Semi.
717 5031 856 5099 propheta
874 5033 942 5088 itta.
957 5028 983 5070 '1⁰
996 5033 1090 5087 Totam
1106 5028 1171 5083 Par.
1187 5024 1210 5061 ⁷¹
1226 5021 1281 5078 dut
1295 5034 1347 5076 non
1363 5017 1449 5076 Sami.
1464 5015 1490 5055 Ὦ
1509 5014 1649 5087 Nusquam
1672 5010 1792 5070 semaa

155 5089 222 5150 lirim
237 5098 321 5155 smt.
337 5095 362 5135 li
372 5096 497 5169 Praecipit
510 5097 549 5154 al.
567 5097 591 5135 ⁷⁵
606 5096 765 5155 liradicasse
779 5101 862 5158 Semi.
877 5102 902 5141 ⁷⁶
916 5101 1060 5170 Quomodo
1074 5098 1160 5155 Semt.
1177 5096 1200 5135 ιι
1216 5093 1337 5150 Primore
1351 5091 1391 5148 at.

844 5228 1097 5294 Commentarius.

182 5349 235 5419 (ιι)
256 5352 296 5408 De
317 5349 409 5424 peuda
425 5351 541 5423 petiam.
558 5349 740 5420 Objectienem
765 5359 839 5408 tuam
865 5351 940 5409 illam
1030 5354 1086 5424 (ι3)
1100 5354 1138 5409 De
1152 5345 1300 5419 Evangelio
1315 5343 1442 5406 erasisse,
1459 5348 1511 5421 ete.
1533 5337 1574 5396 Ob
1589 5335 1791 5418 corruptumii.

152 5416 302 5490 dissolvam,
322 5437 385 5494 quae
398 5422 499 5478 honum
518 5423 604 5478 Deum
623 5423 713 5496 legem
736 5423 881 5481 indulsisse
895 5425 940 5481 di·
994 5425 1074 5481 Lucae
1096 5423 1124 5479 ia
1145 5421 1271 5478 omnibus
1290 5419 1344 5473 lere
1367 5411 1567 5541 Euangelrum3
1595 5415 1622 5465 et
1639 5417 1710 5463 inter
1726 5405 1790 5472 aha,

150 5492 196 5558 eis,
210 5502 237 5549 et
257 5493 357 5574 malunt
379 5495 547 5576 abstulisse;¹
569 5494 686 5564 disputat
714 5494 786 5549 enim
810 5497 940 5553 acerrime
993 5512 1052 5568 cap.
1070 5511 1108 5562 ιι,
1124 5493 1158 5551 de
1171 5506 1225 5567 quo
1243 5490 1288 5547 hie
1302 5496 1426 5560 questro.
1468 5483 1551 5538 aPa.

149 5566 302 5621 contrahas
320 5564 503 5622 immanitates
521 5566 565 5622 luc
580 5564 705 5636 scriptor.
729 5565 769 5621 La
784 5566 832 5625 Pa.
