3848 6120
64 334 71 343 ·
127 307 180 368 715
464 295 689 362 rahlbtbltltl
707 294 842 358 drahdh
860 293 944 355 Plus
962 293 997 354 ll.
1017 324 1053 338 -
1071 289 1186 353 santos
1212 290 1430 364 1,Pdt.ltlt1ttt.
1720 285 1774 345 716

127 449 190 489 mus
203 429 228 470 ll
242 446 322 502 quarn
337 445 353 486 a
367 429 423 485 Deo
437 428 527 483 anima
540 435 632 484 nostra
653 426 748 482 sortita
772 433 822 493 est,
844 440 921 495 arque
937 409 960 487 Α
976 420 1086 493 (Mutila.
1106 419 1170 479 ιιιιι)
1193 434 1338 477 avenarum
1360 416 1647 489 superseminatorem,
1664 421 1692 471 et
1715 413 1772 472 irn-

127 520 281 578 irrationale
303 520 337 575 de
359 520 416 575 Deo
439 517 502 588 erit,
517 526 610 588 utpote
634 515 761 580 naturale,
783 515 845 584 quia
873 528 920 567 un·
975 509 1111 566 mentariae
1124 508 1225 582 segetis
1240 519 1398 566 nocturnum
1413 506 1647 578 interpolatorem.

127 619 195 667 turae
218 611 291 666 Deus
310 617 466 665 auctorest.
484 607 623 663 Sedenim
642 604 778 661 adiabolo
791 601 922 658 immissio
1273 653 1384 711 CAPUT
1402 652 1485 709 xv„

127 699 237 767 delicti3
253 697 407 754 irrationale
427 706 517 752 autem
541 711 620 751 omne
647 695 775 750 delictum
803 710 810 748 ε
839 691 922 765 igitur

128 804 144 842 a
161 786 269 843 diabolo
288 785 451 855 irrationale,
468 801 482 838 a
503 798 556 856 quo
571 791 598 838 et
612 782 752 852 delictum3
768 788 922 836 extraneum
1012 778 1150 852 Contingit
1178 795 1229 835 nos
1255 778 1362 834 illorum
1389 775 1470 833 etiam
1496 773 1617 848 quinque
1643 789 1767 832 sensuum

127 893 143 931 a
170 878 242 948 Deo,
271 893 286 932 a
314 891 368 948 quo
396 883 437 932 est
466 872 619 930 irrationale
652 872 778 927 alienum.
807 869 923 925 Proinde
977 868 1101 941 quaestio,
1117 884 1186 940 quos
1208 868 1235 922 io
1260 867 1353 938 primis
1376 865 1472 922 litteris
1490 864 1767 938 discimua,quoniau

128 965 270 1022 diversitas
293 968 389 1022 horum
415 980 448 1018 ex
472 962 597 1018 distantia
619 970 769 1017 auctorum.
792 958 922 1026 Proinde,
974 964 1003 1013 et
1021 956 1205 1027 hincaliqnid
1229 955 1362 1012 haereticis
1384 962 1555 1024 procuratur.
1579 952 1663 1010 Visus
1680 962 1767 1020 estet

128 1070 188 1110 cum
217 1055 311 1122 Plato,
340 1053 390 1108 soli
419 1055 476 1108 Deo
508 1067 655 1123 segregans
689 1049 840 1118 rationale,
869 1046 924 1103 duo
977 1046 1095 1112 auditus,
1117 1053 1143 1101 ct
1164 1045 1301 1113 odoratus,
1327 1053 1353 1100 et
1375 1051 1478 1118 gustus,
1495 1052 1522 1100 et
1545 1051 1645 1101 tactus.
1669 1043 1768 1100 Horum

128 1159 228 1215 genera
256 1141 402 1198 subdividit
431 1158 464 1196 ex
493 1140 626 1200 rationali.
644 1137 835 1209 indignativum
850 1138 923 1208 quod
978 1131 1331 1189 hdemhcademicidurius
1351 1131 1665 1199 damnan13secuudum
1687 1148 1766 1206 quoa·

129 1231 265 1302 appellant
291 1230 409 1302 θυμικὸν,
435 1228 699 1298 concupiscentivum
726 1226 798 1299 quod
828 1230 925 1289 vocant
979 1222 1050 1287 dam,
1067 1228 1094 1276 et
1108 1220 1268 1287 Heraclitus,
1279 1229 1306 1278 et
1319 1222 1436 1286 Diocles,
1451 1227 1479 1278 et
1491 1221 1690 1291 Empedoclem
1704 1231 1769 1279 certe

130 1317 359 1391 incommixtam
387 1317 451 1373 illud
479 1316 588 1388 quidem
617 1330 758 1372 commune
781 1313 817 1369 sit
847 1312 925 1368 nobis
977 1309 1053 1364 Plato
1072 1309 1099 1364 in
1122 1311 1229 1374 Timaeo,
1248 1308 1428 1366 irrationalem
1454 1309 1633 1381 pronuntians
1660 1307 1686 1349 ⁷²
1712 1325 1768 1366 sen·

63 1475 66 1478 ,
130 1415 157 1463 et
184 1408 331 1472 leonibus,
363 1406 433 1462 istud
462 1421 527 1461 vcro
560 1420 621 1461 cum
649 1403 766 1472 muscia,
796 1401 925 1457 rationale
979 1398 1141 1471 sualitatem,
1156 1406 1183 1454 et
1196 1399 1319 1469 opinioni
1335 1397 1536 1470 coimplicitam.
1553 1398 1648 1470 ltaque
1661 1398 1770 1454 menda·

129 1509 210 1566 porro
225 1511 285 1550 cum
297 1496 374 1562 Deo;
395 1494 473 1551 video
488 1499 515 1549 et
534 1493 567 1548 de
583 1495 634 1548 hoc
657 1491 723 1546 mihi
743 1507 802 1546 esse
820 1498 924 1546 retrac-
979 1488 1049 1543 cium
1076 1487 1145 1544 visui
1168 1487 1303 1558 objicitur,
1324 1488 1396 1558 quod
1415 1502 1505 1543 remos
1526 1487 1554 1542 in
1574 1502 1646 1559 aqua
1661 1487 1771 1544 inflexos

129 1585 251 1648 tandum,
274 1592 382 1654 propter
401 1598 434 1637 ea
457 1569 517 1653 qua
536 1581 562 1636 in
583 1581 688 1635 Christo
713 1578 922 1649 ‹leprehendun-
979 1574 1022 1632 vel
1045 1573 1173 1631 iniractos
1195 1576 1334 1632 adseverat
1352 1575 1482 1633 adversus
1498 1575 1696 1632 conscientiam
1710 1575 1771 1632 inte·

130 1681 184 1728 tur.
198 1672 268 1728 Ecce
282 1671 354 1726 euim
369 1677 424 1726 tota
439 1672 496 1725 haec
508 1668 624 1723 Trinitas
637 1669 677 1738 (9)
690 1672 717 1721 et
729 1665 757 1720 in
779 1665 894 1722 Domino
915 1683 923 1718 a
978 1664 1093 1737 gritatis,
1107 1667 1179 1737 quod
1204 1673 1305 1720 turrem
1327 1663 1566 1738 quadrangulatam
1580 1665 1616 1720 de
1630 1664 1772 1739 longinquo

130 1761 259 1816 rationale
286 1773 340 1830 quo
364 1757 453 1829 docet,
474 1772 527 1827 quo
555 1757 580 1794 7⁵
603 1754 719 1820 disserit,
748 1769 802 1826 qno
830 1753 925 1810 salutis
941 1716 963 1794 Β
978 1753 1121 1807 rotundam
1135 1753 1304 1822 persuadeat,
1319 1752 1391 1823 quod
1407 1752 1619 1825 aequalissimam
1642 1752 1772 1826 porticum

130 1849 189 1904 vias
203 1846 299 1903 sternit
315 1863 322 1899 :
338 1845 546 1919 indignativum,
560 1859 614 1914 qno
630 1843 764 1899 invehitur
778 1843 805 1896 in
819 1842 925 1898 Scribas
978 1841 1161 1911 angustiorem
1183 1841 1210 1896 in
1234 1841 1328 1898 ultimo
1346 1840 1468 1908 infamet,
1482 1840 1554 1913 qnod
1578 1841 1681 1898 coelum
1706 1851 1773 1901 muta

131 1944 158 1991 et
184 1935 353 2001 l'harisa³0s;
377 1941 404 1988 et
428 1931 713 2003 concupiscentivum,
743 1945 796 2003 quo
825 1933 926 2001 pascha
977 1929 1139 1986 sublimitate
1153 1946 1315 2001 suspensum
1333 1929 1400 1985 mari
1412 1931 1518 2004 jungat.
1534 1930 1656 1987 Perinde
1670 1931 1772 1989 auditus

130 2039 193 2079 cum
216 2021 354 2093 discipulis
377 2021 435 2078 suis
454 2022 536 2078 edere
559 2021 738 2092 concupiscit.
755 2021 840 2091 lgitur
853 2019 925 2091 apud
978 2018 1089 2075 fallaciae
1112 2035 1196 2075 reus:
1221 2028 1251 2076 ut
1272 2035 1335 2076 curn
1353 2019 1462 2077 coeleste
1487 2034 1610 2076 murmur
1637 2028 1774 2094 putamus,

130 2127 182 2167 nos
203 2126 258 2165 non
282 2126 389 2180 semper
410 2126 443 2164 ca
460 2109 607 2166 irrationali
627 2108 761 2166 censenda
778 2113 839 2163 sunt
853 2107 924 2162 iudi·
979 2116 1006 2163 et
1030 2109 1178 2179 plaustrum
1202 2118 1243 2164 est
1254 2125 1262 2178 ;
1277 2109 1320 2168 vel
1335 2111 1434 2164 tonitru
1454 2111 1612 2180 meditante,
1636 2127 1687 2182 pro
1705 2124 1773 2171 certo

130 2198 269 2273 gnativum
284 2206 311 2253 et
330 2199 606 2270 concupiscentivum,
621 2214 680 2268 quae
700 2196 766 2252 certi
790 2196 925 2251 sumusin
979 2197 1013 2251 de
1044 2197 1164 2267 plaustro
1199 2200 1335 2255 credimus
1362 2199 1489 2255 sonitum.
1519 2199 1564 2256 Sic
1589 2207 1620 2256 et
1650 2202 1774 2258 odoratos

130 2286 276 2342 Dominum
298 2286 323 2323 7⁶
342 2286 506 2342 rationaliter
525 2285 721 2341 decucurrisse.
739 2283 926 2356 indignabitur
978 2293 1005 2341 et
1026 2291 1120 2359 gustus
1142 2294 1310 2358 arguuntur,
1340 2287 1472 2360 siquidem
1500 2288 1595 2344 cadem
1623 2295 1786 2364 tinguente„

130 2377 203 2432 Deus
224 2375 391 2431 rationaliter
417 2375 486 2446 (10),
516 2374 617 2446 quibus
648 2373 751 2430 scilicet
778 2371 867 2442 debet,
898 2377 926 2427 ct
978 2376 1125 2448 eademqne
1139 2375 1210 2444 vina,
1221 2376 1374 2449 posteriore
1387 2393 1497 2449 quoqne
1511 2394 1563 2434 usu
1576 2379 1783 2450 depretiantur.

130 2463 305 2536 concupiscet
321 2464 395 2520 Deus
409 2463 574 2518 rationaliter
587 2479 648 2534 quae
667 2463 751 2534 digna
769 2469 832 2517 suut
854 2460 923 2528 ipso.
978 2464 1021 2520 Sic
1041 2473 1067 2520 ct
1087 2472 1172 2522 tactus
1195 2466 1406 2537 reprehenditur,
1422 2467 1555 2538 siqnidem
1576 2466 1675 2525 eadam
1705 2470 1803 2543 pavi-

129 2554 197 2608 Nam
211 2561 237 2608 et
250 2553 322 2609 malo
337 2551 534 2626 indignabitur,
553 2564 580 2606 et
595 2553 665 2606 bono
689 2552 860 2620 concupiscet
882 2565 926 2604 sa·
979 2563 1069 2610 menta
1084 2556 1208 2611 manibus
1224 2555 1372 2627 asperiora,
1389 2556 1503 2626 pudibus
1524 2557 1636 2615 laeviora
1658 2559 1785 2615 credau-

132 2641 225 2698 lutcm.
252 2644 305 2698 Dat
331 2651 358 2697 et
391 2640 539 2713 Apostolus
571 2641 650 2697 nobis
678 2639 945 2713 concupiscentiam>
980 2650 1041 2708 tnr;
1065 2652 1090 2700 et
1115 2643 1142 2698 iu
1166 2644 1288 2711 lavacris,
1303 2643 1376 2700 idem
1399 2644 1493 2702 calidae
1510 2645 1584 2701 lacus
1603 2644 1781 2705 ferventissi-

133 2731 160 2803 (Ι
182 2732 252 2787 Tim.
277 2746 317 2800 ru,
336 2732 362 2801 l)
378 2749 386 2786 :
402 2731 433 2788 si
456 2731 520 2802 quis
534 2730 725 2804 episcopatum
739 2730 924 2802 concupiscit,
980 2749 1039 2788 mus
1068 2732 1170 2803 primo,
1193 2731 1293 2789 debinc
1325 2733 1565 2806 temperatissimus
1598 2733 1772 2794 renuntiatur.

130 2822 234 2878 bonum
257 2837 326 2893 opus
349 2821 542 2892 concupiscit;
557 2829 583 2875 et
605 2819 708 2876 bouum
729 2836 797 2891 opus
821 2818 926 2885 dicens,
980 2822 1067 2887 Adeo,
1093 2821 1226 2893 inquiunt,
1243 2821 1282 2878 sic
1303 2837 1411 2894 qnoque
1423 2820 1542 2878 fallimur
1559 2823 1699 2892 sensibus,
1713 2824 1770 2882 dunt

129 2907 290 2964 rationalem
318 2907 562 2977 concupiscentiam
590 2907 717 2963 ostendit.
747 2906 876 2964 Concedit
901 2914 928 2962 et
981 2909 1130 2965 sententias
1153 2909 1295 2967 vertimus.
1325 2911 1507 2967 Moderantius
1531 2910 1615 2968 Stoici
1641 2914 1701 2986 (Ιῖ)
1722 2928 1764 2970 oon

133 2996 365 3069 indignationem
393 2995 506 3068 quidni,
538 3013 618 3069 quam
646 3006 672 3051 et
699 2996 758 3067 ipse
786 2995 927 3067 suscepit?
943 2998 965 3077 [ζ
981 3012 1088 3054 omnent
1111 3013 1229 3063 sensum,
1255 3013 1305 3054 nec
1331 3013 1447 3070 semper,
1476 2999 1512 3054 de
1541 2999 1684 3058 mendacio
1712 3015 1762 3057 oue

133 3086 245 3143 Utinam
265 3089 293 3140 et
311 3083 507 3158 praecidantur
520 3083 589 3153 (ll),
605 3083 689 3153 iuquit
703 3084 810 3154 (Galat.
826 3100 853 3149 v,
871 3083 926 3154 lt),
983 3095 1050 3142 rant.
1080 3085 1202 3158 Epicurei
1230 3086 1396 3143 constantius
1422 3103 1513 3159 parem
1538 3088 1671 3145 omnibus
1696 3096 1761 3161 atqm

131 3174 182 3246 paci
199 3190 245 3231 uos
268 3173 452 3230 salvarant!
466 3172 614 3228 Rationalis
638 3182 665 3227 et
685 3171 845 3242 indignatio,
865 3187 927 3244 quae
984 3163 1138 3246 perpetuam
1151 3174 1237 3231 675
1251 3174 1401 3233 defendunt
1414 3177 1562 3246 veritatem,
1582 3177 1632 3234 sed
1644 3178 1696 3234 alia
1709 3179 1758 3235 via:

132 3277 165 3318 es
180 3261 279 3318 affectu
293 3260 443 3334 discipliuae
457 3269 508 3318 est.
519 3260 701 3317 lltcumdicit
713 3262 824 3332 (aphes.
836 3276 866 3330 rt,
878 3261 925 3329 3):
981 3279 1034 3319 uon
1051 3266 1121 3318 enirn
1138 3279 1248 3319 sensum
1265 3265 1383 3331 mentiri,
1399 3265 1447 3320 sed
1470 3267 1647 3338 opinionem:
1668 3282 1759 3324 senam

134 3353 156 3408 F
159 3355 255 3409 uitiatas
269 3350 423 3422 aliquando
434 3356 542 3405 tratura
556 3349 611 3421 filii
618 3351 680 3413 irre,
693 3348 847 3403 irrationale
859 3348 927 3402 indi·
980 3353 1051 3407 enim
1075 3353 1140 3421 pati,
1156 3368 1210 3409 non
1230 3353 1356 3424 opinari;
1379 3355 1495 3409 animam
1518 3355 1592 3411 enim
1615 3356 1642 3395 ‘¹⁸
1657 3354 1757 3429 opinari.

132 3441 271 3516 guativum
296 3439 432 3511 suggillat,
446 3440 518 3513 quod
538 3454 593 3493 non
612 3438 646 3493 sit
662 3453 695 3493 ex
710 3453 742 3492 ea
757 3446 852 3492 natura
867 3453 927 3509 quae
981 3441 1163 3496 Absciderunt
1185 3451 1212 3498 et
1235 3443 1422 3512 opinionema
1445 3459 1537 3510 sensu,
1559 3453 1588 3500 et
1610 3443 1759 3503 sensumob

131 3533 217 3586 aDeo
233 3539 285 3595 est,
299 3527 387 3585 ota
401 3528 449 3583 sed
464 3545 497 3585 ea
512 3528 649 3600 illaquam
668 3527 790 3583 diabolus
812 3527 926 3596 induxit,
980 3530 1079 3585 anima.
1105 3531 1136 3585 a't
1156 3530 1228 3585 undc
1251 3532 1354 3602 opinio,
1372 3531 1395 3587 si
1413 3547 1467 3588 non
1493 3549 1509 3587 a
1533 3535 1643 3591 sensui
1656 3533 1759 3606 Denique
1803 3526 1805 3587 l

132 3619 259 3675 domiuus
273 3626 301 3673 et
314 3619 372 3688 ipse
386 3617 474 3672 dictus
487 3616 599 3687 (hatto.
617 3632 656 3679 vr,
673 3616 719 3687 at)
734 3617 776 3673 sui
801 3615 927 3671 ordinis:
981 3619 1033 3674 nisi
1056 3621 1131 3676 visus
1153 3619 1295 3675 rotundam
1319 3621 1432 3677 senserit
1454 3630 1565 3694 turrem,
1586 3623 1663 3680 nulla
1683 3621 1759 3696 opinio

132 3708 194 3763 liora
210 3706 329 3776 potestis
347 3706 452 3763 duobus
467 3705 589 3762 dominis
602 3706 727 3773 seruire;
743 3712 817 3774 pater
829 3712 854 3759 et
873 3704 929 3773 ipse
981 3706 1161 3763 rotunditatis.
1177 3709 1211 3763 Et
1225 3709 1297 3765 uude
1311 3725 1418 3777 sensns,
1434 3712 1456 3767 si
1471 3726 1526 3768 non
1543 3712 1579 3768 ab
1594 3712 1708 3770 animai
1720 3713 1759 3769 be·

43 3811 48 3821 ·
132 3793 339 3867 cognominatus
351 3795 440 3861 (lona.
455 3809 517 3860 vaur,
533 3794 598 3864 di):
619 3794 665 3850 Vos
680 3810 715 3851 ec
725 3791 832 3851 diabolo
846 3797 929 3868 patre
981 3795 1063 3868 nique
1076 3811 1170 3853 carens
1183 3796 1274 3852 anima
1286 3812 1395 3869 corpus,
1411 3799 1513 3856 carebit
1526 3807 1554 3856 et
1571 3816 1665 3858 seusu.
1692 3802 1727 3859 lta
1742 3801 1761 3853 et

133 3883 201 3941 eatis
216 3901 225 3937 .·
240 3896 275 3935 oe
289 3880 384 3935 timeas
398 3889 424 3936 et
437 3880 476 3935 illi
494 3881 687 3952 proprietatem
701 3890 803 3938 naturae
818 3881 929 3938 alterius
982 3899 1080 3942 sensus
1102 3900 1136 3941 ex
1154 3884 1243 3941 annm
1257 3893 1309 3957 est,
1330 3894 1359 3943 et
1382 3886 1474 3960 opinio
1495 3887 1761 3961 misereaturtui

133 3969 308 4042 adscribere,
337 3969 494 4040 posterioris
523 3978 550 4027 et
577 3970 716 4039 adulterae,
747 3986 828 4043 quem
858 3971 928 4046 legis
981 3980 1076 4030 totum.
1107 3974 1240 4032 Ceterum
1267 3975 1370 4048 optime
1393 3986 1571 4050 proponetur,
1601 3995 1662 4037 esse
1688 3977 1761 4050 abque

169 4173 435 4259 ”adscripserimns
449 4177 530 4232 Pam.
545 4176 632 4233 libert.
650 4176 735 4258 Semi.
757 4176 781 4215 ²⁵
794 4077 1108 4246 Ωἷιιῗῃῖῗαιῗῗῖῗιῐιὶ.θῗῦ
1130 4179 1247 4238 Domino
1269 4184 1348 4240 Pom.
1364 4186 1466 4243 Fratre.
1483 4182 1508 4224 ll
1522 4186 1683 4245 Pronuntiat
1700 4188 1760 4245 Pon.
1802 4160 1805 4251 l

134 4248 222 4307 Rhea.
240 4247 350 4303 tedam
364 4248 419 4305 det.
431 4248 496 4304 lura.
517 4262 572 4303 non
594 4247 729 4321 addlitp.
746 4250 808 4307 Vera.
1803 4260 1805 4289 t

830 4320 1079 4388 Commentarius.
1801 4314 1805 4415 )

135 4436 277 4499 antequam
301 4441 364 4508 esse
384 4425 484 4508 possit.
504 4426 543 4507 liu
572 4441 678 4507 omnem
704 4424 867 4508 theologiam
894 4427 929 4483 de
945 4447 968 4524 n
983 4429 1050 4486 iram
1064 4431 1175 4502 proprie
1188 4434 1246 4490 Deo
1259 4432 1381 4492 uideatur
1395 4433 1552 4494 attribuere.
1568 4436 1640 4496 Part.

132 4507 245 4571 peccato
268 4498 392 4570 originalr
411 4491 557 4553 clarissime
571 4505 719 4567 expositam
744 4513 800 4551 :eu
815 4514 928 4568 prrmum
1019 4504 1075 4575 (ll)
1093 4505 1206 4562 Utinam
1223 4510 1250 4560 et
1263 4505 1473 4577 preciduntur.
1489 4508 1547 4565 lloe
1560 4510 1589 4565 iu
1602 4509 1712 4568 Judaeoa
1722 4518 1762 4564 tor·

134 4577 275 4640 peccatum
297 4569 325 4625 in
348 4569 467 4624 omnium
492 4568 629 4648 homiuum
649 4575 770 4624 naturam
789 4571 930 4649 transmis·
986 4581 1051 4645 quet
1075 4575 1172 4629 Paulus
1196 4577 1289 4649 lipist.
1312 4578 1349 4634 ad
1370 4578 1496 4648 Galatas,
1510 4594 1571 4652 cap.
1586 4597 1628 4638 v:
1658 4583 1761 4642 Utinam

102 4664 114 4674 ··
135 4657 195 4696 sum
216 4657 272 4697 :eu
287 4640 507 4712 propagationem
527 4641 598 4695 illrus
619 4654 669 4710 pcr
687 4643 931 4708 concupiscentiam
984 4644 1081 4713 inquit,
1093 4646 1142 4717 ptri
1151 4662 1197 4702 uos
1207 4648 1244 4703 ed
1253 4648 1540 4721 circumstantum
1549 4657 1657 4711 coetera
1667 4651 1763 4713 ductu
1797 4674 1805 4685 ·

135 4713 245 4769 carnis:
266 4728 299 4766 en
315 4711 508 4767 ‘remissionem
534 4711 605 4765 illius
628 4711 657 4766 in
685 4710 834 4781 Baptismcl
860 4709 931 4781 Quid

135 4784 247 4840 ulterius
261 4782 371 4855 adjungi
387 4782 487 4853 potest!
503 4782 591 4839 Lunna.

172 4856 211 4925 (a)
239 4857 302 4912 lota
322 4855 379 4910 hoec
399 4854 531 4910 Trinitas.
546 4853 654 4908 Scilicet
668 4850 858 4921 ratiocinantis,
874 4853 930 4910 ira-

136 4925 237 4982 scentis
258 4933 285 4980 ct
306 4924 522 4993 concupiscentis
544 4923 641 4978 animae
664 4924 762 4994 triplex
784 4941 883 4981 monus
902 4926 931 4981 in

135 4995 289 5068 Evangelio
302 4994 435 5051 iudicatur
450 5013 456 5052 ε
478 4996 628 5052 Rationalis
642 5003 668 5050 et
679 4995 810 5064 docentis,
827 4997 928 5057 doeth.

135 5082 175 5122 vu
206 5079 233 5124 ct
266 5082 325 5137 aar,
354 5067 518 5141 indignantis
551 5082 599 5124 seu
637 5065 794 5135 irascentis,
829 5068 929 5126 north.

135 5153 228 5265 ἶιιιιη
244 5138 420 5195 desiderantis
444 5139 499 5196 sive
521 5136 845 5210 concupiscentialem
863 5156 928 5197 narr.

157 5225 201 5266 rc.

173 5283 230 5354 (lit)
246 5281 445 5354 indignabitur
459 5284 530 5340 Deus
547 5281 740 5339 rationaliter.
755 5283 782 5339 Si
797 5282 931 5356 intelliga-

137 5360 180 5410 tur
207 5354 278 5410 istud
305 5352 502 5427 hypotheticos,
526 5352 605 5408 sicuti
632 5353 772 5425 Scriptura
800 5354 928 5425 loquitur,

136 5428 208 5498 quod
224 5425 374 5499 indignatio
387 5425 436 5481 Dei
450 5439 499 5494 pro
513 5424 631 5481 vindicta
645 5425 693 5481 Dei
716 5429 847 5494 sumatur,
863 5424 929 5481 nihil

137 5500 225 5553 obstat
239 5513 297 5554 eam
315 5499 372 5553 Deo
391 5493 501 5550 attribui
523 5513 531 5550 ι
552 5495 651 5553 alicubi
676 5507 765 5553 tamen
789 5497 930 5555 adnotavi·

137 5584 197 5626 mus
215 5568 286 5626 inter
305 5566 442 5641 paradoxa
458 5566 614 5625 Tertulliani
636 5567 834 5639 collocandum,
857 5570 931 5642 qaod

985 4719 1763 4798 caduceatorentuntumcircumcidantvrmedeiprctt

985 4786 1093 4843 dantur
1119 4807 1128 4842 .·
1151 4787 1261 4860 ”opsita
1284 4791 1326 4844 acl
1352 4790 1528 4860 ἀποκόψονται.
1560 4794 1760 4868 chrysostom,

985 4856 1018 4928 μὴ
1041 4859 1266 4930 περιτεμνέσθωσαν
1289 4863 1375 4933 μόνον,
1399 4863 1462 4917 ἀλλὰ
1483 4866 1523 4919 ael
1543 4868 1761 4939 mpaoutiatovt·

984 4932 1018 4984 Et
1041 4930 1112 5000 apud
1128 4931 1287 4988 Primasiam
1302 4934 1457 4991 Uticensem
1473 4953 1480 4991 :
1499 4937 1591 4994 «Non
1615 4941 1704 4997 sotum
1721 4940 1761 4992 or·

984 5001 1180 5083 cumcidautur,
1197 5005 1243 5060 sed
1257 5006 1339 5061 etiam
1352 5006 1553 5078 abscindantur,
1571 5010 1596 5066 si
1619 5006 1761 5084 exspoliate

985 5073 1097 5127 membru
1133 5075 1229 5132 rolicit.
1247 5095 1259 5127 r
1277 5075 1340 5133 tara.
1756 5139 1760 5149 ,

1021 5145 1077 5215 (lt)
1104 5146 1284 5225 ,aderautics
1299 5149 1396 5206 Stoici.
1410 5150 1512 5208 Sensus
1524 5167 1606 5211 veros
1620 5170 1683 5212 ease
1697 5145 1760 5226 sarit

985 5223 1175 5285 pronuntraot;
1191 5219 1344 5289 phantasias
1360 5236 1424 5278 vero
1438 5221 1506 5276 alias
1524 5239 1604 5281 veras
1623 5240 1698 5296 ease,
1716 5221 1760 5279 dt&

984 5286 1076 5353 lalaas,
1093 5296 1122 5342 ut
1143 5297 1232 5346 monet
1247 5289 1409 5347 Plutarchus
1422 5307 1483 5363 cap.
1498 5298 1526 5359 9,
1543 5294 1592 5351 lib.
1608 5312 1638 5353 nv
1663 5296 1697 5356 da
1716 5288 1758 5353 Pl*

985 5358 1059 5414 citis.
1075 5358 1209 5431 Epicurus
1225 5362 1391 5433 phantasiam
1406 5378 1513 5420 ornnem
1523 5381 1680 5442 sensusque
1690 5364 1759 5427 Μ

986 5444 1064 5511 veros
1078 5446 1138 5486 esse
1148 5433 1263 5488 asseruit
1274 5450 1281 5502 ;
1291 5433 1436 5504 opiniones
1450 5451 1515 5495 aero
1529 5436 1597 5495 alias
1614 5456 1662 5496 ver
1714 5429 1759 5493 ,itt

985 5516 1040 5557 nou
1055 5510 1137 5573 rtem,
1153 5519 1248 5560 sensus
1261 5507 1332 5576 apud
1346 5505 1512 5566 Clemeotcrn
1526 5509 1608 5571 hies.
1623 5456 1761 5571 spallit*

984 5574 1027 5646 ipa
1041 5578 1084 5644 τῆς
1097 5572 1239 5650 ἐπιστήμης.
1251 5577 1290 5635 Lli
1304 5576 1354 5634 Pii.
