3848 6120
633 310 729 373 Llllllll
750 310 791 371 llll
810 311 917 373 claui}
936 311 1072 375 ClllllSTl.
1622 330 1676 390 solt

112 436 170 494 lisso
193 437 275 493 stulta
299 438 380 491 sunt?
400 436 540 493 conversio
564 439 682 495 liominis
706 440 740 495 ad
762 439 822 496 eal·
838 453 863 533 Α
878 454 968 495 οοοοο
988 455 1053 498 vere
1077 442 1263 512 resuscitatus,
1280 454 1309 500 ut
1325 462 1388 503 vere
1407 450 1508 508 scilieet
1530 460 1674 512 mortuiis‘.⁹

111 525 188 583 ⁹rrerl
200 526 270 582 boii
281 525 392 595 rejectio
407 525 528 582 erroris?
541 526 685 602 disciplina
696 528 821 601 justitiae,
878 530 958 585 Falso
972 544 1040 604 crgo
1055 532 1080 569 99
1095 532 1189 587 statuit
1203 531 1272 588 iuter
1293 550 1343 590 aas
1357 536 1427 592 scire
1450 539 1548 598 Paulas
1570 554 1673 602 tantum

111 614 173 685 iiie,
199 617 348 689 patientiae,
365 614 452 674 160
470 616 675 687 misericordiae,
694 617 825 675 innocen·
875 619 968 674 lesum
990 618 1016 657 99
1037 619 1223 677 cruciliiium‘.⁹
1245 621 1313 678 falso
1342 625 1511 695 sepulturam
1538 629 1675 704 ingessit?

111 704 207 763 Omnia
230 707 292 774 bac,
311 705 422 778 quidem
446 708 526 763 stulta
549 722 604 764 noa
628 715 698 765 sant.
724 708 822 779 Qaiurc
877 705 945 763 lalso
964 707 1155 763 resuscitatum
1184 709 1353 765 inculcavit?
1376 711 1454 767 Falsa
1477 724 1519 771 est
1546 717 1625 789 igitur
1647 730 1674 776 ot

111 792 140 849 le
153 795 253 866 quibas
267 794 379 860 dixerit,
396 802 422 849 et
436 796 459 850 si
474 803 499 851 to
515 795 721 867 praesumpseris
743 796 822 855 inve·
876 793 943 850 tides
964 805 1064 861 nosue,
1079 804 1105 851 et
1120 797 1276 867 phantasma
1297 806 1339 853 est
1352 800 1378 837 99
1392 806 1475 856 totum
1490 805 1564 873 quod
1578 823 1673 878 spera-

129 896 185 939 ιοο
209 883 262 938 erit
281 894 334 939 tam
347 883 372 920 99
387 881 509 952 stultum,
535 884 652 955 qaam⁹⁵
666 883 776 942 credere
795 884 822 941 ia
876 897 964 938 musa
984 882 1112 941 Christo?
1131 885 1328 942 Scelestissime
1352 888 1503 956 hominum,
1518 893 1564 963 qui
1582 893 1673 952 inter-

132 976 236 1033 aatum,
261 979 287 1027 et
312 971 423 1043 quidem
450 987 483 1027 cii
511 972 634 1046 Virgine,
659 973 822 1045 etquidem
875 980 1139 1043 emptoresciicusas
1164 976 1295 1050 [leid-⁹3).
1320 977 1394 1035 Nihil
1416 980 1537 1037 animab
1554 983 1673 1058 eispas·

111 1076 164 1128 am,
188 1060 235 1133 qui
257 1076 307 1132 per
330 1060 392 1116 illas
407 1070 510 1116 naturae
529 1063 706 1119 contumelias
719 1062 821 1119 volata-
875 1079 923 1118 siis
950 1070 993 1119 est
1015 1062 1149 1132 Christus,
1174 1066 1199 1122 si
1219 1067 1286 1123 nihil
1313 1083 1377 1125 scre
1397 1050 1439 1127 est
1459 1086 1565 1144 passus.
1591 1075 1674 1134 Parce

111 1147 216 1204 ..Dicat
238 1149 297 1204 haec
321 1149 418 1221 aliquis
441 1148 522 1203 stulta
548 1164 601 1206 non
624 1165 694 1217 esse,
718 1159 745 1207 ct
769 1151 821 1206 alia
874 1151 1034 1224 unieaespei
1048 1154 1129 1211 totius
1152 1152 1231 1212 28¹
1255 1156 1340 1215 orbis.
1356 1155 1427 1227 Quid
1441 1160 1466 1199 99
1480 1161 1598 1221 destruis
1619 1180 1671 1222 ne·

111 1252 173 1309 que
191 1238 264 1293 Deus
286 1238 312 1292 iii
328 1238 532 1294 aemulationem
547 1239 662 1311 elegerit
681 1239 820 1311 sapientiae
873 1240 1020 1297 cessarium
1034 1242 1150 1299 dedecus
1163 1245 1189 1282 99
1203 1242 1264 1301 lidei
1279 1246 1357 1317 (affl
1370 1245 1555 1323 Quodcunque
1564 1253 1621 1310 Deo
1631 1252 1672 1309 iii·

111 1326 169 1383 iris.
197 1327 231 1381 Et
260 1335 351 1382 tamen
375 1326 447 1398 apud
470 1326 544 1382 illam
568 1326 673 1384 facilius
700 1330 820 1386 creditur
872 1327 987 1400 dignum
1001 1337 1052 1402 est,
1070 1330 1138 1385 milii
1156 1332 1276 1403 expedit.
1298 1334 1395 1392 Salvas
1408 1351 1479 1405 sam,
1495 1338 1517 1394 si
1533 1354 1587 1397 nou
1603 1356 1671 1398 coii-

111 1430 129 1471 ·r
155 1424 251 1473 taurim
286 1415 370 1472 lactus
406 1420 453 1471 aut
489 1433 607 1488 cycnus,
641 1434 723 1491 quani
755 1433 819 1476 scre
873 1417 971 1474 fundar
1005 1419 1039 1475 de
1074 1420 1189 1477 Domino
1223 1437 1296 1481 meo.
1334 1424 1386 1493 Qui
1417 1426 1475 1484 otei
1507 1428 1543 1498 99,
1571 1428 1690 1504 inquit,

116 1500 253 1572 Christus,
268 1518 352 1575 penes
367 1503 542 1561 Marcionem.
872 1506 1008 1581 confusas
1028 1510 1308 1582 sacramentaneus
1331 1517 1359 1570 et
1378 1528 1425 1586 epo
1449 1516 1512 1587 ejas
1534 1518 1569 1573 99.
1595 1520 1672 1577 Alias

469 1649 501 1705 v·
1080 1598 1671 1765 „intimatae..areatat

111 1771 220 1848 aplane
243 1780 269 1829 et
290 1774 344 1830 alia
368 1782 421 1829 tam
441 1773 532 1845 stulta,
549 1789 608 1846 qaae
628 1774 765 1848 pertineat
782 1777 817 1833 ad
834 1738 856 1819 Β
872 1773 987 1831 feliciter
1010 1773 1134 1831 stultam.
1158 1776 1244 1831 Natus
1263 1782 1305 1833 est
1327 1777 1378 1832 Dei
1396 1777 1494 1847 Filium
1515 1798 1569 1839 nou
1586 1786 1669 1855 pudet

111 1862 198 1921 melias
221 1872 249 1919 ct
271 1863 411 1934 passiones
429 1863 493 1935 Dei,
517 1871 563 1919 aut
586 1863 756 1935 prudentiam
775 1867 818 1922 di·
871 1861 935 1935 qaia
957 1862 1114 1934 pudendum
1143 1871 1205 1934 est;
1229 1871 1257 1921 et
1277 1873 1402 1923 mortuus
1423 1872 1466 1924 cst
1489 1871 1539 1926 Dei
1563 1872 1668 1945 Filius3

111 1952 230 2011 ⁹lisam
250 1951 418 2008 crucifixum.
438 1952 524 2009 Auser
537 1954 562 1993 99
586 1954 637 2011 lice
650 1954 676 1994 99
697 1970 816 2029 quoquo,
872 1967 983 2023 prorsus
1002 1951 1131 2010 credibile
1149 1962 1200 2018 est,
1222 1953 1285 2027 quia
1306 1954 1429 2026 ineptam
1449 1963 1492 2013 est
1506 1975 1514 2015 s
1528 1966 1555 2016 et
1573 1965 1668 2036 sepul·

111 2058 148 2111 tn,
162 2042 216 2101 into
229 2043 282 2099 lioc
295 2043 397 2116 petias.
414 2042 485 2113 Quid
500 2043 572 2100 enim
597 2044 734 2118 indignius
745 2047 818 2104 Deo?
872 2046 925 2108 9999,
945 2042 1107 2109 998999999ῐὶ
1128 2049 1233 2098 99999999
1256 2050 1307 2109 999,
1326 2043 1389 2116 quit
1412 2044 1589 2117 impossibile.
1614 2050 1668 2109 Sed

111 2130 188 2209 nagia
201 2131 425 2201 erubescendum,
450 2133 523 2189 nasci
545 2150 579 2190 an
604 2132 694 2190 mori?
708 2150 818 2194 carnem
871 2131 930 2188 haec
951 2131 1088 2205 quomodo
1111 2130 1203 2188 inille
1223 2147 1287 2189 vera
1311 2140 1400 2204 erant,
1421 2134 1445 2191 si
1463 2134 1520 2207 ipse
1540 2152 1594 2195 nou
1616 2136 1668 2200 tuis

111 2236 140 2289 a,
164 2236 199 2277 aa
218 2218 342 2279 crucem?
367 2221 533 2290 circumcidi,
558 2238 592 2280 aii
617 2221 726 2295 sulligi?
750 2225 819 2281 edu.
871 2233 963 2289 verus,
975 2217 999 2273 si
1012 2232 1067 2275 nou
1082 2233 1146 2275 vere
1160 2219 1253 2276 babuit
1267 2219 1295 2277 in
1310 2236 1340 2277 se
1354 2222 1426 2294 quod
1441 2221 1579 2295 figeretur,
1592 2231 1666 2301 qaod

111 2326 138 2367 iii
156 2309 288 2382 sepeliri?
302 2309 328 2365 iii
345 2326 466 2384 praesepe
480 2311 590 2383 deponi,
615 2327 649 2368 aii
671 2311 699 2367 in
724 2328 819 2371 monn.
870 2312 1029 2379 moreretur,
1046 2308 1120 2379 quod
1143 2308 1301 2379 sepeliretur
1323 2317 1350 2366 et
1372 2311 1586 2382 resuscitaretur,
1603 2332 1665 2373 ear·

111 2399 260 2457 meones?
284 2398 437 2471 sapientior
461 2400 523 2469 oris,
544 2398 568 2457 si
592 2415 643 2458 nee
657 2399 709 2457 ista
730 2401 817 2458 eradi.
870 2412 933 2454 aem
956 2396 1058 2455 scilicet
1078 2398 1211 2471 sanguine
1235 2397 1376 2470 suffusam,
1395 2399 1503 2457 ossibus
1525 2411 1664 2475 strumam,

127 2488 256 2547 sednon
280 2488 335 2545 eris
357 2487 693 2559 sapiens,nisistaltus⁹⁹
716 2490 816 2549 saecalo
870 2485 960 2545 uersis
987 2486 1128 2555 intestam,
1157 2487 1236 2546 aenis
1263 2488 1420 2560 implexam,
1450 2506 1512 2564 quse
1538 2493 1613 2551 nasci
1639 2504 1666 2553 et

111 2618 118 2647 ,
140 2576 191 2635 Dei
214 2576 293 2633 stulta
316 2576 461 2634 credendo.
485 2579 530 2634 An
554 2578 615 2635 ideo
638 2578 778 2651 passiones
799 2595 815 2636 a
869 2578 938 2635 mori
956 2576 1057 2634 novit?
1078 2579 1203 2635 llumana
1225 2577 1248 2618 ⁹¹
1273 2579 1332 2638 sine
1350 2579 1443 2647 dubio,
1458 2589 1489 2638 ut
1508 2589 1571 2639 nata
1587 2584 1613 2624 99
1630 2584 1665 2643 de

111 2682 125 2727 ο
141 2682 197 2725 οοο
221 2666 367 2735 rescidisti,
389 2667 452 2739 quia
474 2675 504 2723 ut
528 2667 687 2741 phantasma
705 2669 816 2727 uacabat
869 2666 997 2740 homine;
1011 2665 1128 2740 ideoque
1142 2667 1168 2707 ⁹³
1181 2668 1306 2725 mortalis
1319 2669 1378 2725 liaeo
1391 2668 1444 2725 erit
1459 2670 1486 2710 99
1503 2672 1530 2728 iii
1547 2672 1663 2743 Christo,

111 2756 289 2815 afficerem?
303 2756 424 2813 Diximus
446 2764 518 2812 retro
541 2772 618 2828 aeqiie
632 2756 707 2812 illum
722 2764 750 2813 et
763 2773 814 2813 na·
869 2756 930 2829 quia
952 2754 1074 2812 Christus
1098 2756 1123 2795 ⁹⁵
1145 2757 1228 2813 honio
1252 2764 1279 2814 et
1297 2755 1368 2813 lilius
1391 2758 1517 2815 hominis.
1540 2762 1595 2818 llut
1614 2778 1664 2820 oar

111 2860 130 2903 ‚s
152 2848 180 2903 ct
202 2844 322 2902 titanae
347 2844 514 2917 imaginaria
535 2844 560 2883 99
583 2861 671 2903 vacua
697 2844 813 2902 ludibria
868 2843 950 2900 homo
969 2842 1090 2901 cbristus
1104 2843 1218 2902 etlilius
1235 2844 1364 2913 hominis,
1380 2845 1403 2902 si
1417 2845 1485 2903 nihil
1507 2848 1624 2906 hominis
1638 2862 1665 2909 et

130 2934 262 3009 petuisse.
287 2935 341 2991 Sed
363 2935 417 3004 jam
440 2935 484 2990 liic
498 2933 523 2973 99
538 2935 682 3007 responde,
698 2934 812 2991 interle·
866 2932 932 2988 nibil
946 2948 979 2988 ex
993 2932 1124 2990 liomluel
1140 2933 1191 2990 nisi
1205 2933 1228 2989 si
1242 2934 1269 2974 99
1282 2942 1328 2992 aot
1342 2933 1414 2991 aliud
1429 2944 1471 2992 cst
1484 2935 1567 2993 hoino
1580 2956 1663 3010 qnam

111 3023 209 3083 enitatis
223 3024 291 3095 (Ti).
305 3024 401 3081 Nonne
414 3039 479 3081 vere
493 3022 637 3079 craciriims
661 3030 702 3079 est
722 3023 813 3080 Deus?
866 3036 940 3088 caro,
954 3028 1002 3077 aut
1019 3020 1128 3079 aliunde
1151 3037 1214 3078 caro
1239 3022 1366 3091 bominis,
1381 3040 1462 3096 qaam
1484 3040 1517 3083 eir
1533 3028 1642 3086 homine
1657 3053 1666 3105 3

130 3128 193 3173 sere
220 3122 354 3183 mortuus,
385 3122 415 3169 at
428 3114 454 3152 99
472 3129 535 3172 rere
563 3089 850 3247 crucifixusvttmlss
864 3116 910 3244 stat
932 3107 1006 3165 aliud
1023 3108 1047 3149 99
1069 3109 1163 3181 llaria,
1178 3125 1260 3183 quam
1283 3113 1376 3185 bomo,
1391 3114 1417 3152 99
1431 3122 1476 3170 aut
1499 3115 1580 3174 homo
1605 3118 1663 3193 (25)

728 3205 796 3247 ariae
834 3203 868 3247 ec
883 3200 978 3244 iones·

111 3264 245 3323 demlamu
260 3265 293 3320 ad
309 3266 410 3322 cultam
430 3281 524 3321 rerum
538 3266 601 3322 alit.
625 3265 650 3302 99
664 3265 724 3320 Jam
738 3267 819 3322 Pom.
835 3262 924 3320 abes.
947 3260 972 3345 99
989 3260 1077 3333 Quam
1095 3262 1174 3320 obest
1186 3280 1204 3320 o
1218 3265 1299 3321 Pom.
1316 3265 1404 3325 alien.
1419 3263 1444 3305 99
1459 3266 1551 3324 Dicam
1572 3270 1662 3329 illies.

119 3334 143 3377 99
156 3337 256 3395 sireis
272 3337 358 3395 tiber.
370 3339 455 3395 seint
469 3338 494 3375 99
503 3338 566 3392 llaec
578 3339 658 3393 Pam.
669 3338 761 3393 Poris.
772 3335 860 3393 Fran.
877 3332 901 3373 99
915 3332 945 3386 la
959 3348 1037 3391 mser
1050 3335 1111 3406 Rip.
1128 3336 1192 3393 l'ett.
1214 3336 1240 3373 ⁸⁹
1254 3335 1296 3391 ild
1309 3350 1420 3393 seusam
1431 3339 1519 3396 Rhea.
1535 3342 1621 3399 Semi.
1637 3344 1661 3381 99

111 3406 177 3465 uria
190 3418 217 3465 et
231 3411 311 3465 Pam.
338 3409 422 3466 Semi.
438 3409 490 3464 ima
511 3407 625 3464 inarium
646 3408 698 3462 ima
721 3407 811 3463 inanire
826 3405 914 3463 libert.
935 3402 960 3442 99
975 3404 1042 3460 ilinc
1062 3406 1121 3477 lti'p.
1147 3407 1210 3463 Vin.
1227 3405 1252 3444 99
1267 3406 1301 3461 llt
1316 3407 1401 3465 Semi.
1417 3408 1443 3449 99
1456 3410 1528 3483 Ergo
1543 3411 1621 3469 obest
1644 3430 1662 3470 a

123 3480 209 3539 aaut.
225 3480 250 3517 99
263 3480 355 3535 Jcsam
370 3482 447 3538 abest
462 3498 479 3536 a
492 3424 580 3537 lilioso.
602 3479 687 3537 Serrei.
743 3479 800 3535 Erit
817 3480 874 3549 trip.
896 3477 959 3533 Ven.
974 3474 1000 3513 99
1014 3476 1067 3545 Qui
1082 3478 1162 3534 Pam.
1180 3477 1267 3536 libert.
1283 3478 1309 3515 99
1324 3481 1413 3535 Decus
1435 3482 1515 3537 Parii.
1533 3481 1620 3539 Rhea.
1636 3485 1662 3523 99

111 3551 247 3610 militen.
261 3552 287 3590 ⁹⁰
299 3550 367 3605 Eum
383 3554 463 3608 Paos.
474 3554 560 3608 Fran.
575 3548 598 3587 ⁹¹
609 3551 757 3606 Humanam
773 3552 853 3606 Poris.
869 3548 956 3606 itum.
971 3547 998 3587 99
1010 3548 1108 3603 Natam
1120 3550 1196 3606 Pom.
1214 3549 1302 3605 bbere.
1316 3549 1343 3589 ⁹³
1356 3550 1423 3619 Quia
1438 3551 1526 3609 liberi.
1540 3553 1625 3611 Semi.
1636 3554 1662 3594 ⁹⁹

111 3622 161 3681 nil.
176 3626 257 3679 Pom.
273 3622 298 3661 99
312 3620 380 3689 Quia
394 3622 516 3678 Christus
527 3622 603 3680 abest
613 3639 630 3679 ο
640 3622 729 3680 ltlteo.
746 3621 831 3678 Semi.
847 3619 873 3659 99
885 3620 914 3675 Si
926 3618 1004 3677 abest
1018 3620 1106 3692 altio
1122 3620 1186 3677 l'ea.
1202 3620 1226 3659 99
1238 3620 1356 3678 Estodit.
1368 3624 1449 3679 Pom.
1461 3626 1547 3683 Fron.
1562 3626 1627 3683 Por.
1635 3628 1662 3666 99

111 3708 166 3751 rino
174 3696 268 3752 omitt.
281 3695 361 3749 Porri.
377 3694 465 3752 lilaea.

703 3764 952 3830 Commentarius.

123 3844 292 3917 biterseetor
307 3846 444 3905 remeatis.
462 3845 606 3901 Haereticos
621 3843 684 3901 olim
719 3845 809 3902 rasio·
861 3858 921 3899 runi
935 3839 1018 3899 luisse
1032 3838 1262 3907 hominemcerte
1275 3859 1340 3903 roro
1353 3844 1660 3920 mortuasaonl'aisset,

111 3915 195 3973 serbis
218 3925 323 3973 notatos
343 3932 422 3973 nomo
437 3925 477 3972 est
491 3917 538 3989 qai
552 3915 668 3974 dubitet.
711 3931 746 3973 ou
761 3933 807 3974 se·
861 3915 955 3988 sicque
972 3913 1081 3971 ludaeos
1101 3913 1240 3972 carnifices
1260 3917 1345 3990 impio
1358 3911 1405 3969 illo
1420 3926 1447 3976 et
1461 3926 1593 3978 uenenato
1607 3920 1659 3977 do·

111 3992 185 4047 ustor
206 3987 267 4071 bic3
283 4004 345 4045 nam
360 3990 408 4043 lib.
424 3987 435 4041 l
450 3988 486 4045 od
503 3989 680 4052 Marcionem,
700 3987 809 4045 baereti-
861 3994 952 4060 gmate
967 3995 1114 4044 excusaret.
1130 3987 1169 4043 lii
1183 3987 1232 4044 Pii.

112 4056 179 4115 lliiin
207 4074 281 4140 reris
309 4059 444 4116 coloribus
471 4059 590 4132 altingit,
620 4066 647 4115 et
674 4061 808 4116 tetriorem
898 4058 956 4129 (ti)
979 4057 1053 4139 Quid
1075 4059 1199 4116 destruis
1221 4062 1415 4119 neeessariam
1436 4060 1553 4121 dedectu
1574 4061 1662 4134 fidoi

111 4126 274 4189 immanitate
301 4130 451 4213 prolitetur,
477 4147 538 4204 qaae
561 4130 588 4184 iii
613 4128 698 4255 ipsius
724 4133 809 4212 patria
862 4127 987 4209 Hoc-dici
1001 4136 1090 4199 potest
1102 4130 1180 4186 etiam
1197 4129 1230 4186 lis
1244 4130 1302 4203 qai,
1316 4132 1447 4191 adversus
1461 4133 1620 4191 Tertulliani
1634 4141 1662 4191 et

111 4200 223 4259 itNtm
251 4203 368 4258 absimili
392 4218 475 4259 serisii
499 4203 615 4275 opleta
657 4201 808 4257 Trallianos
861 4213 983 4255 omnium
1003 4206 1126 4256 ueterum
1145 4199 1308 4270 scriptorum
1325 4202 1508 4271 traditionem,
1525 4205 1660 4262 Gbristam

111 4271 213 4347 patim
246 4283 324 4331 uocat
355 4273 498 4331 haereticos
533 4270 609 4333 κακὰς
635 4268 802 4344 sepeliebas,
862 4276 965 4326 statura
992 4270 1123 4354 vultuque
1147 4270 1374 4329 formosissimum
1395 4274 1446 4329 sibi
1469 4274 1660 4348 imaginantur.

111 4345 335 4427 spropope'nem.
351 4346 379 4402 S.
395 4346 514 4416 Prosper
526 4360 609 4402 carm.
628 4343 663 4399 dc
686 4342 807 4421 ingratis,
862 4340 908 4397 Sic
922 4340 995 4397 enim
1009 4356 1120 4397 omnmo
1135 4340 1280 4415 legendum
1294 4351 1345 4413 est,
1357 4353 1448 4401 nouat
1458 4344 1549 4417 uulgo,
1562 4348 1658 4405 decas.

111 4430 194 4491 agio:
824 4389 934 4495 nNam.
955 4412 1008 4495 liae
1034 4412 1165 4468 adversus
1192 4413 1354 4496 Marcionem
1383 4415 1499 4498 probare
1527 4416 1657 4487 instituit,

111 4528 191 4583 stilero
206 4532 305 4583 vomuit
322 4532 426 4583 coluber
438 4544 553 4582 sermone
571 4528 718 4580 Britannus.
861 4493 1041 4626 ῧὲἓὶαοξὲῗῆ
1055 4485 1544 4627 εξὲὲῖῗᾘέιῗὲ9εεῗέἒὲἰιπξὲξὲᾞιῇ
1560 4489 1659 4615 mam

111 4628 271 4713 Hieronymo
297 4640 399 4688 norant
423 4646 518 4688 omues
544 4628 687 4686 haredcos
709 4627 807 4686 acriter
860 4644 924 4682 num
956 4626 1097 4699 pudenda,
1126 4628 1221 4695 stulta,
1251 4627 1324 4683 fatua
1349 4626 1516 4698 judicantur,
1544 4645 1659 4704 quaeque

111 4710 169 4759 tani
183 4700 278 4758 luisse.
294 4702 332 4759 Lie
347 4706 396 4760 Pii.
860 4697 961 4757 llarcio
988 4697 1152 4764 destruebat,
1179 4704 1306 4772 tanquam
1338 4698 1451 4775 indigna
1479 4700 1536 4756 Deo
1565 4717 1572 4756 :
1600 4702 1660 4759 haec

118 4774 216 4832 Nonae
233 4791 296 4831 vere
321 4779 462 4841 inomaus,
486 4777 520 4831 at
541 4789 605 4831 vere
629 4770 809 4843 crucifixas?
861 4772 962 4836 omnia,
987 4770 1107 4840 inquam,
1132 4786 1148 4825 a
1172 4770 1229 4828 Deo
1252 4771 1336 4826 electa
1358 4768 1449 4837 luisse,
1475 4778 1505 4826 ut
1528 4770 1659 4842 sapientia

124 4854 199 4901 ortas
221 4861 254 4901 eii
276 4859 360 4902 morie
376 4847 514 4920 probator.
539 4844 603 4901 ldeo
628 4852 718 4900 autem
733 4844 808 4900 inla-
861 4841 997 4899 secularis
1018 4841 1237 4898 confunderetur.
1254 4841 1300 4897 Ait
1323 4840 1407 4913 igitar
1430 4842 1579 4970 Septimius
1599 4842 1659 4900 haee

111 4924 221 4973 moram
248 4917 354 4990 elegit,
385 4925 411 4974 et
438 4915 619 4989 spectaculum
650 4915 808 4988 ignominia
860 4914 997 4970 dedecora
1010 4928 1071 4987 qaae
1086 4921 1219 4983 putamus,
1234 4929 1289 4969 non
1303 4928 1363 4970 osae
1377 4914 1449 4986 apud
1494 4912 1658 4970 cumdeda·

111 5000 130 5059 i,
154 4994 185 5043 ut
208 4988 241 5043 ab
265 4988 390 5046 omnibus
410 4988 509 5046 veritas
523 4998 726 5059 agnosceretur,
742 4988 807 5044 nal·
861 5000 937 5052 cora,
957 4985 1012 5041 imo
1029 4986 1180 5043 necessaria
1198 5000 1258 5041 esse
1276 4983 1339 5041 fidei
1356 4984 1523 5041 Christianae.
1548 5003 1562 5037 r
1587 4982 1657 5054 Quid

128 5072 194 5117 vera
214 5061 457 5125 morteduhitarct,
474 5058 618 5132 nullasque
633 5059 807 5116 resurrectio·
860 5055 996 5122 destruis,
1023 5054 1126 5139 inquit,
1153 5056 1270 5113 dedecus
1303 5056 1485 5112 necessarium
1516 5054 1603 5112 lldei‘?
1642 5076 1654 5109 s

111 5144 121 5187 t
141 5128 254 5187 dubiam
269 5140 416 5188 revocaret.
432 5131 564 5187 Abstineo
587 5147 603 5186 a
626 5129 739 5186 citandis
753 5130 806 5186 Pa·
860 5128 993 5200 Georgius
1005 5127 1131 5197 Baeticus,
1147 5127 1194 5186 lib.
1210 5127 1244 5184 de
1258 5125 1349 5184 Fide:
1366 5146 1378 5178 τ
1399 5127 1481 5185 Vides
1493 5143 1575 5201 quam
1594 5128 1657 5203 pul·

111 5200 185 5260 :alle
204 5216 221 5258 ο
241 5212 343 5259 tautam
367 5220 416 5259 soii
440 5201 530 5258 indico
552 5201 582 5257 S.
608 5201 705 5273 ignat,
725 5202 806 5274 epist.
860 5201 965 5267 cirrum,
981 5213 1095 5273 quamve
1111 5200 1241 5257 decorum
1264 5207 1365 5255 nostra
1386 5199 1480 5256 salutis
1502 5215 1657 5258 sacramen·

111 5272 148 5345 :l.,
164 5219 212 5330 afli
226 5273 284 5330 fase
298 5275 331 5331 de
346 5275 396 5332 liao
410 5274 533 5330 materia.
550 5273 588 5329 La
603 5273 654 5328 Pa.
860 5282 926 5327 tum.
950 5273 982 5329 ln
1004 5286 1037 5328 eo
1060 5270 1134 5343 quod
1158 5270 1228 5327 filias
1249 5277 1301 5338 est,
1326 5270 1475 5329 minoratus
1495 5272 1654 5329 ostenditur.

111 5344 334 5418 interemptores
358 5362 477 5402 oeceses
494 5345 552 5402 Dei.
577 5344 707 5410 Marcion,
725 5359 806 5471 paeni
859 5343 1002 5412 Quomodo
1028 5357 1095 5415 crgo
1123 5343 1157 5398 ad
1187 5340 1372 5398 olluscaudam
1401 5342 1567 5400 divinitatem
1594 5344 1654 5413 ejas

111 5424 176 5473 aiter
199 5433 231 5473 ur
252 5426 280 5473 et
311 5418 510 5484 Tertullianus,
555 5416 702 5472 radicabat
749 5416 806 5470 liri·
859 5417 1040 5485 improperas,
1056 5414 1128 5486 quod
1149 5414 1306 5486 exsequitur
1328 5414 1361 5469 ad
1384 5414 1535 5471 decorem?
1558 5433 1570 5464 s
1592 5414 1654 5469 lita.

111 5502 145 5545 on
157 5504 222 5548 rere
232 5436 377 5572 lgiaminem'
387 5489 484 5572 luisse,
498 5432 551 5571 aad)
566 5488 706 5560 putative,
722 5487 807 5543 nibil·
896 5487 1023 5571 (diflert
1038 5486 1199 5570 homedeus
1215 5488 1371 5570 Marcionis.
1383 5487 1470 5570 llpmo
1480 5483 1656 5568 scilicetima·

117 5558 230 5619 licutino
243 5576 436 5635 assumpsisse.
459 5562 486 5619 Si
510 5566 596 5635 igitur
618 5566 719 5616 cauam
734 5566 807 5615 osset
858 5559 983 5631 ginauas
999 5565 1027 5617 et
1044 5558 1137 5616 falsus.
1162 5558 1207 5615 Sic
1225 5573 1298 5615 enini
1320 5571 1382 5614 mox
1405 5571 1463 5630 ipse
1483 5554 1653 5615 declarabits

111 5640 208 5695 more
231 5632 411 5698 substantiam
425 5646 481 5693 noa
495 5629 641 5712 accepisse,
657 5643 806 5739 aequepo-
860 5648 874 5687 a
904 5631 940 5695 Ut
965 5645 1073 5695 minem
1100 5635 1217 5705 gestarat
1241 5629 1302 5693 sina
1327 5626 1434 5693 caiam
1460 5626 1565 5701 duria,
1593 5626 1654 5690 stac
