<?xml version="1.0" encoding="UTF-8"?>
<!DOCTYPE html PUBLIC "-//W3C//DTD XHTML 1.0 Transitional//EN"
    "http://www.w3.org/TR/xhtml1/DTD/xhtml1-transitional.dtd">
<html xmlns="http://www.w3.org/1999/xhtml" xml:lang="en" lang="en">
 <head>
  <title>
</title>
<meta http-equiv="Content-Type" content="text/html;charset=utf-8" />
  <meta name='ocr-system' content='tesseract 3.04.00' />
  <meta name='ocr-capabilities' content='ocr_page ocr_carea ocr_par ocr_line ocrx_word'/>
</head>
<body>
  <div class='ocr_page' id='page_1' title='image "./patrologiaecurs51unkngoog_0369.png"; bbox 0 0 3848 6120; ppageno 0'>
   <div class='ocr_carea' id='block_1_1' title="bbox 124 296 177 356">
    <p class='ocr_par' dir='ltr' id='par_1_1' title="bbox 124 296 177 356">
     <span class='ocr_line' id='line_1_1' title="bbox 124 296 177 356; baseline -0.113 0"><span class='ocrx_word' id='word_1_1' title='bbox 124 296 177 356; x_wconf 78' lang='lat'><strong>727</strong></span> 
     </span>
    </p>
   </div>
   <div class='ocr_carea' id='block_1_2' title="bbox 463 282 1427 357">
    <p class='ocr_par' dir='ltr' id='par_1_2' title="bbox 463 282 1427 357">
     <span class='ocr_line' id='line_1_2' title="bbox 463 282 1427 357; baseline -0.008 -6"><span class='ocrx_word' id='word_1_2' title='bbox 463 289 684 352; x_wconf 78' lang='lat' dir='ltr'><strong>&#39;llill&#39;lUbblel</strong></span> <span class='ocrx_word' id='word_1_3' title='bbox 711 289 845 352; x_wconf 74' lang='lat' dir='ltr'><strong>orbabat</strong></span> <span class='ocrx_word' id='word_1_4' title='bbox 863 289 947 350; x_wconf 76' lang='lat' dir='ltr'><strong>PARS</strong></span> <span class='ocrx_word' id='word_1_5' title='bbox 966 289 1000 349; x_wconf 90' lang='lat' dir='ltr'><strong>ll.</strong></span> <span class='ocrx_word' id='word_1_6' title='bbox 1025 319 1059 332; x_wconf 92' lang='lat'><em>-</em></span> <span class='ocrx_word' id='word_1_7' title='bbox 1078 286 1192 348; x_wconf 80' lang='lat' dir='ltr'><strong>sellas</strong></span> <span class='ocrx_word' id='word_1_8' title='bbox 1210 286 1233 357; x_wconf 94' lang='lat' dir='ltr'><strong>I,</strong></span> <span class='ocrx_word' id='word_1_9' title='bbox 1255 282 1427 345; x_wconf 75' lang='lat' dir='ltr'><strong>rotantur.</strong></span> 
     </span>
    </p>
   </div>
   <div class='ocr_carea' id='block_1_3' title="bbox 1716 278 1770 339">
    <p class='ocr_par' dir='ltr' id='par_1_3' title="bbox 1716 278 1770 339">
     <span class='ocr_line' id='line_1_3' title="bbox 1716 278 1770 339; baseline 0.037 -2"><span class='ocrx_word' id='word_1_10' title='bbox 1716 278 1770 339; x_wconf 71' lang='lat'><strong>728</strong></span> 
     </span>
    </p>
   </div>
   <div class='ocr_carea' id='block_1_4' title="bbox 126 404 1773 487">
    <p class='ocr_par' dir='ltr' id='par_1_4' title="bbox 126 404 1773 487">
     <span class='ocr_line' id='line_1_4' title="bbox 126 404 1773 487; baseline -0.009 -10"><span class='ocrx_word' id='word_1_11' title='bbox 126 424 236 479; x_wconf 89' lang='lat' dir='ltr'><strong>losnon</strong></span> <span class='ocrx_word' id='word_1_12' title='bbox 252 419 444 487; x_wconf 84' lang='lat' dir='ltr'><strong>ieratlructns,</strong></span> <span class='ocrx_word' id='word_1_13' title='bbox 460 435 510 477; x_wconf 90' lang='lat' dir='ltr'><strong>nec</strong></span> <span class='ocrx_word' id='word_1_14' title='bbox 532 418 601 473; x_wconf 84' lang='lat' dir='ltr'><strong>mala</strong></span> <span class='ocrx_word' id='word_1_15' title='bbox 624 418 762 486; x_wconf 72' lang='lat' dir='ltr'><strong>beasset</strong></span> <span class='ocrx_word' id='word_1_16' title='bbox 784 432 863 472; x_wconf 87' lang='lat' dir='ltr'><strong>nemo</strong></span> <span class='ocrx_word' id='word_1_17' title='bbox 888 417 922 472; x_wconf 92' lang='lat' dir='ltr'><strong>de</strong></span> <span class='ocrx_word' id='word_1_18' title='bbox 938 404 963 483; x_wconf 69' lang='lat' dir='ltr'>fl</span> <span class='ocrx_word' id='word_1_19' title='bbox 977 415 1027 474; x_wconf 93' lang='lat' dir='ltr'><strong>llic</strong></span> <span class='ocrx_word' id='word_1_20' title='bbox 1059 413 1229 472; x_wconf 82' lang='lat' dir='ltr'><strong>solummodo</strong></span> <span class='ocrx_word' id='word_1_21' title='bbox 1260 411 1480 478; x_wconf 89' lang='lat' dir='ltr'><strong>nominabuntur,</strong></span> <span class='ocrx_word' id='word_1_22' title='bbox 1501 425 1535 466; x_wconf 92' lang='lat' dir='ltr'><strong>ne</strong></span> <span class='ocrx_word' id='word_1_23' title='bbox 1568 405 1707 480; x_wconf 77' lang='lat' dir='ltr'><strong>preterita</strong></span> <span class='ocrx_word' id='word_1_24' title='bbox 1731 406 1773 463; x_wconf 83' lang='lat' dir='ltr'><strong>ri-</strong></span> 
     </span>
    </p>
   </div>
   <div class='ocr_carea' id='block_1_5' title="bbox 125 504 925 1815">
    <p class='ocr_par' dir='ltr' id='par_1_5' title="bbox 125 504 925 1815">
     <span class='ocr_line' id='line_1_5' title="bbox 126 504 920 579; baseline -0.005 -15"><span class='ocrx_word' id='word_1_25' title='bbox 126 509 210 579; x_wconf 86' lang='lat' dir='ltr'><strong>spinis</strong></span> <span class='ocrx_word' id='word_1_26' title='bbox 225 507 397 576; x_wconf 83' lang='lat' dir='ltr'><strong>metallicus,</strong></span> <span class='ocrx_word' id='word_1_27' title='bbox 418 515 445 563; x_wconf 93' lang='lat' dir='ltr'><strong>et</strong></span> <span class='ocrx_word' id='word_1_28' title='bbox 458 509 491 563; x_wconf 91' lang='lat' dir='ltr'><strong>de</strong></span> <span class='ocrx_word' id='word_1_29' title='bbox 511 506 619 562; x_wconf 86' lang='lat' dir='ltr'><strong>tribulis</strong></span> <span class='ocrx_word' id='word_1_30' title='bbox 641 522 717 563; x_wconf 89' lang='lat' dir='ltr'><strong>uvas.</strong></span> <span class='ocrx_word' id='word_1_31' title='bbox 742 505 815 576; x_wconf 84' lang='lat' dir='ltr'><strong>Ergo</strong></span> <span class='ocrx_word' id='word_1_32' title='bbox 841 504 864 559; x_wconf 92' lang='lat' dir='ltr'><strong>si</strong></span> <span class='ocrx_word' id='word_1_33' title='bbox 883 506 920 560; x_wconf 93' lang='lat' dir='ltr'><strong>ita</strong></span> 
     </span>
     <span class='ocr_line' id='line_1_6' title="bbox 125 592 920 669; baseline -0.004 -17"><span class='ocrx_word' id='word_1_34' title='bbox 125 605 174 659; x_wconf 84' lang='lat' dir='ltr'><strong>cst.</strong></span> <span class='ocrx_word' id='word_1_35' title='bbox 200 612 288 669; x_wconf 85' lang='lat' dir='ltr'><strong>neque</strong></span> <span class='ocrx_word' id='word_1_36' title='bbox 307 598 341 653; x_wconf 91' lang='lat' dir='ltr'><strong>dc</strong></span> <span class='ocrx_word' id='word_1_37' title='bbox 369 595 506 668; x_wconf 81' lang='lat' dir='ltr'>lapidibus</span> <span class='ocrx_word' id='word_1_38' title='bbox 536 595 608 650; x_wconf 87' lang='lat' dir='ltr'><strong>lilios</strong></span> <span class='ocrx_word' id='word_1_39' title='bbox 640 593 757 649; x_wconf 71' lang='lat' dir='ltr'><strong>Abrabae</strong></span> <span class='ocrx_word' id='word_1_40' title='bbox 790 592 920 649; x_wconf 90' lang='lat' dir='ltr'><strong>suscitare</strong></span> 
     </span>
     <span class='ocr_line' id='line_1_7' title="bbox 126 681 921 756; baseline -0.006 -16"><span class='ocrx_word' id='word_1_41' title='bbox 126 685 236 756; x_wconf 76' lang='lat' dir='ltr'><strong>(narrt.</strong></span> <span class='ocrx_word' id='word_1_42' title='bbox 253 685 296 756; x_wconf 90' lang='grc' dir='ltr'><strong>ιιι)</strong></span> <span class='ocrx_word' id='word_1_43' title='bbox 315 684 413 756; x_wconf 88' lang='lat' dir='ltr'><strong>poterit</strong></span> <span class='ocrx_word' id='word_1_44' title='bbox 436 685 519 748; x_wconf 89' lang='lat' dir='ltr'><strong>Deus,</strong></span> <span class='ocrx_word' id='word_1_45' title='bbox 540 698 589 738; x_wconf 86' lang='lat' dir='ltr'><strong>uec</strong></span> <span class='ocrx_word' id='word_1_46' title='bbox 608 681 745 754; x_wconf 78' lang='lat' dir='ltr'>genimina</span> <span class='ocrx_word' id='word_1_47' title='bbox 769 681 921 751; x_wconf 75' lang='lat' dir='ltr'><strong>viperarum</strong></span> 
     </span>
     <span class='ocr_line' id='line_1_8' title="bbox 127 767 922 845; baseline -0.003 -18"><span class='ocrx_word' id='word_1_48' title='bbox 127 771 215 830; x_wconf 87' lang='lat' dir='ltr'><strong>iacere</strong></span> <span class='ocrx_word' id='word_1_49' title='bbox 228 773 386 845; x_wconf 81' lang='lat' dir='ltr'><strong>penitentiae</strong></span> <span class='ocrx_word' id='word_1_50' title='bbox 400 771 523 838; x_wconf 83' lang='lat' dir='ltr'><strong>fructus;</strong></span> <span class='ocrx_word' id='word_1_51' title='bbox 548 779 575 826; x_wconf 90' lang='lat' dir='ltr'><strong>et</strong></span> <span class='ocrx_word' id='word_1_52' title='bbox 593 770 693 824; x_wconf 89' lang='lat' dir='ltr'><strong>erravit</strong></span> <span class='ocrx_word' id='word_1_53' title='bbox 720 767 807 825; x_wconf 74' lang='grc'><strong>685</strong></span> <span class='ocrx_word' id='word_1_54' title='bbox 831 771 922 841; x_wconf 80' lang='lat' dir='ltr'><strong>Apos-</strong></span> 
     </span>
     <span class='ocr_line' id='line_1_9' title="bbox 128 858 923 932; baseline -0.001 -15"><span class='ocrx_word' id='word_1_55' title='bbox 128 861 200 917; x_wconf 89' lang='lat' dir='ltr'><strong>tolus</strong></span> <span class='ocrx_word' id='word_1_56' title='bbox 215 861 334 917; x_wconf 88' lang='lat' dir='ltr'><strong>scribens</strong></span> <span class='ocrx_word' id='word_1_57' title='bbox 347 860 459 932; x_wconf 82' lang='lat' dir='ltr'><strong>[prcs.</strong></span> <span class='ocrx_word' id='word_1_58' title='bbox 476 861 505 930; x_wconf 86' lang='lat' dir='ltr'><strong>v)</strong></span> <span class='ocrx_word' id='word_1_59' title='bbox 530 877 536 913; x_wconf 92' lang='lat'>:</span> <span class='ocrx_word' id='word_1_60' title='bbox 553 859 647 915; x_wconf 79' lang='lat' dir='ltr'><strong>Erotis</strong></span> <span class='ocrx_word' id='word_1_61' title='bbox 662 862 692 915; x_wconf 86' lang='lat' dir='ltr'><strong>et</strong></span> <span class='ocrx_word' id='word_1_62' title='bbox 709 874 755 915; x_wconf 87' lang='lat' dir='ltr'><strong>vos</strong></span> <span class='ocrx_word' id='word_1_63' title='bbox 770 858 923 930; x_wconf 81' lang='lat' dir='ltr'><strong>aliquando</strong></span> 
     </span>
     <span class='ocr_line' id='line_1_10' title="bbox 129 948 923 1022; baseline -0.003 -16"><span class='ocrx_word' id='word_1_64' title='bbox 129 950 267 1018; x_wconf 83' lang='lat' dir='ltr'><strong>tcmebrte;</strong></span> <span class='ocrx_word' id='word_1_65' title='bbox 280 960 306 1005; x_wconf 91' lang='lat' dir='ltr'><strong>ct</strong></span> <span class='ocrx_word' id='word_1_66' title='bbox 330 949 443 1022; x_wconf 80' lang='lat' dir='ltr'><strong>(Epites.</strong></span> <span class='ocrx_word' id='word_1_67' title='bbox 462 948 494 1019; x_wconf 88' lang='grc' dir='ltr'><strong>ιι)</strong></span> <span class='ocrx_word' id='word_1_68' title='bbox 510 969 516 1005; x_wconf 88' lang='lat'>:</span> <span class='ocrx_word' id='word_1_69' title='bbox 530 949 645 1005; x_wconf 81' lang='lat' dir='ltr'><strong><em>Fuimus</em></strong></span> <span class='ocrx_word' id='word_1_70' title='bbox 663 952 691 1003; x_wconf 82' lang='lat' dir='ltr'><strong>ct</strong></span> <span class='ocrx_word' id='word_1_71' title='bbox 705 963 756 1004; x_wconf 85' lang='lat' dir='ltr'><strong>mos</strong></span> <span class='ocrx_word' id='word_1_72' title='bbox 770 948 923 1020; x_wconf 81' lang='lat' dir='ltr'><strong>aliquando</strong></span> 
     </span>
     <span class='ocr_line' id='line_1_11' title="bbox 127 1036 923 1111; baseline -0.003 -14"><span class='ocrx_word' id='word_1_73' title='bbox 127 1045 234 1111; x_wconf 68' lang='lat' dir='ltr'><strong>tratura</strong></span> <span class='ocrx_word' id='word_1_74' title='bbox 249 1040 305 1109; x_wconf 85' lang='lat' dir='ltr'><strong>filii</strong></span> <span class='ocrx_word' id='word_1_75' title='bbox 320 1039 380 1104; x_wconf 78' lang='lat' dir='ltr'><strong>irre,</strong></span> <span class='ocrx_word' id='word_1_76' title='bbox 402 1047 429 1093; x_wconf 91' lang='lat' dir='ltr'><strong>ct</strong></span> <span class='ocrx_word' id='word_1_77' title='bbox 443 1039 467 1107; x_wconf 93' lang='lat' dir='ltr'><strong>(I</strong></span> <span class='ocrx_word' id='word_1_78' title='bbox 477 1039 538 1094; x_wconf 84' lang='lat' dir='ltr'><strong>Cor.</strong></span> <span class='ocrx_word' id='word_1_79' title='bbox 554 1036 594 1107; x_wconf 88' lang='lat' dir='ltr'><strong>vr)</strong></span> <span class='ocrx_word' id='word_1_80' title='bbox 611 1053 617 1092; x_wconf 90' lang='lat'>:</span> <span class='ocrx_word' id='word_1_81' title='bbox 636 1036 670 1091; x_wconf 81' lang='lat' dir='ltr'><strong>ln</strong></span> <span class='ocrx_word' id='word_1_82' title='bbox 691 1036 734 1093; x_wconf 85' lang='lat' dir='ltr'><strong>bis</strong></span> <span class='ocrx_word' id='word_1_83' title='bbox 756 1053 803 1094; x_wconf 83' lang='lat' dir='ltr'><strong>cos</strong></span> <span class='ocrx_word' id='word_1_84' title='bbox 818 1054 923 1110; x_wconf 79' lang='lat' dir='ltr'><strong>guoque</strong></span> 
     </span>
     <span class='ocr_line' id='line_1_12' title="bbox 128 1125 923 1201; baseline -0.003 -17"><span class='ocrx_word' id='word_1_85' title='bbox 128 1129 236 1201; x_wconf 75' lang='lat' dir='ltr'><strong>fuistis,</strong></span> <span class='ocrx_word' id='word_1_86' title='bbox 259 1128 308 1185; x_wconf 86' lang='lat' dir='ltr'><strong>sed</strong></span> <span class='ocrx_word' id='word_1_87' title='bbox 330 1129 420 1185; x_wconf 83' lang='lat' dir='ltr'><strong>abluti</strong></span> <span class='ocrx_word' id='word_1_88' title='bbox 447 1127 523 1183; x_wconf 80' lang='lat' dir='ltr'><strong>estis.</strong></span> <span class='ocrx_word' id='word_1_89' title='bbox 548 1125 601 1181; x_wconf 85' lang='lat' dir='ltr'><strong>Sed</strong></span> <span class='ocrx_word' id='word_1_90' title='bbox 621 1140 759 1197; x_wconf 88' lang='lat' dir='ltr'><strong>nunquam</strong></span> <span class='ocrx_word' id='word_1_91' title='bbox 783 1125 923 1184; x_wconf 87' lang='lat' dir='ltr'><strong>discorda-</strong></span> 
     </span>
     <span class='ocr_line' id='line_1_13' title="bbox 128 1213 924 1287; baseline 0.001 -16"><span class='ocrx_word' id='word_1_92' title='bbox 128 1217 348 1272; x_wconf 86' lang='lat' dir='ltr'><strong>buntsententiae</strong></span> <span class='ocrx_word' id='word_1_93' title='bbox 374 1223 484 1271; x_wconf 84' lang='lat' dir='ltr'><strong>sanetae.</strong></span> <span class='ocrx_word' id='word_1_94' title='bbox 510 1214 568 1269; x_wconf 90' lang='lat' dir='ltr'><strong>Non</strong></span> <span class='ocrx_word' id='word_1_95' title='bbox 587 1213 661 1268; x_wconf 89' lang='lat' dir='ltr'><strong>dabit</strong></span> <span class='ocrx_word' id='word_1_96' title='bbox 687 1213 758 1270; x_wconf 91' lang='lat' dir='ltr'><strong>enim</strong></span> <span class='ocrx_word' id='word_1_97' title='bbox 786 1214 862 1286; x_wconf 84' lang='lat' dir='ltr'><strong>(Luc.</strong></span> <span class='ocrx_word' id='word_1_98' title='bbox 882 1218 924 1287; x_wconf 88' lang='lat' dir='ltr'><strong>vt)</strong></span> 
     </span>
     <span class='ocr_line' id='line_1_14' title="bbox 128 1302 925 1373; baseline 0.001 -14"><span class='ocrx_word' id='word_1_99' title='bbox 128 1305 210 1360; x_wconf 89' lang='lat' dir='ltr'><strong>arbor</strong></span> <span class='ocrx_word' id='word_1_100' title='bbox 234 1304 302 1359; x_wconf 89' lang='lat' dir='ltr'><strong>mala</strong></span> <span class='ocrx_word' id='word_1_101' title='bbox 330 1305 417 1359; x_wconf 91' lang='lat' dir='ltr'><strong>bonos</strong></span> <span class='ocrx_word' id='word_1_102' title='bbox 445 1302 557 1366; x_wconf 87' lang='lat' dir='ltr'><strong>lructns,</strong></span> <span class='ocrx_word' id='word_1_103' title='bbox 588 1302 611 1356; x_wconf 88' lang='lat' dir='ltr'><strong>si</strong></span> <span class='ocrx_word' id='word_1_104' title='bbox 640 1317 693 1357; x_wconf 92' lang='lat' dir='ltr'><strong>non</strong></span> <span class='ocrx_word' id='word_1_105' title='bbox 712 1302 870 1373; x_wconf 88' lang='lat' dir='ltr'><strong>inseratur;</strong></span> <span class='ocrx_word' id='word_1_106' title='bbox 897 1311 925 1360; x_wconf 87' lang='lat' dir='ltr'><strong>et</strong></span> 
     </span>
     <span class='ocr_line' id='line_1_15' title="bbox 129 1389 924 1463; baseline 0.001 -15"><span class='ocrx_word' id='word_1_107' title='bbox 129 1393 201 1448; x_wconf 90' lang='lat' dir='ltr'><strong>bona</strong></span> <span class='ocrx_word' id='word_1_108' title='bbox 219 1393 303 1448; x_wconf 89' lang='lat' dir='ltr'><strong>malos</strong></span> <span class='ocrx_word' id='word_1_109' title='bbox 326 1391 410 1462; x_wconf 90' lang='lat' dir='ltr'><strong>dabit,</strong></span> <span class='ocrx_word' id='word_1_110' title='bbox 430 1389 526 1446; x_wconf 91' lang='lat' dir='ltr'><strong>sinon</strong></span> <span class='ocrx_word' id='word_1_111' title='bbox 546 1391 667 1457; x_wconf 91' lang='lat' dir='ltr'><strong>colatur;</strong></span> <span class='ocrx_word' id='word_1_112' title='bbox 694 1396 721 1445; x_wconf 83' lang='lat' dir='ltr'><strong>et</strong></span> <span class='ocrx_word' id='word_1_113' title='bbox 747 1390 852 1463; x_wconf 82' lang='lat' dir='ltr'><strong>lapides</strong></span> <span class='ocrx_word' id='word_1_114' title='bbox 877 1391 924 1449; x_wconf 85' lang='lat' dir='ltr'><strong>lilii</strong></span> 
     </span>
     <span class='ocr_line' id='line_1_16' title="bbox 128 1478 923 1551; baseline 0 -15"><span class='ocrx_word' id='word_1_115' title='bbox 128 1481 247 1536; x_wconf 81' lang='lat' dir='ltr'><strong>Abrabae</strong></span> <span class='ocrx_word' id='word_1_116' title='bbox 262 1480 334 1546; x_wconf 85' lang='lat' dir='ltr'><strong>fient,</strong></span> <span class='ocrx_word' id='word_1_117' title='bbox 352 1481 372 1534; x_wconf 91' lang='lat' dir='ltr'><strong>si</strong></span> <span class='ocrx_word' id='word_1_118' title='bbox 389 1481 415 1533; x_wconf 91' lang='lat' dir='ltr'><strong>in</strong></span> <span class='ocrx_word' id='word_1_119' title='bbox 431 1478 513 1535; x_wconf 85' lang='lat' dir='ltr'><strong>fidem</strong></span> <span class='ocrx_word' id='word_1_120' title='bbox 528 1479 642 1534; x_wconf 79' lang='lat' dir='ltr'><strong>Abrabae</strong></span> <span class='ocrx_word' id='word_1_121' title='bbox 654 1479 812 1547; x_wconf 79' lang='lat' dir='ltr'><strong>formentur,</strong></span> <span class='ocrx_word' id='word_1_122' title='bbox 828 1491 855 1535; x_wconf 90' lang='lat' dir='ltr'><strong>et</strong></span> <span class='ocrx_word' id='word_1_123' title='bbox 872 1497 923 1551; x_wconf 89' lang='lat' dir='ltr'><strong>ge-</strong></span> 
     </span>
     <span class='ocr_line' id='line_1_17' title="bbox 129 1566 923 1641; baseline 0.001 -18"><span class='ocrx_word' id='word_1_124' title='bbox 129 1569 229 1624; x_wconf 91' lang='lat' dir='ltr'><strong>nimina</strong></span> <span class='ocrx_word' id='word_1_125' title='bbox 254 1569 406 1641; x_wconf 72' lang='lat' dir='ltr'><strong>viperarum</strong></span> <span class='ocrx_word' id='word_1_126' title='bbox 432 1567 547 1625; x_wconf 80' lang='lat' dir='ltr'><strong>fructum</strong></span> <span class='ocrx_word' id='word_1_127' title='bbox 580 1567 744 1638; x_wconf 82' lang='lat' dir='ltr'><strong>poenitentiae</strong></span> <span class='ocrx_word' id='word_1_128' title='bbox 771 1566 879 1634; x_wconf 87' lang='lat' dir='ltr'><strong>facient,</strong></span> <span class='ocrx_word' id='word_1_129' title='bbox 899 1569 923 1626; x_wconf 91' lang='lat' dir='ltr'><strong>si</strong></span> 
     </span>
     <span class='ocr_line' id='line_1_18' title="bbox 128 1653 923 1728; baseline 0.001 -16"><span class='ocrx_word' id='word_1_130' title='bbox 128 1672 233 1712; x_wconf 85' lang='lat' dir='ltr'><strong>venena</strong></span> <span class='ocrx_word' id='word_1_131' title='bbox 246 1654 420 1728; x_wconf 78' lang='lat' dir='ltr'><strong>malignitatis</strong></span> <span class='ocrx_word' id='word_1_132' title='bbox 442 1656 594 1725; x_wconf 78' lang='lat' dir='ltr'><strong>expuerint.</strong></span> <span class='ocrx_word' id='word_1_133' title='bbox 619 1655 681 1708; x_wconf 85' lang='lat' dir='ltr'><strong>Haec</strong></span> <span class='ocrx_word' id='word_1_134' title='bbox 696 1653 748 1708; x_wconf 90' lang='lat' dir='ltr'><strong>erit</strong></span> <span class='ocrx_word' id='word_1_135' title='bbox 769 1654 812 1710; x_wconf 89' lang='lat' dir='ltr'><strong>vis</strong></span> <span class='ocrx_word' id='word_1_136' title='bbox 826 1654 923 1713; x_wconf 79' lang='lat' dir='ltr'><strong>divinae</strong></span> 
     </span>
     <span class='ocr_line' id='line_1_19' title="bbox 129 1740 924 1815; baseline 0.004 -18"><span class='ocrx_word' id='word_1_137' title='bbox 129 1744 234 1815; x_wconf 73' lang='lat' dir='ltr'><strong>gratiae,</strong></span> <span class='ocrx_word' id='word_1_138' title='bbox 258 1742 392 1813; x_wconf 89' lang='lat' dir='ltr'><strong>potentior</strong></span> <span class='ocrx_word' id='word_1_139' title='bbox 420 1741 511 1812; x_wconf 88' lang='lat' dir='ltr'><strong>utique</strong></span> <span class='ocrx_word' id='word_1_140' title='bbox 534 1748 639 1810; x_wconf 83' lang='lat' dir='ltr'><strong>natura,</strong></span> <span class='ocrx_word' id='word_1_141' title='bbox 659 1740 763 1797; x_wconf 89' lang='lat' dir='ltr'><strong>habens</strong></span> <span class='ocrx_word' id='word_1_142' title='bbox 790 1741 815 1795; x_wconf 93' lang='lat' dir='ltr'><strong>in</strong></span> <span class='ocrx_word' id='word_1_143' title='bbox 844 1743 924 1801; x_wconf 88' lang='lat' dir='ltr'><strong>nobis</strong></span> 
     </span>
    </p>
   </div>
   <div class='ocr_carea' id='block_1_6' title="bbox 975 494 1774 1634">
    <p class='ocr_par' dir='ltr' id='par_1_6' title="bbox 975 494 1774 1634">
     <span class='ocr_line' id='line_1_20' title="bbox 976 494 1771 563; baseline -0.014 -3"><span class='ocrx_word' id='word_1_144' title='bbox 976 506 1098 561; x_wconf 89' lang='lat' dir='ltr'><strong>deantur.</strong></span> <span class='ocrx_word' id='word_1_145' title='bbox 1115 501 1244 559; x_wconf 87' lang='lat' dir='ltr'><strong>Dedimus</strong></span> <span class='ocrx_word' id='word_1_146' title='bbox 1262 500 1333 557; x_wconf 92' lang='lat' dir='ltr'><strong>enim</strong></span> <span class='ocrx_word' id='word_1_147' title='bbox 1349 499 1387 554; x_wconf 93' lang='lat' dir='ltr'><strong>illi</strong></span> <span class='ocrx_word' id='word_1_148' title='bbox 1405 510 1431 554; x_wconf 92' lang='lat' dir='ltr'><strong>et</strong></span> <span class='ocrx_word' id='word_1_149' title='bbox 1450 498 1603 554; x_wconf 84' lang='lat' dir='ltr'><strong>libertatem</strong></span> <span class='ocrx_word' id='word_1_150' title='bbox 1627 494 1771 563; x_wconf 86' lang='lat' dir='ltr'><strong>arbitrarii,</strong></span> 
     </span>
     <span class='ocr_line' id='line_1_21' title="bbox 976 580 1774 662; baseline -0.011 -14"><span class='ocrx_word' id='word_1_151' title='bbox 976 609 1005 648; x_wconf 80' lang='lat' dir='ltr'><strong>ut</strong></span> <span class='ocrx_word' id='word_1_152' title='bbox 1031 609 1113 661; x_wconf 89' lang='lat' dir='ltr'><strong>supra</strong></span> <span class='ocrx_word' id='word_1_153' title='bbox 1140 590 1305 662; x_wconf 82' lang='lat' dir='ltr'><strong>scripsimus,</strong></span> <span class='ocrx_word' id='word_1_154' title='bbox 1333 596 1360 643; x_wconf 89' lang='lat' dir='ltr'><strong>et</strong></span> <span class='ocrx_word' id='word_1_155' title='bbox 1386 586 1596 642; x_wconf 85' lang='lat' dir='ltr'><strong>dominationem</strong></span> <span class='ocrx_word' id='word_1_156' title='bbox 1616 599 1721 649; x_wconf 86' lang='lat' dir='ltr'><strong>rerum,</strong></span> <span class='ocrx_word' id='word_1_157' title='bbox 1748 580 1774 639; x_wconf 76' lang='lat' dir='ltr'><strong>el</strong></span> 
     </span>
     <span class='ocr_line' id='line_1_22' title="bbox 975 670 1771 749; baseline -0.014 -12"><span class='ocrx_word' id='word_1_158' title='bbox 975 682 1169 739; x_wconf 86' lang='lat' dir='ltr'><strong>divinationem</strong></span> <span class='ocrx_word' id='word_1_159' title='bbox 1191 680 1248 749; x_wconf 84' lang='grc'>(41)</span> <span class='ocrx_word' id='word_1_160' title='bbox 1276 677 1422 742; x_wconf 83' lang='lat' dir='ltr'><strong>interdum,</strong></span> <span class='ocrx_word' id='word_1_161' title='bbox 1450 674 1572 747; x_wconf 83' lang='lat' dir='ltr'><strong>seposita</strong></span> <span class='ocrx_word' id='word_1_162' title='bbox 1586 687 1650 744; x_wconf 72' lang='lat' dir='ltr'><strong>quae</strong></span> <span class='ocrx_word' id='word_1_163' title='bbox 1664 687 1716 744; x_wconf 91' lang='lat' dir='ltr'><strong>per</strong></span> <span class='ocrx_word' id='word_1_164' title='bbox 1727 670 1771 726; x_wconf 79' lang='lat' dir='ltr'><strong>bet</strong></span> 
     </span>
     <span class='ocr_line' id='line_1_23' title="bbox 976 758 1771 844; baseline -0.01 -19"><span class='ocrx_word' id='word_1_165' title='bbox 976 769 1087 844; x_wconf 80' lang='lat' dir='ltr'><strong>gratiam</strong></span> <span class='ocrx_word' id='word_1_166' title='bbox 1101 767 1209 825; x_wconf 85' lang='lat' dir='ltr'><strong>obvenit</strong></span> <span class='ocrx_word' id='word_1_167' title='bbox 1219 783 1251 822; x_wconf 83' lang='lat' dir='ltr'><strong>ex</strong></span> <span class='ocrx_word' id='word_1_168' title='bbox 1267 767 1289 804; x_wconf 80' lang='grc'><strong>11</strong></span> <span class='ocrx_word' id='word_1_169' title='bbox 1303 763 1392 821; x_wconf 73' lang='grc'><strong>686</strong></span> <span class='ocrx_word' id='word_1_170' title='bbox 1408 763 1558 835; x_wconf 84' lang='lat' dir='ltr'><strong>prophetia.</strong></span> <span class='ocrx_word' id='word_1_171' title='bbox 1569 763 1663 834; x_wconf 87' lang='lat' dir='ltr'><strong>ltaque</strong></span> <span class='ocrx_word' id='word_1_172' title='bbox 1675 762 1734 831; x_wconf 84' lang='lat' dir='ltr'><strong>jam</strong></span> <span class='ocrx_word' id='word_1_173' title='bbox 1743 758 1771 817; x_wconf 85' lang='lat' dir='ltr'><strong>ab</strong></span> 
     </span>
     <span class='ocr_line' id='line_1_24' title="bbox 976 851 1771 931; baseline -0.013 -14"><span class='ocrx_word' id='word_1_174' title='bbox 976 863 1029 917; x_wconf 90' lang='lat' dir='ltr'><strong>isto</strong></span> <span class='ocrx_word' id='word_1_175' title='bbox 1046 857 1230 931; x_wconf 81' lang='lat' dir='ltr'><strong>dispositionis</strong></span> <span class='ocrx_word' id='word_1_176' title='bbox 1245 855 1562 918; x_wconf 84' lang='lat' dir='ltr'><strong>retracteturecedam,ut</strong></span> <span class='ocrx_word' id='word_1_177' title='bbox 1575 851 1704 908; x_wconf 88' lang='lat' dir='ltr'><strong>ordinem</strong></span> <span class='ocrx_word' id='word_1_178' title='bbox 1718 851 1771 920; x_wconf 85' lang='lat' dir='ltr'><strong>ejus</strong></span> 
     </span>
     <span class='ocr_line' id='line_1_25' title="bbox 976 937 1769 1018; baseline -0.018 -14"><span class='ocrx_word' id='word_1_179' title='bbox 976 960 1128 1018; x_wconf 76' lang='lat' dir='ltr'><strong>expungam</strong></span> <span class='ocrx_word' id='word_1_180' title='bbox 1140 943 1207 1015; x_wconf 81' lang='lat' dir='ltr'><strong>(tu).</strong></span> <span class='ocrx_word' id='word_1_181' title='bbox 1224 940 1375 999; x_wconf 86' lang='lat' dir='ltr'><strong>Definimus</strong></span> <span class='ocrx_word' id='word_1_182' title='bbox 1393 939 1509 995; x_wconf 89' lang='lat' dir='ltr'><strong>animam</strong></span> <span class='ocrx_word' id='word_1_183' title='bbox 1524 939 1574 993; x_wconf 93' lang='lat' dir='ltr'><strong>Dei</strong></span> <span class='ocrx_word' id='word_1_184' title='bbox 1591 937 1656 992; x_wconf 86' lang='lat' dir='ltr'><strong>llatu</strong></span> <span class='ocrx_word' id='word_1_185' title='bbox 1673 945 1769 1006; x_wconf 71' lang='lat' dir='ltr'><strong>namn,</strong></span> 
     </span>
     <span class='ocr_line' id='line_1_26' title="bbox 977 1025 1768 1102; baseline -0.015 -11"><span class='ocrx_word' id='word_1_186' title='bbox 977 1034 1156 1091; x_wconf 82' lang='lat' dir='ltr'><strong>immortalem</strong></span> <span class='ocrx_word' id='word_1_187' title='bbox 1177 1033 1244 1102; x_wconf 85' lang='grc'>(43),</span> <span class='ocrx_word' id='word_1_188' title='bbox 1259 1030 1423 1101; x_wconf 83' lang='lat' dir='ltr'><strong>corporalem</strong></span> <span class='ocrx_word' id='word_1_189' title='bbox 1445 1029 1512 1097; x_wconf 88' lang='grc'>(44),</span> <span class='ocrx_word' id='word_1_190' title='bbox 1535 1025 1686 1099; x_wconf 85' lang='lat' dir='ltr'><strong>elligiatam</strong></span> <span class='ocrx_word' id='word_1_191' title='bbox 1707 1026 1768 1095; x_wconf 84' lang='grc'>(45),</span> 
     </span>
     <span class='ocr_line' id='line_1_27' title="bbox 978 1114 1767 1191; baseline -0.013 -11"><span class='ocrx_word' id='word_1_192' title='bbox 978 1124 1124 1180; x_wconf 89' lang='lat' dir='ltr'><strong>substantia</strong></span> <span class='ocrx_word' id='word_1_193' title='bbox 1151 1121 1311 1191; x_wconf 87' lang='lat' dir='ltr'><strong>simplicem,</strong></span> <span class='ocrx_word' id='word_1_194' title='bbox 1340 1120 1373 1174; x_wconf 90' lang='lat' dir='ltr'><strong>de</strong></span> <span class='ocrx_word' id='word_1_195' title='bbox 1400 1132 1449 1172; x_wconf 89' lang='lat' dir='ltr'><strong>suo</strong></span> <span class='ocrx_word' id='word_1_196' title='bbox 1477 1116 1624 1187; x_wconf 87' lang='lat' dir='ltr'><strong>patientem</strong></span> <span class='ocrx_word' id='word_1_197' title='bbox 1652 1114 1687 1177; x_wconf 84' lang='lat'><strong>¹⁵,</strong></span> <span class='ocrx_word' id='word_1_198' title='bbox 1703 1114 1767 1170; x_wconf 84' lang='lat' dir='ltr'><strong>varie</strong></span> 
     </span>
     <span class='ocr_line' id='line_1_28' title="bbox 979 1203 1768 1282; baseline -0.01 -16"><span class='ocrx_word' id='word_1_199' title='bbox 979 1212 1176 1282; x_wconf 80' lang='lat' dir='ltr'><strong>procedentem,</strong></span> <span class='ocrx_word' id='word_1_200' title='bbox 1205 1210 1314 1266; x_wconf 90' lang='lat' dir='ltr'><strong>liberam</strong></span> <span class='ocrx_word' id='word_1_201' title='bbox 1343 1207 1455 1273; x_wconf 87' lang='lat' dir='ltr'><strong>arbitrii,</strong></span> <span class='ocrx_word' id='word_1_202' title='bbox 1485 1204 1645 1261; x_wconf 87' lang='lat' dir='ltr'><strong>accidentiis</strong></span> <span class='ocrx_word' id='word_1_203' title='bbox 1672 1203 1696 1241; x_wconf 80' lang='grc'><strong>11</strong></span> <span class='ocrx_word' id='word_1_204' title='bbox 1722 1204 1768 1259; x_wconf 93' lang='lat' dir='ltr'><strong>ob·</strong></span> 
     </span>
     <span class='ocr_line' id='line_1_29' title="bbox 978 1290 1768 1370; baseline -0.013 -14"><span class='ocrx_word' id='word_1_205' title='bbox 978 1300 1083 1356; x_wconf 78' lang='lat' dir='ltr'><strong>nuxmm</strong></span> <span class='ocrx_word' id='word_1_206' title='bbox 1109 1302 1176 1370; x_wconf 81' lang='grc'>(46),</span> <span class='ocrx_word' id='word_1_207' title='bbox 1204 1314 1253 1369; x_wconf 89' lang='lat' dir='ltr'><strong>per</strong></span> <span class='ocrx_word' id='word_1_208' title='bbox 1275 1297 1384 1369; x_wconf 85' lang='lat' dir='ltr'><strong>ingenia</strong></span> <span class='ocrx_word' id='word_1_209' title='bbox 1409 1293 1575 1361; x_wconf 87' lang='lat' dir='ltr'><strong>mutabilem,</strong></span> <span class='ocrx_word' id='word_1_210' title='bbox 1605 1290 1768 1360; x_wconf 86' lang='lat' dir='ltr'><strong>rationalem,</strong></span> 
     </span>
     <span class='ocr_line' id='line_1_30' title="bbox 978 1380 1768 1453; baseline -0.011 -10"><span class='ocrx_word' id='word_1_211' title='bbox 978 1388 1193 1453; x_wconf 90' lang='lat' dir='ltr'><strong>dominatricem,</strong></span> <span class='ocrx_word' id='word_1_212' title='bbox 1215 1386 1412 1453; x_wconf 79' lang='lat' dir='ltr'><strong>divinatricem,</strong></span> <span class='ocrx_word' id='word_1_213' title='bbox 1438 1398 1471 1440; x_wconf 87' lang='lat' dir='ltr'><strong>cx</strong></span> <span class='ocrx_word' id='word_1_214' title='bbox 1492 1398 1543 1438; x_wconf 91' lang='lat' dir='ltr'><strong>una</strong></span> <span class='ocrx_word' id='word_1_215' title='bbox 1566 1380 1768 1437; x_wconf 88' lang='lat' dir='ltr'><strong>redundantem.</strong></span> 
     </span>
     <span class='ocr_line' id='line_1_31' title="bbox 979 1470 1769 1548; baseline -0.011 -15"><span class='ocrx_word' id='word_1_216' title='bbox 979 1477 1104 1548; x_wconf 88' lang='lat' dir='ltr'><strong>Sequitur</strong></span> <span class='ocrx_word' id='word_1_217' title='bbox 1120 1492 1200 1544; x_wconf 90' lang='lat' dir='ltr'><strong>nunc,</strong></span> <span class='ocrx_word' id='word_1_218' title='bbox 1221 1483 1251 1530; x_wconf 93' lang='lat' dir='ltr'><strong>ut</strong></span> <span class='ocrx_word' id='word_1_219' title='bbox 1264 1475 1400 1546; x_wconf 90' lang='lat' dir='ltr'><strong>quomodo</strong></span> <span class='ocrx_word' id='word_1_220' title='bbox 1427 1488 1463 1530; x_wconf 79' lang='lat' dir='ltr'><strong>ex</strong></span> <span class='ocrx_word' id='word_1_221' title='bbox 1476 1487 1531 1528; x_wconf 90' lang='lat' dir='ltr'><strong>unu</strong></span> <span class='ocrx_word' id='word_1_222' title='bbox 1550 1470 1687 1527; x_wconf 89' lang='lat' dir='ltr'><strong>redundet</strong></span> <span class='ocrx_word' id='word_1_223' title='bbox 1708 1484 1769 1525; x_wconf 91' lang='lat' dir='ltr'><strong>con-</strong></span> 
     </span>
     <span class='ocr_line' id='line_1_32' title="bbox 977 1558 1770 1634; baseline -0.008 -14"><span class='ocrx_word' id='word_1_224' title='bbox 977 1566 1136 1634; x_wconf 84' lang='lat' dir='ltr'><strong>sideremus,</strong></span> <span class='ocrx_word' id='word_1_225' title='bbox 1152 1564 1179 1620; x_wconf 94' lang='lat' dir='ltr'><strong>id</strong></span> <span class='ocrx_word' id='word_1_226' title='bbox 1193 1573 1252 1633; x_wconf 84' lang='lat' dir='ltr'><strong>est,</strong></span> <span class='ocrx_word' id='word_1_227' title='bbox 1267 1564 1348 1626; x_wconf 89' lang='lat' dir='ltr'><strong>unde,</strong></span> <span class='ocrx_word' id='word_1_228' title='bbox 1364 1570 1391 1618; x_wconf 93' lang='lat' dir='ltr'><strong>et</strong></span> <span class='ocrx_word' id='word_1_229' title='bbox 1413 1561 1520 1633; x_wconf 91' lang='lat' dir='ltr'><strong>quando</strong></span> <span class='ocrx_word' id='word_1_230' title='bbox 1544 1569 1571 1616; x_wconf 92' lang='lat' dir='ltr'><strong>et</strong></span> <span class='ocrx_word' id='word_1_231' title='bbox 1593 1575 1648 1631; x_wconf 87' lang='lat' dir='ltr'><strong>qua</strong></span> <span class='ocrx_word' id='word_1_232' title='bbox 1673 1558 1770 1615; x_wconf 85' lang='lat' dir='ltr'><strong>ratione</strong></span> 
     </span>
    </p>
   </div>
   <div class='ocr_carea' id='block_1_7' title="bbox 979 1660 1494 1794">
    <p class='ocr_par' dir='ltr' id='par_1_7' title="bbox 979 1660 1494 1794">
     <span class='ocr_line' id='line_1_33' title="bbox 979 1660 1109 1709; baseline -0.008 0"><span class='ocrx_word' id='word_1_233' title='bbox 979 1660 1109 1709; x_wconf 87' lang='lat' dir='ltr'><strong>sumatur.</strong></span> 
     </span>
     <span class='ocr_line' id='line_1_34' title="bbox 1257 1737 1494 1794; baseline 0 -1"><span class='ocrx_word' id='word_1_234' title='bbox 1257 1738 1372 1794; x_wconf 78' lang='lat' dir='ltr'>CAPUT</span> <span class='ocrx_word' id='word_1_235' title='bbox 1390 1737 1494 1793; x_wconf 89' lang='lat' dir='ltr'>XXIII.</span> 
     </span>
    </p>
   </div>
   <div class='ocr_carea' id='block_1_8' title="bbox 128 1824 1773 2960">
    <p class='ocr_par' dir='ltr' id='par_1_8' title="bbox 128 1824 1773 2960">
     <span class='ocr_line' id='line_1_35' title="bbox 128 1824 1770 1901; baseline -0.005 -15"><span class='ocrx_word' id='word_1_236' title='bbox 128 1832 316 1901; x_wconf 88' lang='lat' dir='ltr'><strong>subjacentem</strong></span> <span class='ocrx_word' id='word_1_237' title='bbox 329 1830 379 1884; x_wconf 90' lang='lat' dir='ltr'><strong>sibi</strong></span> <span class='ocrx_word' id='word_1_238' title='bbox 395 1829 506 1884; x_wconf 89' lang='lat' dir='ltr'><strong>liberem</strong></span> <span class='ocrx_word' id='word_1_239' title='bbox 530 1827 633 1884; x_wconf 90' lang='lat' dir='ltr'><strong>arbitrii</strong></span> <span class='ocrx_word' id='word_1_240' title='bbox 655 1835 824 1899; x_wconf 80' lang='lat' dir='ltr'><strong>potestatem,</strong></span> <span class='ocrx_word' id='word_1_241' title='bbox 850 1834 922 1901; x_wconf 88' lang='lat' dir='ltr'><strong>quod</strong></span> <span class='ocrx_word' id='word_1_242' title='bbox 1012 1828 1127 1896; x_wconf 85' lang='lat' dir='ltr'><strong>Quidam</strong></span> <span class='ocrx_word' id='word_1_243' title='bbox 1140 1826 1174 1882; x_wconf 90' lang='lat' dir='ltr'><strong>de</strong></span> <span class='ocrx_word' id='word_1_244' title='bbox 1187 1827 1264 1883; x_wconf 91' lang='lat' dir='ltr'><strong>coelis</strong></span> <span class='ocrx_word' id='word_1_245' title='bbox 1278 1825 1417 1883; x_wconf 86' lang='lat' dir='ltr'><strong>devenisse</strong></span> <span class='ocrx_word' id='word_1_246' title='bbox 1430 1841 1461 1880; x_wconf 87' lang='lat' dir='ltr'><strong>se</strong></span> <span class='ocrx_word' id='word_1_247' title='bbox 1475 1824 1598 1889; x_wconf 86' lang='lat' dir='ltr'><strong>credunt,</strong></span> <span class='ocrx_word' id='word_1_248' title='bbox 1615 1829 1694 1879; x_wconf 87' lang='lat' dir='ltr'><strong>tauta</strong></span> <span class='ocrx_word' id='word_1_249' title='bbox 1715 1837 1770 1892; x_wconf 86' lang='lat' dir='ltr'><strong>pcr-</strong></span> 
     </span>
     <span class='ocr_line' id='line_1_36' title="bbox 129 1913 1772 1988; baseline -0.003 -19"><span class='ocrx_word' id='word_1_250' title='bbox 129 1916 280 1978; x_wconf 71' lang='grc' dir='ltr'><strong>αὐτεξούσιον</strong></span> <span class='ocrx_word' id='word_1_251' title='bbox 295 1915 411 1982; x_wconf 86' lang='lat' dir='ltr'><strong>dicitur;</strong></span> <span class='ocrx_word' id='word_1_252' title='bbox 437 1931 497 1988; x_wconf 65' lang='lat' dir='ltr'><strong>quae</strong></span> <span class='ocrx_word' id='word_1_253' title='bbox 518 1931 579 1971; x_wconf 93' lang='lat' dir='ltr'><strong>cum</strong></span> <span class='ocrx_word' id='word_1_254' title='bbox 604 1916 639 1971; x_wconf 88' lang='lat' dir='ltr'><strong>sit</strong></span> <span class='ocrx_word' id='word_1_255' title='bbox 662 1927 688 1971; x_wconf 88' lang='lat' dir='ltr'><strong>ct</strong></span> <span class='ocrx_word' id='word_1_256' title='bbox 716 1916 773 1987; x_wconf 89' lang='lat' dir='ltr'><strong>ipsa</strong></span> <span class='ocrx_word' id='word_1_257' title='bbox 796 1918 925 1974; x_wconf 87' lang='lat' dir='ltr'><strong>naturalis</strong></span> <span class='ocrx_word' id='word_1_258' title='bbox 977 1916 1115 1982; x_wconf 84' lang='lat' dir='ltr'><strong>suasione,</strong></span> <span class='ocrx_word' id='word_1_259' title='bbox 1135 1924 1235 1987; x_wconf 89' lang='lat' dir='ltr'><strong>quanta</strong></span> <span class='ocrx_word' id='word_1_260' title='bbox 1249 1924 1276 1970; x_wconf 90' lang='lat' dir='ltr'><strong>et</strong></span> <span class='ocrx_word' id='word_1_261' title='bbox 1295 1915 1358 1970; x_wconf 89' lang='lat' dir='ltr'><strong>illuc</strong></span> <span class='ocrx_word' id='word_1_262' title='bbox 1372 1913 1520 1969; x_wconf 84' lang='lat' dir='ltr'><strong>indubitate</strong></span> <span class='ocrx_word' id='word_1_263' title='bbox 1542 1926 1719 1985; x_wconf 81' lang='lat' dir='ltr'><strong>regressuros</strong></span> <span class='ocrx_word' id='word_1_264' title='bbox 1732 1925 1772 1964; x_wconf 90' lang='lat' dir='ltr'><strong>re·</strong></span> 
     </span>
     <span class='ocr_line' id='line_1_37' title="bbox 129 1997 1772 2077; baseline -0.004 -18"><span class='ocrx_word' id='word_1_265' title='bbox 129 2011 209 2077; x_wconf 86' lang='lat' dir='ltr'><strong>atque</strong></span> <span class='ocrx_word' id='word_1_266' title='bbox 234 2002 377 2069; x_wconf 87' lang='lat' dir='ltr'><strong>mutabilis,</strong></span> <span class='ocrx_word' id='word_1_267' title='bbox 399 2003 421 2040; x_wconf 93' lang='lat'><strong>¹¹</strong></span> <span class='ocrx_word' id='word_1_268' title='bbox 451 2018 560 2076; x_wconf 87' lang='lat' dir='ltr'><strong>quoquo</strong></span> <span class='ocrx_word' id='word_1_269' title='bbox 587 2004 709 2074; x_wconf 91' lang='lat' dir='ltr'><strong>vertitur,</strong></span> <span class='ocrx_word' id='word_1_270' title='bbox 738 2014 833 2062; x_wconf 91' lang='lat' dir='ltr'><strong>natura</strong></span> <span class='ocrx_word' id='word_1_271' title='bbox 860 2022 924 2063; x_wconf 92' lang='lat' dir='ltr'><strong>con·</strong></span> <span class='ocrx_word' id='word_1_272' title='bbox 977 2004 1154 2076; x_wconf 79' lang='lat' dir='ltr'><strong>promittunt3</strong></span> <span class='ocrx_word' id='word_1_273' title='bbox 1172 2012 1200 2059; x_wconf 94' lang='lat' dir='ltr'><strong>ut</strong></span> <span class='ocrx_word' id='word_1_274' title='bbox 1214 2001 1374 2059; x_wconf 89' lang='lat' dir='ltr'><strong>Saturninus</strong></span> <span class='ocrx_word' id='word_1_275' title='bbox 1393 2000 1532 2056; x_wconf 81' lang='lat' dir='ltr'><strong>llrnandri</strong></span> <span class='ocrx_word' id='word_1_276' title='bbox 1555 1998 1702 2055; x_wconf 89' lang='lat' dir='ltr'><strong>simoniani</strong></span> <span class='ocrx_word' id='word_1_277' title='bbox 1724 1997 1772 2052; x_wconf 92' lang='lat' dir='ltr'><strong>dis·</strong></span> 
     </span>
     <span class='ocr_line' id='line_1_38' title="bbox 129 2083 1773 2168; baseline -0.006 -19"><span class='ocrx_word' id='word_1_278' title='bbox 129 2093 251 2149; x_wconf 89' lang='lat' dir='ltr'><strong>vertitur.</strong></span> <span class='ocrx_word' id='word_1_279' title='bbox 281 2093 372 2148; x_wconf 89' lang='lat' dir='ltr'><strong>Inesse</strong></span> <span class='ocrx_word' id='word_1_280' title='bbox 400 2101 489 2148; x_wconf 85' lang='lat' dir='ltr'><strong>autem</strong></span> <span class='ocrx_word' id='word_1_281' title='bbox 518 2092 596 2149; x_wconf 90' lang='lat' dir='ltr'><strong>nobis</strong></span> <span class='ocrx_word' id='word_1_282' title='bbox 626 2094 655 2148; x_wconf 79' lang='grc' dir='ltr'><strong>τὸ</strong></span> <span class='ocrx_word' id='word_1_283' title='bbox 686 2093 838 2157; x_wconf 75' lang='grc' dir='ltr'><strong>αὐτεξούσιον</strong></span> <span class='ocrx_word' id='word_1_284' title='bbox 867 2094 925 2168; x_wconf 81' lang='lat' dir='ltr'><strong>(to)</strong></span> <span class='ocrx_word' id='word_1_285' title='bbox 976 2091 1084 2161; x_wconf 91' lang='lat' dir='ltr'><strong>cipulns</strong></span> <span class='ocrx_word' id='word_1_286' title='bbox 1120 2091 1235 2160; x_wconf 81' lang='lat' dir='ltr'><strong>induxit,</strong></span> <span class='ocrx_word' id='word_1_287' title='bbox 1277 2089 1413 2146; x_wconf 87' lang='lat' dir='ltr'><strong>bominem</strong></span> <span class='ocrx_word' id='word_1_288' title='bbox 1446 2088 1583 2143; x_wconf 90' lang='lat' dir='ltr'><strong>allirmans</strong></span> <span class='ocrx_word' id='word_1_289' title='bbox 1611 2087 1647 2142; x_wconf 88' lang='lat' dir='ltr'><strong>ab</strong></span> <span class='ocrx_word' id='word_1_290' title='bbox 1673 2083 1773 2158; x_wconf 87' lang='lat' dir='ltr'><strong>angelis</strong></span> 
     </span>
     <span class='ocr_line' id='line_1_39' title="bbox 130 2174 1771 2252; baseline -0.004 -17"><span class='ocrx_word' id='word_1_291' title='bbox 130 2181 296 2251; x_wconf 88' lang='lat' dir='ltr'><strong>naturaliter,</strong></span> <span class='ocrx_word' id='word_1_292' title='bbox 309 2181 365 2250; x_wconf 90' lang='lat' dir='ltr'><strong>jam</strong></span> <span class='ocrx_word' id='word_1_293' title='bbox 381 2190 408 2237; x_wconf 88' lang='lat' dir='ltr'><strong>et</strong></span> <span class='ocrx_word' id='word_1_294' title='bbox 426 2181 554 2237; x_wconf 89' lang='lat' dir='ltr'><strong>llarcioni</strong></span> <span class='ocrx_word' id='word_1_295' title='bbox 579 2183 748 2239; x_wconf 85' lang='lat' dir='ltr'><strong>ostendimus</strong></span> <span class='ocrx_word' id='word_1_296' title='bbox 771 2193 798 2238; x_wconf 90' lang='lat' dir='ltr'><strong>et</strong></span> <span class='ocrx_word' id='word_1_297' title='bbox 812 2184 925 2240; x_wconf 89' lang='lat' dir='ltr'><strong>Hermo-</strong></span> <span class='ocrx_word' id='word_1_298' title='bbox 979 2181 1086 2245; x_wconf 87' lang='lat' dir='ltr'><strong>lectum,</strong></span> <span class='ocrx_word' id='word_1_299' title='bbox 1102 2179 1244 2252; x_wconf 80' lang='lat' dir='ltr'><strong>primoque</strong></span> <span class='ocrx_word' id='word_1_300' title='bbox 1269 2194 1339 2250; x_wconf 91' lang='lat' dir='ltr'><strong>opus</strong></span> <span class='ocrx_word' id='word_1_301' title='bbox 1363 2177 1451 2247; x_wconf 86' lang='lat' dir='ltr'><strong>iutilc,</strong></span> <span class='ocrx_word' id='word_1_302' title='bbox 1476 2186 1504 2234; x_wconf 94' lang='lat' dir='ltr'><strong>ct</strong></span> <span class='ocrx_word' id='word_1_303' title='bbox 1517 2175 1678 2245; x_wconf 89' lang='lat' dir='ltr'><strong>invalidum,</strong></span> <span class='ocrx_word' id='word_1_304' title='bbox 1693 2184 1720 2232; x_wconf 89' lang='lat' dir='ltr'><strong>ct</strong></span> <span class='ocrx_word' id='word_1_305' title='bbox 1731 2174 1771 2229; x_wconf 91' lang='lat' dir='ltr'><strong>in·</strong></span> 
     </span>
     <span class='ocr_line' id='line_1_40' title="bbox 130 2261 1772 2340; baseline -0.002 -19"><span class='ocrx_word' id='word_1_306' title='bbox 130 2268 203 2340; x_wconf 86' lang='lat' dir='ltr'><strong>geni.</strong></span> <span class='ocrx_word' id='word_1_307' title='bbox 219 2266 291 2338; x_wconf 85' lang='lat' dir='ltr'><strong>Quid</strong></span> <span class='ocrx_word' id='word_1_308' title='bbox 305 2283 387 2331; x_wconf 86' lang='lat' dir='ltr'><strong>nunc,</strong></span> <span class='ocrx_word' id='word_1_309' title='bbox 403 2269 426 2322; x_wconf 92' lang='lat' dir='ltr'><strong>si</strong></span> <span class='ocrx_word' id='word_1_310' title='bbox 447 2278 475 2323; x_wconf 88' lang='lat' dir='ltr'><strong>ct</strong></span> <span class='ocrx_word' id='word_1_311' title='bbox 497 2268 520 2307; x_wconf 83' lang='lat'><strong>¹²</strong></span> <span class='ocrx_word' id='word_1_312' title='bbox 539 2278 641 2325; x_wconf 78' lang='lat' dir='ltr'><strong>naturae</strong></span> <span class='ocrx_word' id='word_1_313' title='bbox 667 2270 784 2326; x_wconf 92' lang='lat' dir='ltr'><strong>conditio</strong></span> <span class='ocrx_word' id='word_1_314' title='bbox 811 2272 850 2327; x_wconf 91' lang='lat' dir='ltr'><strong>sic</strong></span> <span class='ocrx_word' id='word_1_315' title='bbox 875 2271 925 2328; x_wconf 91' lang='lat' dir='ltr'><strong>erit</strong></span> <span class='ocrx_word' id='word_1_316' title='bbox 977 2268 1083 2333; x_wconf 86' lang='lat' dir='ltr'><strong>stabile,</strong></span> <span class='ocrx_word' id='word_1_317' title='bbox 1114 2269 1142 2323; x_wconf 94' lang='lat' dir='ltr'><strong>in</strong></span> <span class='ocrx_word' id='word_1_318' title='bbox 1179 2275 1250 2323; x_wconf 90' lang='lat' dir='ltr'><strong>terra</strong></span> <span class='ocrx_word' id='word_1_319' title='bbox 1279 2266 1379 2323; x_wconf 85' lang='lat' dir='ltr'><strong>vermis</strong></span> <span class='ocrx_word' id='word_1_320' title='bbox 1408 2268 1492 2322; x_wconf 89' lang='lat' dir='ltr'><strong>instar</strong></span> <span class='ocrx_word' id='word_1_321' title='bbox 1520 2265 1680 2337; x_wconf 88' lang='lat' dir='ltr'><strong>palpitasse,</strong></span> <span class='ocrx_word' id='word_1_322' title='bbox 1705 2261 1772 2335; x_wconf 88' lang='lat' dir='ltr'><strong>quod</strong></span> 
     </span>
     <span class='ocr_line' id='line_1_41' title="bbox 129 2351 1773 2427; baseline -0.003 -16"><span class='ocrx_word' id='word_1_323' title='bbox 129 2354 292 2420; x_wconf 85' lang='lat' dir='ltr'><strong>definienda,</strong></span> <span class='ocrx_word' id='word_1_324' title='bbox 315 2366 344 2411; x_wconf 91' lang='lat' dir='ltr'><strong>ut</strong></span> <span class='ocrx_word' id='word_1_325' title='bbox 359 2356 458 2427; x_wconf 80' lang='lat' dir='ltr'><strong>duplex</strong></span> <span class='ocrx_word' id='word_1_326' title='bbox 473 2356 675 2427; x_wconf 90' lang='lat' dir='ltr'><strong>determinetur,</strong></span> <span class='ocrx_word' id='word_1_327' title='bbox 695 2366 818 2414; x_wconf 88' lang='lat' dir='ltr'><strong>naturum</strong></span> <span class='ocrx_word' id='word_1_328' title='bbox 838 2369 865 2416; x_wconf 91' lang='lat' dir='ltr'><strong>et</strong></span> <span class='ocrx_word' id='word_1_329' title='bbox 882 2359 925 2415; x_wconf 92' lang='lat' dir='ltr'><strong>in·</strong></span> <span class='ocrx_word' id='word_1_330' title='bbox 977 2355 1140 2414; x_wconf 89' lang='lat' dir='ltr'><strong>consistendi</strong></span> <span class='ocrx_word' id='word_1_331' title='bbox 1155 2357 1225 2412; x_wconf 87' lang='lat' dir='ltr'><strong>vires</strong></span> <span class='ocrx_word' id='word_1_332' title='bbox 1247 2356 1391 2422; x_wconf 72' lang='lat' dir='ltr'><strong>deessent,</strong></span> <span class='ocrx_word' id='word_1_333' title='bbox 1412 2355 1509 2410; x_wconf 89' lang='lat' dir='ltr'><strong>dehinc</strong></span> <span class='ocrx_word' id='word_1_334' title='bbox 1532 2370 1565 2410; x_wconf 87' lang='lat' dir='ltr'><strong>ex</strong></span> <span class='ocrx_word' id='word_1_335' title='bbox 1590 2351 1773 2409; x_wconf 83' lang='lat' dir='ltr'><strong>misericordia</strong></span> 
     </span>
     <span class='ocr_line' id='line_1_42' title="bbox 129 2441 1772 2518; baseline -0.003 -20"><span class='ocrx_word' id='word_1_336' title='bbox 129 2451 263 2515; x_wconf 89' lang='lat' dir='ltr'><strong>natorum,</strong></span> <span class='ocrx_word' id='word_1_337' title='bbox 279 2442 411 2500; x_wconf 81' lang='lat' dir='ltr'><strong>factorum</strong></span> <span class='ocrx_word' id='word_1_338' title='bbox 427 2453 453 2500; x_wconf 89' lang='lat' dir='ltr'><strong>et</strong></span> <span class='ocrx_word' id='word_1_339' title='bbox 477 2443 663 2501; x_wconf 77' lang='lat' dir='ltr'><strong>infectorum?</strong></span> <span class='ocrx_word' id='word_1_340' title='bbox 685 2447 776 2518; x_wconf 82' lang='lat' dir='ltr'><strong>Atque</strong></span> <span class='ocrx_word' id='word_1_341' title='bbox 795 2448 830 2501; x_wconf 84' lang='lat' dir='ltr'><strong>ita</strong></span> <span class='ocrx_word' id='word_1_342' title='bbox 851 2447 924 2518; x_wconf 89' lang='lat' dir='ltr'><strong>quod</strong></span> <span class='ocrx_word' id='word_1_343' title='bbox 977 2462 1090 2503; x_wconf 85' lang='lat' dir='ltr'><strong>summae</strong></span> <span class='ocrx_word' id='word_1_344' title='bbox 1119 2446 1267 2514; x_wconf 83' lang='lat' dir='ltr'><strong>potestatis,</strong></span> <span class='ocrx_word' id='word_1_345' title='bbox 1295 2445 1328 2499; x_wconf 88' lang='lat' dir='ltr'><strong>ad</strong></span> <span class='ocrx_word' id='word_1_346' title='bbox 1357 2445 1435 2513; x_wconf 75' lang='lat' dir='ltr'><strong>cuius</strong></span> <span class='ocrx_word' id='word_1_347' title='bbox 1459 2441 1589 2515; x_wconf 80' lang='lat' dir='ltr'><strong>effigiem,</strong></span> <span class='ocrx_word' id='word_1_348' title='bbox 1615 2457 1668 2498; x_wconf 90' lang='lat' dir='ltr'><strong>nec</strong></span> <span class='ocrx_word' id='word_1_349' title='bbox 1691 2450 1772 2497; x_wconf 69' lang='lat' dir='ltr'><strong>umen</strong></span> 
     </span>
     <span class='ocr_line' id='line_1_43' title="bbox 130 2527 1772 2607; baseline 0 -21"><span class='ocrx_word' id='word_1_350' title='bbox 130 2539 221 2586; x_wconf 90' lang='lat' dir='ltr'><strong>natum</strong></span> <span class='ocrx_word' id='word_1_351' title='bbox 237 2530 561 2603; x_wconf 80' lang='lat' dir='ltr'><strong>factumqueconstiterit,</strong></span> <span class='ocrx_word' id='word_1_352' title='bbox 578 2533 638 2603; x_wconf 89' lang='lat' dir='ltr'><strong>ejus</strong></span> <span class='ocrx_word' id='word_1_353' title='bbox 653 2546 747 2589; x_wconf 91' lang='lat' dir='ltr'><strong>natura</strong></span> <span class='ocrx_word' id='word_1_354' title='bbox 768 2537 856 2604; x_wconf 87' lang='lat' dir='ltr'><strong>capIet</strong></span> <span class='ocrx_word' id='word_1_355' title='bbox 878 2535 925 2591; x_wconf 91' lang='lat' dir='ltr'><strong>de-</strong></span> <span class='ocrx_word' id='word_1_356' title='bbox 977 2535 1055 2606; x_wconf 89' lang='lat' dir='ltr'><strong>plenc</strong></span> <span class='ocrx_word' id='word_1_357' title='bbox 1078 2542 1371 2607; x_wconf 87' lang='lat' dir='ltr'><strong>perspectam,temerc</strong></span> <span class='ocrx_word' id='word_1_358' title='bbox 1394 2541 1514 2588; x_wconf 88' lang='lat' dir='ltr'><strong>structus</strong></span> <span class='ocrx_word' id='word_1_359' title='bbox 1538 2531 1646 2600; x_wconf 87' lang='lat' dir='ltr'><strong>luisset,</strong></span> <span class='ocrx_word' id='word_1_360' title='bbox 1672 2527 1772 2587; x_wconf 86' lang='lat' dir='ltr'><strong>scintil-</strong></span> 
     </span>
     <span class='ocr_line' id='line_1_44' title="bbox 130 2618 1773 2694; baseline -0.002 -19"><span class='ocrx_word' id='word_1_361' title='bbox 130 2620 329 2678; x_wconf 87' lang='lat' dir='ltr'><strong>mutationem:</strong></span> <span class='ocrx_word' id='word_1_362' title='bbox 346 2620 491 2678; x_wconf 89' lang='lat' dir='ltr'><strong>ctrenasci</strong></span> <span class='ocrx_word' id='word_1_363' title='bbox 510 2621 581 2675; x_wconf 91' lang='lat' dir='ltr'><strong>enim</strong></span> <span class='ocrx_word' id='word_1_364' title='bbox 605 2622 712 2692; x_wconf 87' lang='lat' dir='ltr'><strong>poterit,</strong></span> <span class='ocrx_word' id='word_1_365' title='bbox 734 2632 761 2678; x_wconf 90' lang='lat' dir='ltr'><strong>et</strong></span> <span class='ocrx_word' id='word_1_366' title='bbox 776 2623 859 2678; x_wconf 86' lang='lat' dir='ltr'><strong>refici.</strong></span> <span class='ocrx_word' id='word_1_367' title='bbox 880 2623 924 2679; x_wconf 94' lang='lat' dir='ltr'><strong>ln·</strong></span> <span class='ocrx_word' id='word_1_368' title='bbox 978 2623 1059 2678; x_wconf 85' lang='lat' dir='ltr'><strong>lolem</strong></span> <span class='ocrx_word' id='word_1_369' title='bbox 1082 2623 1144 2679; x_wconf 80' lang='lat' dir='ltr'><strong>vitae</strong></span> <span class='ocrx_word' id='word_1_370' title='bbox 1168 2632 1353 2689; x_wconf 89' lang='lat' dir='ltr'><strong>consecutum,</strong></span> <span class='ocrx_word' id='word_1_371' title='bbox 1376 2637 1437 2694; x_wconf 80' lang='lat' dir='ltr'><strong>quae</strong></span> <span class='ocrx_word' id='word_1_372' title='bbox 1460 2620 1525 2676; x_wconf 93' lang='lat' dir='ltr'><strong>illud</strong></span> <span class='ocrx_word' id='word_1_373' title='bbox 1553 2618 1724 2676; x_wconf 82' lang='lat' dir='ltr'><strong>exsuscitarit</strong></span> <span class='ocrx_word' id='word_1_374' title='bbox 1749 2625 1773 2672; x_wconf 87' lang='lat' dir='ltr'><strong>et</strong></span> 
     </span>
     <span class='ocr_line' id='line_1_45' title="bbox 129 2709 1772 2782; baseline -0.005 -15"><span class='ocrx_word' id='word_1_375' title='bbox 129 2719 222 2768; x_wconf 88' lang='lat' dir='ltr'><strong>natum</strong></span> <span class='ocrx_word' id='word_1_376' title='bbox 246 2718 333 2766; x_wconf 90' lang='lat' dir='ltr'><strong>eutem</strong></span> <span class='ocrx_word' id='word_1_377' title='bbox 359 2719 387 2765; x_wconf 89' lang='lat' dir='ltr'><strong>et</strong></span> <span class='ocrx_word' id='word_1_378' title='bbox 412 2709 540 2766; x_wconf 88' lang='lat' dir='ltr'><strong>infectum</strong></span> <span class='ocrx_word' id='word_1_379' title='bbox 569 2710 707 2766; x_wconf 75' lang='lat' dir='ltr'><strong>immobile</strong></span> <span class='ocrx_word' id='word_1_380' title='bbox 735 2713 826 2767; x_wconf 89' lang='lat' dir='ltr'><strong>stabit.</strong></span> <span class='ocrx_word' id='word_1_381' title='bbox 846 2711 924 2782; x_wconf 88' lang='lat' dir='ltr'><strong>Quod</strong></span> <span class='ocrx_word' id='word_1_382' title='bbox 978 2711 1104 2773; x_wconf 81' lang='lat' dir='ltr'><strong>erexerit,</strong></span> <span class='ocrx_word' id='word_1_383' title='bbox 1120 2709 1330 2767; x_wconf 88' lang='lat' dir='ltr'><strong>etconstantius</strong></span> <span class='ocrx_word' id='word_1_384' title='bbox 1353 2709 1487 2776; x_wconf 88' lang='lat' dir='ltr'><strong>animarit,</strong></span> <span class='ocrx_word' id='word_1_385' title='bbox 1503 2718 1528 2764; x_wconf 90' lang='lat' dir='ltr'><strong>et</strong></span> <span class='ocrx_word' id='word_1_386' title='bbox 1554 2719 1614 2777; x_wconf 90' lang='lat' dir='ltr'><strong>post</strong></span> <span class='ocrx_word' id='word_1_387' title='bbox 1637 2709 1772 2763; x_wconf 83' lang='lat' dir='ltr'><strong>decessum</strong></span> 
     </span>
     <span class='ocr_line' id='line_1_46' title="bbox 130 2796 1773 2869; baseline -0.004 -13"><span class='ocrx_word' id='word_1_388' title='bbox 130 2815 193 2856; x_wconf 91' lang='lat' dir='ltr'><strong>cum</strong></span> <span class='ocrx_word' id='word_1_389' title='bbox 207 2797 259 2855; x_wconf 90' lang='lat' dir='ltr'><strong>soli</strong></span> <span class='ocrx_word' id='word_1_390' title='bbox 274 2799 331 2854; x_wconf 79' lang='lat' dir='ltr'><strong>ileo</strong></span> <span class='ocrx_word' id='word_1_391' title='bbox 353 2805 498 2869; x_wconf 85' lang='lat' dir='ltr'><strong>competat,</strong></span> <span class='ocrx_word' id='word_1_392' title='bbox 516 2807 545 2853; x_wconf 90' lang='lat' dir='ltr'><strong>ut</strong></span> <span class='ocrx_word' id='word_1_393' title='bbox 568 2796 620 2854; x_wconf 92' lang='lat' dir='ltr'><strong>soli</strong></span> <span class='ocrx_word' id='word_1_394' title='bbox 642 2798 736 2855; x_wconf 85' lang='lat' dir='ltr'><strong>lunato</strong></span> <span class='ocrx_word' id='word_1_395' title='bbox 759 2810 786 2855; x_wconf 91' lang='lat' dir='ltr'><strong>et</strong></span> <span class='ocrx_word' id='word_1_396' title='bbox 812 2800 922 2869; x_wconf 84' lang='lat' dir='ltr'><strong>iulecto,</strong></span> <span class='ocrx_word' id='word_1_397' title='bbox 978 2798 1041 2856; x_wconf 77' lang='lat' dir='ltr'><strong>vitae</strong></span> <span class='ocrx_word' id='word_1_398' title='bbox 1060 2798 1093 2853; x_wconf 92' lang='lat' dir='ltr'><strong>ad</strong></span> <span class='ocrx_word' id='word_1_399' title='bbox 1107 2797 1250 2869; x_wconf 27' lang='lat' dir='ltr'><strong>,amatricem</strong></span> <span class='ocrx_word' id='word_1_400' title='bbox 1272 2799 1388 2856; x_wconf 89' lang='lat' dir='ltr'><strong>relatura</strong></span> <span class='ocrx_word' id='word_1_401' title='bbox 1407 2801 1452 2854; x_wconf 90' lang='lat' dir='ltr'><strong>sit.</strong></span> <span class='ocrx_word' id='word_1_402' title='bbox 1476 2798 1579 2855; x_wconf 87' lang='lat' dir='ltr'><strong>Sedet</strong></span> <span class='ocrx_word' id='word_1_403' title='bbox 1602 2796 1773 2868; x_wconf 85' lang='lat' dir='ltr'><strong>Carpocrates</strong></span> 
     </span>
     <span class='ocr_line' id='line_1_47' title="bbox 132 2882 1773 2960; baseline -0.002 -16"><span class='ocrx_word' id='word_1_404' title='bbox 132 2886 282 2944; x_wconf 89' lang='lat' dir='ltr'><strong>etidcirco</strong></span> <span class='ocrx_word' id='word_1_405' title='bbox 314 2885 461 2942; x_wconf 90' lang='lat' dir='ltr'><strong>immortali</strong></span> <span class='ocrx_word' id='word_1_406' title='bbox 484 2895 511 2943; x_wconf 88' lang='lat' dir='ltr'><strong>et</strong></span> <span class='ocrx_word' id='word_1_407' title='bbox 533 2885 743 2959; x_wconf 86' lang='lat' dir='ltr'><strong>inconvertibili,</strong></span> <span class='ocrx_word' id='word_1_408' title='bbox 775 2888 926 2946; x_wconf 87' lang='lat' dir='ltr'><strong>absolutum</strong></span> <span class='ocrx_word' id='word_1_409' title='bbox 981 2889 1146 2946; x_wconf 88' lang='lat' dir='ltr'><strong>tantumdem</strong></span> <span class='ocrx_word' id='word_1_410' title='bbox 1161 2886 1212 2942; x_wconf 90' lang='lat' dir='ltr'><strong>sibi</strong></span> <span class='ocrx_word' id='word_1_411' title='bbox 1228 2888 1261 2944; x_wconf 90' lang='lat' dir='ltr'><strong>de</strong></span> <span class='ocrx_word' id='word_1_412' title='bbox 1275 2887 1462 2960; x_wconf 90' lang='lat' dir='ltr'><strong>superioribus</strong></span> <span class='ocrx_word' id='word_1_413' title='bbox 1485 2886 1615 2951; x_wconf 89' lang='lat' dir='ltr'><strong>vindicat,</strong></span> <span class='ocrx_word' id='word_1_414' title='bbox 1641 2895 1671 2941; x_wconf 92' lang='lat' dir='ltr'><strong>ut</strong></span> <span class='ocrx_word' id='word_1_415' title='bbox 1694 2882 1773 2940; x_wconf 90' lang='lat' dir='ltr'><strong>disci·</strong></span> 
     </span>
    </p>
   </div>
   <div class='ocr_carea' id='block_1_9' title="bbox 130 2972 1775 3138">
    <p class='ocr_par' dir='ltr' id='par_1_9' title="bbox 130 2972 1775 3138">
     <span class='ocr_line' id='line_1_48' title="bbox 130 2972 1773 3074; baseline -0.002 -42"><span class='ocrx_word' id='word_1_416' title='bbox 130 2983 181 3046; x_wconf 90' lang='lat' dir='ltr'><strong>est,</strong></span> <span class='ocrx_word' id='word_1_417' title='bbox 209 2984 336 3032; x_wconf 76' lang='lat' dir='ltr'><strong>ceterum</strong></span> <span class='ocrx_word' id='word_1_418' title='bbox 373 2972 498 3030; x_wconf 82' lang='lat' dir='ltr'><strong>omnium</strong></span> <span class='ocrx_word' id='word_1_419' title='bbox 530 2983 657 3031; x_wconf 89' lang='lat' dir='ltr'><strong>natorum</strong></span> <span class='ocrx_word' id='word_1_420' title='bbox 690 2986 772 3048; x_wconf 88' lang='lat' dir='ltr'><strong>atque</strong></span> <span class='ocrx_word' id='word_1_421' title='bbox 796 2977 926 3034; x_wconf 85' lang='lat' dir='ltr'><strong>lectorum</strong></span> <span class='ocrx_word' id='word_1_422' title='bbox 943 2995 965 3074; x_wconf 65' lang='lat' dir='ltr'>e</span> <span class='ocrx_word' id='word_1_423' title='bbox 981 2979 1225 3049; x_wconf 69' lang='lat' dir='ltr'><strong>pulicjusanimas</strong></span> <span class='ocrx_word' id='word_1_424' title='bbox 1247 2993 1309 3033; x_wconf 91' lang='lat' dir='ltr'><strong>snae</strong></span> <span class='ocrx_word' id='word_1_425' title='bbox 1329 2978 1428 3044; x_wconf 87' lang='lat' dir='ltr'><strong>jamet</strong></span> <span class='ocrx_word' id='word_1_426' title='bbox 1444 2975 1561 3041; x_wconf 87' lang='lat' dir='ltr'><strong>Christo,</strong></span> <span class='ocrx_word' id='word_1_427' title='bbox 1587 2975 1691 3029; x_wconf 88' lang='lat' dir='ltr'><strong>nedum</strong></span> <span class='ocrx_word' id='word_1_428' title='bbox 1712 2987 1773 3044; x_wconf 92' lang='lat' dir='ltr'><strong>apo·</strong></span> 
     </span>
     <span class='ocr_line' id='line_1_49' title="bbox 131 3062 1775 3138; baseline -0.002 -19"><span class='ocrx_word' id='word_1_429' title='bbox 131 3062 332 3120; x_wconf 88' lang='lat' dir='ltr'><strong>convertibilem</strong></span> <span class='ocrx_word' id='word_1_430' title='bbox 361 3073 388 3119; x_wconf 92' lang='lat' dir='ltr'><strong>et</strong></span> <span class='ocrx_word' id='word_1_431' title='bbox 414 3063 604 3119; x_wconf 89' lang='lat' dir='ltr'><strong>demutabilem</strong></span> <span class='ocrx_word' id='word_1_432' title='bbox 632 3080 692 3120; x_wconf 90' lang='lat' dir='ltr'><strong>esse</strong></span> <span class='ocrx_word' id='word_1_433' title='bbox 720 3072 864 3133; x_wconf 88' lang='lat' dir='ltr'><strong>naturam;</strong></span> <span class='ocrx_word' id='word_1_434' title='bbox 898 3073 929 3123; x_wconf 88' lang='lat' dir='ltr'><strong>ut</strong></span> <span class='ocrx_word' id='word_1_435' title='bbox 981 3069 1068 3136; x_wconf 79' lang='lat' dir='ltr'><strong>stolis,</strong></span> <span class='ocrx_word' id='word_1_436' title='bbox 1083 3075 1110 3123; x_wconf 91' lang='lat' dir='ltr'><strong>et</strong></span> <span class='ocrx_word' id='word_1_437' title='bbox 1126 3078 1290 3138; x_wconf 76' lang='lat' dir='ltr'><strong>peraequent,</strong></span> <span class='ocrx_word' id='word_1_438' title='bbox 1306 3073 1333 3121; x_wconf 90' lang='lat' dir='ltr'><strong>et</strong></span> <span class='ocrx_word' id='word_1_439' title='bbox 1346 3080 1407 3120; x_wconf 92' lang='lat' dir='ltr'><strong>cum</strong></span> <span class='ocrx_word' id='word_1_440' title='bbox 1419 3065 1515 3119; x_wconf 90' lang='lat' dir='ltr'><strong>volunt</strong></span> <span class='ocrx_word' id='word_1_441' title='bbox 1532 3062 1775 3133; x_wconf 74' lang='lat' dir='ltr'><strong>praeleran13qnu</strong></span> 
     </span>
    </p>
   </div>
   <div class='ocr_carea' id='block_1_10' title="bbox 131 3151 929 3754">
    <p class='ocr_par' dir='ltr' id='par_1_10' title="bbox 131 3151 929 3754">
     <span class='ocr_line' id='line_1_50' title="bbox 131 3151 926 3220; baseline 0.004 -12"><span class='ocrx_word' id='word_1_442' title='bbox 131 3153 183 3208; x_wconf 88' lang='lat' dir='ltr'><strong>etsi</strong></span> <span class='ocrx_word' id='word_1_443' title='bbox 207 3152 312 3207; x_wconf 89' lang='lat' dir='ltr'><strong>trinitas</strong></span> <span class='ocrx_word' id='word_1_444' title='bbox 339 3154 436 3206; x_wconf 84' lang='lat' dir='ltr'><strong>enimae</strong></span> <span class='ocrx_word' id='word_1_445' title='bbox 459 3151 638 3208; x_wconf 88' lang='lat' dir='ltr'><strong>adscribenda</strong></span> <span class='ocrx_word' id='word_1_446' title='bbox 665 3160 747 3220; x_wconf 88' lang='lat' dir='ltr'><strong>esset,</strong></span> <span class='ocrx_word' id='word_1_447' title='bbox 774 3170 807 3210; x_wconf 88' lang='lat' dir='ltr'><strong>cx</strong></span> <span class='ocrx_word' id='word_1_448' title='bbox 839 3163 926 3210; x_wconf 91' lang='lat' dir='ltr'><strong>muta-</strong></span> 
     </span>
     <span class='ocr_line' id='line_1_51' title="bbox 133 3237 929 3314; baseline 0.004 -19"><span class='ocrx_word' id='word_1_449' title='bbox 133 3240 206 3296; x_wconf 88' lang='lat' dir='ltr'><strong>tione</strong></span> <span class='ocrx_word' id='word_1_450' title='bbox 221 3237 391 3304; x_wconf 77' lang='lat' dir='ltr'><strong>accidentiae,</strong></span> <span class='ocrx_word' id='word_1_451' title='bbox 405 3253 459 3294; x_wconf 93' lang='lat' dir='ltr'><strong>non</strong></span> <span class='ocrx_word' id='word_1_452' title='bbox 475 3253 508 3293; x_wconf 82' lang='lat' dir='ltr'><strong>ex</strong></span> <span class='ocrx_word' id='word_1_453' title='bbox 527 3237 698 3295; x_wconf 88' lang='lat' dir='ltr'><strong>institutione</strong></span> <span class='ocrx_word' id='word_1_454' title='bbox 720 3247 821 3295; x_wconf 83' lang='lat' dir='ltr'><strong>natnrae</strong></span> <span class='ocrx_word' id='word_1_455' title='bbox 844 3243 929 3314; x_wconf 91' lang='lat' dir='ltr'><strong>depu-</strong></span> 
     </span>
     <span class='ocr_line' id='line_1_52' title="bbox 132 3334 244 3385; baseline -0.018 0"><span class='ocrx_word' id='word_1_456' title='bbox 132 3334 244 3385; x_wconf 80' lang='lat' dir='ltr'><strong>teretur.</strong></span> 
     </span>
     <span class='ocr_line' id='line_1_53' title="bbox 416 3414 645 3471; baseline -0.004 0"><span class='ocrx_word' id='word_1_457' title='bbox 416 3414 534 3471; x_wconf 81' lang='lat' dir='ltr'>CAPUT</span> <span class='ocrx_word' id='word_1_458' title='bbox 554 3415 645 3471; x_wconf 87' lang='lat' dir='ltr'>XXII.</span> 
     </span>
     <span class='ocr_line' id='line_1_54' title="bbox 167 3502 927 3575; baseline 0.001 -14"><span class='ocrx_word' id='word_1_459' title='bbox 167 3505 270 3564; x_wconf 78' lang='lat' dir='ltr'><strong>Cetera</strong></span> <span class='ocrx_word' id='word_1_460' title='bbox 283 3504 380 3562; x_wconf 78' lang='lat' dir='ltr'><strong>animae</strong></span> <span class='ocrx_word' id='word_1_461' title='bbox 395 3503 593 3575; x_wconf 87' lang='lat' dir='ltr'><strong>naturaliajam</strong></span> <span class='ocrx_word' id='word_1_462' title='bbox 616 3521 632 3560; x_wconf 87' lang='lat' dir='ltr'><strong>a</strong></span> <span class='ocrx_word' id='word_1_463' title='bbox 655 3502 732 3560; x_wconf 91' lang='lat' dir='ltr'><strong>nobis</strong></span> <span class='ocrx_word' id='word_1_464' title='bbox 754 3503 838 3561; x_wconf 91' lang='lat' dir='ltr'><strong>audiit</strong></span> <span class='ocrx_word' id='word_1_465' title='bbox 856 3506 927 3562; x_wconf 89' lang='lat' dir='ltr'><strong>Her-</strong></span> 
     </span>
     <span class='ocr_line' id='line_1_55' title="bbox 132 3592 928 3669; baseline 0.004 -19"><span class='ocrx_word' id='word_1_466' title='bbox 132 3610 270 3669; x_wconf 86' lang='lat' dir='ltr'><strong>mogenes,</strong></span> <span class='ocrx_word' id='word_1_467' title='bbox 299 3609 361 3650; x_wconf 91' lang='lat' dir='ltr'><strong>cum</strong></span> <span class='ocrx_word' id='word_1_468' title='bbox 388 3595 506 3664; x_wconf 85' lang='lat' dir='ltr'><strong>Ipsorum</strong></span> <span class='ocrx_word' id='word_1_469' title='bbox 533 3592 692 3649; x_wconf 83' lang='lat' dir='ltr'><strong>defensione</strong></span> <span class='ocrx_word' id='word_1_470' title='bbox 724 3601 751 3648; x_wconf 93' lang='lat' dir='ltr'><strong>ct</strong></span> <span class='ocrx_word' id='word_1_471' title='bbox 770 3594 928 3665; x_wconf 89' lang='lat' dir='ltr'><strong>probatione</strong></span> 
     </span>
     <span class='ocr_line' id='line_1_56' title="bbox 135 3676 926 3754; baseline 0.003 -16"><span class='ocrx_word' id='word_1_472' title='bbox 135 3699 182 3754; x_wconf 91' lang='lat' dir='ltr'><strong>per</strong></span> <span class='ocrx_word' id='word_1_473' title='bbox 195 3699 256 3754; x_wconf 85' lang='lat' dir='ltr'><strong>qnae</strong></span> <span class='ocrx_word' id='word_1_474' title='bbox 272 3676 320 3738; x_wconf 82' lang='lat' dir='ltr'><strong>[tet</strong></span> <span class='ocrx_word' id='word_1_475' title='bbox 342 3682 530 3753; x_wconf 89' lang='lat' dir='ltr'><strong>potiusquam</strong></span> <span class='ocrx_word' id='word_1_476' title='bbox 555 3680 674 3737; x_wconf 85' lang='lat' dir='ltr'><strong>materiae</strong></span> <span class='ocrx_word' id='word_1_477' title='bbox 697 3682 871 3754; x_wconf 78' lang='lat' dir='ltr'><strong>cognoscitur</strong></span> <span class='ocrx_word' id='word_1_478' title='bbox 894 3683 926 3740; x_wconf 82' lang='lat'><strong>¹³.</strong></span> 
     </span>
    </p>
   </div>
   <div class='ocr_carea' id='block_1_11' title="bbox 980 3151 1774 3758">
    <p class='ocr_par' dir='ltr' id='par_1_11' title="bbox 980 3151 1774 3758">
     <span class='ocr_line' id='line_1_57' title="bbox 981 3151 1774 3227; baseline -0.005 -16"><span class='ocrx_word' id='word_1_479' title='bbox 981 3156 1140 3227; x_wconf 89' lang='lat' dir='ltr'><strong>perindede</strong></span> <span class='ocrx_word' id='word_1_480' title='bbox 1161 3155 1270 3211; x_wconf 88' lang='lat' dir='ltr'><strong>sublimi</strong></span> <span class='ocrx_word' id='word_1_481' title='bbox 1285 3154 1381 3210; x_wconf 79' lang='lat' dir='ltr'><strong>virtute</strong></span> <span class='ocrx_word' id='word_1_482' title='bbox 1404 3151 1588 3223; x_wconf 87' lang='lat' dir='ltr'><strong>conceperint,</strong></span> <span class='ocrx_word' id='word_1_483' title='bbox 1612 3151 1774 3222; x_wconf 87' lang='lat' dir='ltr'><strong>despectrice</strong></span> 
     </span>
     <span class='ocr_line' id='line_1_58' title="bbox 980 3239 1773 3316; baseline -0.009 -16"><span class='ocrx_word' id='word_1_484' title='bbox 980 3243 1073 3300; x_wconf 74' lang='lat' dir='ltr'><strong>usundi</strong></span> <span class='ocrx_word' id='word_1_485' title='bbox 1089 3244 1237 3316; x_wconf 89' lang='lat' dir='ltr'><strong>potentium</strong></span> <span class='ocrx_word' id='word_1_486' title='bbox 1257 3241 1465 3315; x_wconf 86' lang='lat' dir='ltr'><strong>principatuum.</strong></span> <span class='ocrx_word' id='word_1_487' title='bbox 1489 3240 1600 3312; x_wconf 77' lang='lat' dir='ltr'><strong>Apelles</strong></span> <span class='ocrx_word' id='word_1_488' title='bbox 1622 3239 1773 3298; x_wconf 87' lang='lat' dir='ltr'><strong>sollicitatas</strong></span> 
     </span>
     <span class='ocr_line' id='line_1_59' title="bbox 982 3328 1772 3399; baseline -0.003 -13"><span class='ocrx_word' id='word_1_489' title='bbox 982 3333 1063 3388; x_wconf 89' lang='lat' dir='ltr'><strong>rciert</strong></span> <span class='ocrx_word' id='word_1_490' title='bbox 1075 3331 1177 3387; x_wconf 85' lang='lat' dir='ltr'><strong>animas</strong></span> <span class='ocrx_word' id='word_1_491' title='bbox 1192 3331 1305 3389; x_wconf 88' lang='lat' dir='ltr'><strong>terrenis</strong></span> <span class='ocrx_word' id='word_1_492' title='bbox 1324 3330 1392 3385; x_wconf 88' lang='lat' dir='ltr'><strong>escis</strong></span> <span class='ocrx_word' id='word_1_493' title='bbox 1414 3329 1448 3385; x_wconf 92' lang='lat' dir='ltr'><strong>de</strong></span> <span class='ocrx_word' id='word_1_494' title='bbox 1469 3328 1711 3399; x_wconf 74' lang='lat' dir='ltr'><strong>supercoelestibus</strong></span> <span class='ocrx_word' id='word_1_495' title='bbox 1733 3343 1772 3384; x_wconf 89' lang='lat' dir='ltr'><strong>se·</strong></span> 
     </span>
     <span class='ocr_line' id='line_1_60' title="bbox 982 3414 1773 3493; baseline -0.006 -19"><span class='ocrx_word' id='word_1_496' title='bbox 982 3419 1061 3475; x_wconf 90' lang='lat' dir='ltr'><strong>dibus</strong></span> <span class='ocrx_word' id='word_1_497' title='bbox 1074 3419 1107 3474; x_wconf 93' lang='lat' dir='ltr'><strong>ab</strong></span> <span class='ocrx_word' id='word_1_498' title='bbox 1121 3419 1203 3493; x_wconf 89' lang='lat' dir='ltr'><strong>igneo</strong></span> <span class='ocrx_word' id='word_1_499' title='bbox 1221 3419 1320 3490; x_wconf 89' lang='lat' dir='ltr'><strong>angelo</strong></span> <span class='ocrx_word' id='word_1_500' title='bbox 1338 3418 1396 3475; x_wconf 88' lang='lat' dir='ltr'><strong>Deo</strong></span> <span class='ocrx_word' id='word_1_501' title='bbox 1414 3418 1498 3474; x_wconf 91' lang='lat' dir='ltr'><strong>Israel</strong></span> <span class='ocrx_word' id='word_1_502' title='bbox 1515 3416 1537 3456; x_wconf 84' lang='lat'><strong>¹¹</strong></span> <span class='ocrx_word' id='word_1_503' title='bbox 1561 3424 1589 3472; x_wconf 90' lang='lat' dir='ltr'><strong>et</strong></span> <span class='ocrx_word' id='word_1_504' title='bbox 1612 3426 1718 3483; x_wconf 91' lang='lat' dir='ltr'><strong>nostro,</strong></span> <span class='ocrx_word' id='word_1_505' title='bbox 1733 3414 1773 3489; x_wconf 85' lang='lat' dir='ltr'><strong>qui</strong></span> 
     </span>
     <span class='ocr_line' id='line_1_61' title="bbox 981 3505 1772 3579; baseline -0.004 -14"><span class='ocrx_word' id='word_1_506' title='bbox 981 3511 1080 3566; x_wconf 84' lang='lat' dir='ltr'><strong>exinde</strong></span> <span class='ocrx_word' id='word_1_507' title='bbox 1107 3509 1160 3565; x_wconf 87' lang='lat' dir='ltr'><strong>illie</strong></span> <span class='ocrx_word' id='word_1_508' title='bbox 1196 3507 1370 3579; x_wconf 89' lang='lat' dir='ltr'><strong>peccatricem</strong></span> <span class='ocrx_word' id='word_1_509' title='bbox 1405 3505 1616 3564; x_wconf 84' lang='lat' dir='ltr'><strong>circumfinxerit</strong></span> <span class='ocrx_word' id='word_1_510' title='bbox 1659 3521 1772 3563; x_wconf 86' lang='lat' dir='ltr'><strong>carnem.</strong></span> 
     </span>
     <span class='ocr_line' id='line_1_62' title="bbox 980 3593 1772 3665; baseline -0.008 -11"><span class='ocrx_word' id='word_1_511' title='bbox 980 3598 1101 3654; x_wconf 80' lang='lat' dir='ltr'><strong>Examen</strong></span> <span class='ocrx_word' id='word_1_512' title='bbox 1117 3597 1251 3655; x_wconf 83' lang='lat' dir='ltr'><strong>Valentini</strong></span> <span class='ocrx_word' id='word_1_513' title='bbox 1275 3613 1368 3652; x_wconf 82' lang='lat' dir='ltr'><strong>semen</strong></span> <span class='ocrx_word' id='word_1_514' title='bbox 1394 3594 1504 3665; x_wconf 81' lang='lat' dir='ltr'><strong>Sopbiae</strong></span> <span class='ocrx_word' id='word_1_515' title='bbox 1533 3593 1639 3650; x_wconf 88' lang='lat' dir='ltr'><strong>inlulcit</strong></span> <span class='ocrx_word' id='word_1_516' title='bbox 1665 3595 1772 3657; x_wconf 80' lang='lat' dir='ltr'><strong>anima,</strong></span> 
     </span>
     <span class='ocr_line' id='line_1_63' title="bbox 981 3682 1773 3758; baseline -0.005 -16"><span class='ocrx_word' id='word_1_517' title='bbox 981 3703 1031 3758; x_wconf 92' lang='lat' dir='ltr'><strong>pcr</strong></span> <span class='ocrx_word' id='word_1_518' title='bbox 1049 3687 1121 3757; x_wconf 87' lang='lat' dir='ltr'><strong>quod</strong></span> <span class='ocrx_word' id='word_1_519' title='bbox 1145 3685 1271 3743; x_wconf 89' lang='lat' dir='ltr'><strong>historias</strong></span> <span class='ocrx_word' id='word_1_520' title='bbox 1288 3695 1366 3757; x_wconf 80' lang='lat' dir='ltr'><strong>atque</strong></span> <span class='ocrx_word' id='word_1_521' title='bbox 1395 3686 1419 3724; x_wconf 85' lang='lat'><strong>¹¹</strong></span> <span class='ocrx_word' id='word_1_522' title='bbox 1445 3682 1564 3741; x_wconf 87' lang='lat' dir='ltr'><strong>milesias</strong></span> <span class='ocrx_word' id='word_1_523' title='bbox 1587 3684 1645 3754; x_wconf 75' lang='lat' dir='ltr'><strong>(ta)</strong></span> <span class='ocrx_word' id='word_1_524' title='bbox 1666 3684 1773 3740; x_wconf 82' lang='lat' dir='ltr'><strong>AEonun</strong></span> 
     </span>
    </p>
   </div>
   <div class='ocr_carea' id='block_1_12' title="bbox 821 3778 1089 3847">
    <p class='ocr_par' dir='ltr' id='par_1_12' title="bbox 821 3778 1089 3847">
     <span class='ocr_line' id='line_1_64' title="bbox 821 3778 1089 3847; baseline 0.019 -5"><span class='ocrx_word' id='word_1_525' title='bbox 821 3778 916 3844; x_wconf 84' lang='lat' dir='ltr'><strong>Variae</strong></span> <span class='ocrx_word' id='word_1_526' title='bbox 933 3785 1089 3847; x_wconf 83' lang='lat' dir='ltr'><strong>lectiones.</strong></span> 
     </span>
    </p>
   </div>
   <div class='ocr_carea' id='block_1_13' title="bbox 135 3883 1773 4036">
    <p class='ocr_par' dir='ltr' id='par_1_13' title="bbox 135 3883 1773 4036">
     <span class='ocr_line' id='line_1_65' title="bbox 171 3883 1773 3961; baseline 0.002 -21"><span class='ocrx_word' id='word_1_527' title='bbox 171 3885 193 3923; x_wconf 89' lang='lat'><strong>¹¹</strong></span> <span class='ocrx_word' id='word_1_528' title='bbox 208 3884 242 3940; x_wconf 85' lang='lat' dir='ltr'><strong>Et</strong></span> <span class='ocrx_word' id='word_1_529' title='bbox 252 3885 317 3940; x_wconf 86' lang='lat' dir='ltr'><strong>add.</strong></span> <span class='ocrx_word' id='word_1_530' title='bbox 333 3884 421 3940; x_wconf 81' lang='lat' dir='ltr'><strong>libem.</strong></span> <span class='ocrx_word' id='word_1_531' title='bbox 443 3883 528 3942; x_wconf 85' lang='lat' dir='ltr'><strong>Semi.</strong></span> <span class='ocrx_word' id='word_1_532' title='bbox 541 3884 564 3921; x_wconf 84' lang='grc'><strong>11</strong></span> <span class='ocrx_word' id='word_1_533' title='bbox 577 3883 611 3938; x_wconf 87' lang='lat' dir='ltr'><strong>Et</strong></span> <span class='ocrx_word' id='word_1_534' title='bbox 624 3885 718 3942; x_wconf 82' lang='lat' dir='ltr'><strong>omitt.</strong></span> <span class='ocrx_word' id='word_1_535' title='bbox 728 3883 811 3942; x_wconf 73' lang='lat' dir='ltr'><strong>semi.</strong></span> <span class='ocrx_word' id='word_1_536' title='bbox 829 3887 915 3944; x_wconf 74' lang='lat' dir='ltr'><strong>libem.</strong></span> <span class='ocrx_word' id='word_1_537' title='bbox 933 3888 957 3928; x_wconf 82' lang='lat'><strong>¹³</strong></span> <span class='ocrx_word' id='word_1_538' title='bbox 971 3890 1016 3947; x_wconf 85' lang='lat' dir='ltr'><strong>Sic</strong></span> <span class='ocrx_word' id='word_1_539' title='bbox 1031 3891 1073 3949; x_wconf 88' lang='lat' dir='ltr'><strong>cd.</strong></span> <span class='ocrx_word' id='word_1_540' title='bbox 1084 3892 1167 3949; x_wconf 86' lang='lat' dir='ltr'><strong>Prior</strong></span> <span class='ocrx_word' id='word_1_541' title='bbox 1193 3895 1220 3947; x_wconf 86' lang='lat' dir='ltr'><strong>et</strong></span> <span class='ocrx_word' id='word_1_542' title='bbox 1236 3893 1327 3949; x_wconf 80' lang='lat' dir='ltr'><strong>Vmet.</strong></span> <span class='ocrx_word' id='word_1_543' title='bbox 1337 3888 1455 3946; x_wconf 83' lang='lat' dir='ltr'><strong>liuteriae</strong></span> <span class='ocrx_word' id='word_1_544' title='bbox 1470 3888 1620 3960; x_wconf 85' lang='lat' dir='ltr'><strong>propinqua</strong></span> <span class='ocrx_word' id='word_1_545' title='bbox 1635 3886 1773 3961; x_wconf 84' lang='lat' dir='ltr'><strong>cognosci·</strong></span> 
     </span>
     <span class='ocr_line' id='line_1_66' title="bbox 135 3955 1772 4036; baseline 0.002 -25"><span class='ocrx_word' id='word_1_546' title='bbox 135 3963 179 4012; x_wconf 93' lang='lat' dir='ltr'><strong>tur</strong></span> <span class='ocrx_word' id='word_1_547' title='bbox 191 3971 235 4025; x_wconf 91' lang='lat' dir='ltr'><strong>ap.</strong></span> <span class='ocrx_word' id='word_1_548' title='bbox 252 3957 332 4010; x_wconf 85' lang='lat' dir='ltr'><strong>Pom.</strong></span> <span class='ocrx_word' id='word_1_549' title='bbox 344 3956 428 4012; x_wconf 88' lang='lat' dir='ltr'><strong>Semi.</strong></span> <span class='ocrx_word' id='word_1_550' title='bbox 443 3955 487 4013; x_wconf 83' lang='lat' dir='ltr'><strong>ct.</strong></span> <span class='ocrx_word' id='word_1_551' title='bbox 506 3955 528 3992; x_wconf 87' lang='grc'><strong>11</strong></span> <span class='ocrx_word' id='word_1_552' title='bbox 543 3957 625 4013; x_wconf 80' lang='lat' dir='ltr'><strong>Forte</strong></span> <span class='ocrx_word' id='word_1_553' title='bbox 642 3962 677 4025; x_wconf 90' lang='lat' dir='ltr'><strong>et,</strong></span> <span class='ocrx_word' id='word_1_554' title='bbox 686 3972 738 4028; x_wconf 89' lang='lat' dir='ltr'><strong>pro</strong></span> <span class='ocrx_word' id='word_1_555' title='bbox 749 3971 781 4012; x_wconf 83' lang='lat' dir='ltr'><strong>cx</strong></span> <span class='ocrx_word' id='word_1_556' title='bbox 797 3957 863 4013; x_wconf 79' lang='lat' dir='ltr'><strong>lidd.</strong></span> <span class='ocrx_word' id='word_1_557' title='bbox 883 3959 905 3997; x_wconf 87' lang='lat'><strong>¹⁵</strong></span> <span class='ocrx_word' id='word_1_558' title='bbox 919 3959 1070 4032; x_wconf 78' lang='lat' dir='ltr'><strong>Sapientem</strong></span> <span class='ocrx_word' id='word_1_559' title='bbox 1082 3965 1142 4036; x_wconf 81' lang='lat' dir='ltr'><strong>llig.</strong></span> <span class='ocrx_word' id='word_1_560' title='bbox 1164 3964 1223 4020; x_wconf 76' lang='lat' dir='ltr'><strong>I&#39;cn.</strong></span> <span class='ocrx_word' id='word_1_561' title='bbox 1240 3962 1263 4001; x_wconf 76' lang='grc'><strong>11</strong></span> <span class='ocrx_word' id='word_1_562' title='bbox 1276 3960 1429 4018; x_wconf 75' lang='lat' dir='ltr'><strong>decidentis</strong></span> <span class='ocrx_word' id='word_1_563' title='bbox 1440 3963 1526 4016; x_wconf 81' lang='lat' dir='ltr'><strong>Fron.</strong></span> <span class='ocrx_word' id='word_1_564' title='bbox 1539 3959 1561 3999; x_wconf 85' lang='lat'><strong>¹¹</strong></span> <span class='ocrx_word' id='word_1_565' title='bbox 1576 3960 1686 4015; x_wconf 86' lang='lat' dir='ltr'><strong>Israelis</strong></span> <span class='ocrx_word' id='word_1_566' title='bbox 1700 3961 1772 4016; x_wconf 83' lang='lat' dir='ltr'><strong>Pom</strong></span> 
     </span>
    </p>
   </div>
   <div class='ocr_carea' id='block_1_14' title="bbox 137 4026 609 4099">
    <p class='ocr_par' dir='ltr' id='par_1_14' title="bbox 137 4026 609 4099">
     <span class='ocr_line' id='line_1_67' title="bbox 137 4026 609 4099; baseline -0.008 -15"><span class='ocrx_word' id='word_1_567' title='bbox 137 4027 225 4084; x_wconf 84' lang='lat' dir='ltr'><strong>Ilbcre.</strong></span> <span class='ocrx_word' id='word_1_568' title='bbox 244 4026 267 4064; x_wconf 80' lang='lat'><strong>¹⁸</strong></span> <span class='ocrx_word' id='word_1_569' title='bbox 281 4027 367 4098; x_wconf 85' lang='lat' dir='ltr'><strong>AEquc</strong></span> <span class='ocrx_word' id='word_1_570' title='bbox 382 4027 425 4082; x_wconf 87' lang='lat' dir='ltr'><strong>ecl</strong></span> <span class='ocrx_word' id='word_1_571' title='bbox 435 4041 533 4099; x_wconf 88' lang='lat' dir='ltr'><strong>casque</strong></span> <span class='ocrx_word' id='word_1_572' title='bbox 547 4027 609 4082; x_wconf 81' lang='lat' dir='ltr'><strong>Lot.</strong></span> 
     </span>
    </p>
   </div>
   <div class='ocr_carea' id='block_1_15' title="bbox 171 4125 1405 4328">
    <p class='ocr_par' dir='ltr' id='par_1_15' title="bbox 171 4125 1405 4328">
     <span class='ocr_line' id='line_1_68' title="bbox 835 4125 1086 4193; baseline 0.02 -5"><span class='ocrx_word' id='word_1_573' title='bbox 835 4125 1086 4193; x_wconf 84' lang='lat' dir='ltr'><strong>Commentarius.</strong></span> 
     </span>
     <span class='ocr_line' id='line_1_69' title="bbox 171 4228 1405 4328; baseline 0.002 -40"><span class='ocrx_word' id='word_1_574' title='bbox 171 4233 227 4302; x_wconf 81' lang='grc'>(40)</span> <span class='ocrx_word' id='word_1_575' title='bbox 248 4233 340 4290; x_wconf 78' lang='lat' dir='ltr'><strong>Inesse</strong></span> <span class='ocrx_word' id='word_1_576' title='bbox 358 4233 457 4287; x_wconf 84' lang='lat' dir='ltr'><strong>entem</strong></span> <span class='ocrx_word' id='word_1_577' title='bbox 480 4230 560 4286; x_wconf 83' lang='lat' dir='ltr'><strong>mobis</strong></span> <span class='ocrx_word' id='word_1_578' title='bbox 581 4230 610 4285; x_wconf 77' lang='lat' dir='ltr'><strong>ab</strong></span> <span class='ocrx_word' id='word_1_579' title='bbox 625 4228 790 4293; x_wconf 74' lang='grc' dir='ltr'><strong>αὐτεξούσιον.</strong></span> <span class='ocrx_word' id='word_1_580' title='bbox 806 4232 845 4287; x_wconf 86' lang='lat' dir='ltr'><strong>Ita</strong></span> <span class='ocrx_word' id='word_1_581' title='bbox 860 4233 929 4290; x_wconf 90' lang='lat' dir='ltr'><strong>libe·</strong></span> <span class='ocrx_word' id='word_1_582' title='bbox 946 4251 1081 4328; x_wconf 70' lang='lat' dir='ltr'><strong>numano</strong></span> <span class='ocrx_word' id='word_1_583' title='bbox 1096 4236 1167 4292; x_wconf 89' lang='lat' dir='ltr'><strong>intus</strong></span> <span class='ocrx_word' id='word_1_584' title='bbox 1182 4236 1322 4294; x_wconf 81' lang='lat' dir='ltr'><strong>excitante.</strong></span> <span class='ocrx_word' id='word_1_585' title='bbox 1340 4238 1405 4293; x_wconf 80' lang='lat' dir='ltr'><strong>Lac.</strong></span> 
     </span>
    </p>
   </div>
   <div class='ocr_carea' id='block_1_16' title="bbox 135 4302 934 5152">
    <p class='ocr_par' dir='ltr' id='par_1_16' title="bbox 135 4302 930 4502">
     <span class='ocr_line' id='line_1_70' title="bbox 135 4302 930 4374; baseline -0.001 -15"><span class='ocrx_word' id='word_1_586' title='bbox 135 4320 194 4359; x_wconf 91' lang='lat' dir='ltr'><strong>rum</strong></span> <span class='ocrx_word' id='word_1_587' title='bbox 208 4303 349 4358; x_wconf 91' lang='lat' dir='ltr'><strong>arbitrium</strong></span> <span class='ocrx_word' id='word_1_588' title='bbox 364 4303 433 4372; x_wconf 88' lang='lat' dir='ltr'><strong>apud</strong></span> <span class='ocrx_word' id='word_1_589' title='bbox 451 4302 542 4356; x_wconf 87' lang='lat' dir='ltr'><strong>Patres</strong></span> <span class='ocrx_word' id='word_1_590' title='bbox 562 4309 589 4357; x_wconf 90' lang='lat' dir='ltr'><strong>ct</strong></span> <span class='ocrx_word' id='word_1_591' title='bbox 612 4303 785 4371; x_wconf 82' lang='lat' dir='ltr'><strong>philosophos</strong></span> <span class='ocrx_word' id='word_1_592' title='bbox 810 4304 930 4374; x_wconf 88' lang='lat' dir='ltr'><strong>appelle·</strong></span> 
     </span>
     <span class='ocr_line' id='line_1_71' title="bbox 135 4371 929 4448; baseline -0.001 -19"><span class='ocrx_word' id='word_1_593' title='bbox 135 4382 188 4429; x_wconf 82' lang='lat' dir='ltr'><strong>tur.</strong></span> <span class='ocrx_word' id='word_1_594' title='bbox 199 4375 224 4429; x_wconf 80' lang='lat' dir='ltr'>A</span> <span class='ocrx_word' id='word_1_595' title='bbox 239 4373 406 4428; x_wconf 81' lang='lat' dir='ltr'><strong>Nazianzetto</strong></span> <span class='ocrx_word' id='word_1_596' title='bbox 416 4371 512 4428; x_wconf 85' lang='lat' dir='ltr'><strong>dicitur</strong></span> <span class='ocrx_word' id='word_1_597' title='bbox 521 4373 603 4428; x_wconf 86' lang='lat' dir='ltr'><strong>houm</strong></span> <span class='ocrx_word' id='word_1_598' title='bbox 617 4380 654 4447; x_wconf 78' lang='grc' dir='ltr'><strong>τῷ</strong></span> <span class='ocrx_word' id='word_1_599' title='bbox 665 4371 808 4435; x_wconf 78' lang='grc' dir='ltr'><strong>αὖτεξουσιω</strong></span> <span class='ocrx_word' id='word_1_600' title='bbox 816 4377 929 4448; x_wconf 79' lang='grc' dir='ltr'><strong>τιμηθεὶς,</strong></span> 
     </span>
     <span class='ocr_line' id='line_1_72' title="bbox 137 4444 611 4502; baseline -0.006 -1"><span class='ocrx_word' id='word_1_601' title='bbox 137 4445 347 4502; x_wconf 83' lang='lat' dir='ltr'><strong>liberoorbilrt‘o</strong></span> <span class='ocrx_word' id='word_1_602' title='bbox 364 4446 528 4501; x_wconf 79' lang='lat' dir='ltr'><strong>honoratus.</strong></span> <span class='ocrx_word' id='word_1_603' title='bbox 544 4444 611 4499; x_wconf 82' lang='lat' dir='ltr'><strong>Iac.</strong></span> 
     </span>
    </p>

    <p class='ocr_par' dir='ltr' id='par_1_17' title="bbox 136 4515 934 5152">
     <span class='ocr_line' id='line_1_73' title="bbox 173 4515 933 4588; baseline 0.004 -17"><span class='ocrx_word' id='word_1_604' title='bbox 173 4517 231 4587; x_wconf 84' lang='grc'>(44)</span> <span class='ocrx_word' id='word_1_605' title='bbox 245 4517 283 4571; x_wconf 74' lang='lat' dir='ltr'><strong>st</strong></span> <span class='ocrx_word' id='word_1_606' title='bbox 298 4516 512 4574; x_wconf 80' lang='lat' dir='ltr'><strong>divinationem.</strong></span> <span class='ocrx_word' id='word_1_607' title='bbox 529 4516 631 4585; x_wconf 86' lang='lat' dir='ltr'><strong>Nempe</strong></span> <span class='ocrx_word' id='word_1_608' title='bbox 644 4515 805 4580; x_wconf 88' lang='lat' dir='ltr'><strong>naturalem,</strong></span> <span class='ocrx_word' id='word_1_609' title='bbox 822 4532 869 4572; x_wconf 87' lang='lat' dir='ltr'><strong>seu</strong></span> <span class='ocrx_word' id='word_1_610' title='bbox 885 4534 933 4588; x_wconf 86' lang='lat' dir='ltr'><strong>per</strong></span> 
     </span>
     <span class='ocr_line' id='line_1_74' title="bbox 136 4585 933 4658; baseline 0.004 -17"><span class='ocrx_word' id='word_1_611' title='bbox 136 4586 279 4654; x_wconf 81' lang='lat' dir='ltr'><strong>insomnia,</strong></span> <span class='ocrx_word' id='word_1_612' title='bbox 310 4587 366 4641; x_wconf 80' lang='lat' dir='ltr'><strong>site</strong></span> <span class='ocrx_word' id='word_1_613' title='bbox 395 4603 444 4658; x_wconf 90' lang='lat' dir='ltr'><strong>per</strong></span> <span class='ocrx_word' id='word_1_614' title='bbox 470 4585 536 4641; x_wconf 86' lang='lat' dir='ltr'><strong>alias</strong></span> <span class='ocrx_word' id='word_1_615' title='bbox 564 4586 753 4657; x_wconf 77' lang='lat' dir='ltr'><strong>pruerrotiones.</strong></span> <span class='ocrx_word' id='word_1_616' title='bbox 782 4587 933 4644; x_wconf 87' lang='lat' dir='ltr'><strong>Carneades</strong></span> 
     </span>
     <span class='ocr_line' id='line_1_75' title="bbox 136 4655 933 4729; baseline 0.003 -16"><span class='ocrx_word' id='word_1_617' title='bbox 136 4658 206 4713; x_wconf 92' lang='lat' dir='ltr'><strong>enim</strong></span> <span class='ocrx_word' id='word_1_618' title='bbox 229 4656 374 4729; x_wconf 90' lang='lat' dir='ltr'><strong>disputavit</strong></span> <span class='ocrx_word' id='word_1_619' title='bbox 415 4657 518 4714; x_wconf 88' lang='lat' dir='ltr'><strong>loribus</strong></span> <span class='ocrx_word' id='word_1_620' title='bbox 539 4655 688 4711; x_wconf 81' lang='lat' dir='ltr'><strong>rationibus</strong></span> <span class='ocrx_word' id='word_1_621' title='bbox 710 4658 840 4714; x_wconf 86' lang='lat' dir='ltr'><strong>adversus</strong></span> <span class='ocrx_word' id='word_1_622' title='bbox 861 4659 933 4715; x_wconf 89' lang='lat' dir='ltr'><strong>divi·</strong></span> 
     </span>
     <span class='ocr_line' id='line_1_76' title="bbox 136 4674 934 4800; baseline 0.001 -16"><span class='ocrx_word' id='word_1_623' title='bbox 136 4730 281 4786; x_wconf 89' lang='lat' dir='ltr'><strong>netioncm.</strong></span> <span class='ocrx_word' id='word_1_624' title='bbox 301 4674 481 4785; x_wconf 73' lang='lat' dir='ltr'><strong>Tertuliianus</strong></span> <span class='ocrx_word' id='word_1_625' title='bbox 496 4736 586 4783; x_wconf 91' lang='lat' dir='ltr'><strong>tamen</strong></span> <span class='ocrx_word' id='word_1_626' title='bbox 610 4728 744 4799; x_wconf 79' lang='lat' dir='ltr'><strong>praecipue</strong></span> <span class='ocrx_word' id='word_1_627' title='bbox 763 4736 838 4784; x_wconf 86' lang='lat' dir='ltr'><strong>notat</strong></span> <span class='ocrx_word' id='word_1_628' title='bbox 851 4745 934 4800; x_wconf 86' lang='lat' dir='ltr'><strong>spon-</strong></span> 
     </span>
     <span class='ocr_line' id='line_1_77' title="bbox 137 4797 933 4870; baseline 0.004 -15"><span class='ocrx_word' id='word_1_629' title='bbox 137 4810 230 4857; x_wconf 91' lang='lat' dir='ltr'><strong>tancus</strong></span> <span class='ocrx_word' id='word_1_630' title='bbox 244 4801 395 4855; x_wconf 88' lang='lat' dir='ltr'><strong>animorum</strong></span> <span class='ocrx_word' id='word_1_631' title='bbox 413 4799 554 4869; x_wconf 89' lang='lat' dir='ltr'><strong>impulsus,</strong></span> <span class='ocrx_word' id='word_1_632' title='bbox 579 4797 624 4870; x_wconf 85' lang='lat' dir='ltr'><strong>qui</strong></span> <span class='ocrx_word' id='word_1_633' title='bbox 651 4800 787 4856; x_wconf 79' lang='lat' dir='ltr'><strong>manifesti</strong></span> <span class='ocrx_word' id='word_1_634' title='bbox 809 4802 933 4858; x_wconf 89' lang='lat' dir='ltr'><strong>omnibus</strong></span> 
     </span>
     <span class='ocr_line' id='line_1_78' title="bbox 137 4870 932 4940; baseline -0.004 -13"><span class='ocrx_word' id='word_1_635' title='bbox 137 4881 210 4937; x_wconf 89' lang='lat' dir='ltr'><strong>sunt,</strong></span> <span class='ocrx_word' id='word_1_636' title='bbox 225 4887 284 4927; x_wconf 90' lang='lat' dir='ltr'><strong>cum</strong></span> <span class='ocrx_word' id='word_1_637' title='bbox 300 4870 400 4928; x_wconf 88' lang='lat' dir='ltr'><strong>scilicet</strong></span> <span class='ocrx_word' id='word_1_638' title='bbox 414 4886 502 4939; x_wconf 93' lang='lat' dir='ltr'><strong>mens,</strong></span> <span class='ocrx_word' id='word_1_639' title='bbox 523 4871 593 4926; x_wconf 83' lang='lat' dir='ltr'><strong>velut</strong></span> <span class='ocrx_word' id='word_1_640' title='bbox 619 4871 731 4938; x_wconf 78' lang='lat' dir='ltr'><strong>presule</strong></span> <span class='ocrx_word' id='word_1_641' title='bbox 755 4871 836 4926; x_wconf 88' lang='lat' dir='ltr'><strong>luturi</strong></span> <span class='ocrx_word' id='word_1_642' title='bbox 857 4874 932 4940; x_wconf 89' lang='lat' dir='ltr'><strong>mali,</strong></span> 
     </span>
     <span class='ocr_line' id='line_1_79' title="bbox 138 4941 932 5012; baseline -0.001 -15"><span class='ocrx_word' id='word_1_643' title='bbox 138 4942 179 4997; x_wconf 90' lang='lat' dir='ltr'><strong>vel</strong></span> <span class='ocrx_word' id='word_1_644' title='bbox 199 4942 274 5005; x_wconf 91' lang='lat' dir='ltr'><strong>honi,</strong></span> <span class='ocrx_word' id='word_1_645' title='bbox 298 4942 373 5010; x_wconf 90' lang='lat' dir='ltr'><strong>prins</strong></span> <span class='ocrx_word' id='word_1_646' title='bbox 386 4941 504 4997; x_wconf 78' lang='lat' dir='ltr'><strong>aflicitur</strong></span> <span class='ocrx_word' id='word_1_647' title='bbox 527 4955 643 4996; x_wconf 88' lang='lat' dir='ltr'><strong>moerore</strong></span> <span class='ocrx_word' id='word_1_648' title='bbox 662 4942 703 4997; x_wconf 86' lang='lat' dir='ltr'><strong>vel</strong></span> <span class='ocrx_word' id='word_1_649' title='bbox 722 4942 830 5012; x_wconf 82' lang='lat' dir='ltr'><strong>gatrdio,</strong></span> <span class='ocrx_word' id='word_1_650' title='bbox 853 4958 932 5012; x_wconf 77' lang='lat' dir='ltr'><strong>quiam</strong></span> 
     </span>
     <span class='ocr_line' id='line_1_80' title="bbox 137 5011 931 5084; baseline 0.005 -18"><span class='ocrx_word' id='word_1_651' title='bbox 137 5027 234 5067; x_wconf 90' lang='lat' dir='ltr'><strong>sensus</strong></span> <span class='ocrx_word' id='word_1_652' title='bbox 259 5011 384 5082; x_wconf 90' lang='lat' dir='ltr'><strong>corporei</strong></span> <span class='ocrx_word' id='word_1_653' title='bbox 411 5012 438 5067; x_wconf 91' lang='lat' dir='ltr'><strong>id</strong></span> <span class='ocrx_word' id='word_1_654' title='bbox 466 5012 669 5083; x_wconf 88' lang='lat' dir='ltr'><strong>deprehendant</strong></span> <span class='ocrx_word' id='word_1_655' title='bbox 695 5013 776 5069; x_wconf 81' lang='lat' dir='ltr'><strong>certis</strong></span> <span class='ocrx_word' id='word_1_656' title='bbox 803 5013 931 5084; x_wconf 85' lang='lat' dir='ltr'><strong>indiciis;</strong></span> 
     </span>
     <span class='ocr_line' id='line_1_81' title="bbox 137 5082 431 5152; baseline 0.003 -15"><span class='ocrx_word' id='word_1_657' title='bbox 137 5097 210 5148; x_wconf 90' lang='lat' dir='ltr'><strong>nam,</strong></span> <span class='ocrx_word' id='word_1_658' title='bbox 226 5092 255 5138; x_wconf 91' lang='lat' dir='ltr'><strong>ut</strong></span> <span class='ocrx_word' id='word_1_659' title='bbox 267 5082 370 5139; x_wconf 90' lang='lat' dir='ltr'><strong>Seneca</strong></span> <span class='ocrx_word' id='word_1_660' title='bbox 384 5083 431 5152; x_wconf 88' lang='lat' dir='ltr'><strong>eit,</strong></span> 
     </span>
    </p>
   </div>
   <div class='ocr_carea' id='block_1_17' title="bbox 263 5206 750 5335">
    <p class='ocr_par' dir='ltr' id='par_1_18' title="bbox 263 5206 750 5335">
     <span class='ocr_line' id='line_1_82' title="bbox 265 5206 677 5282; baseline 0.007 -25"><span class='ocrx_word' id='word_1_661' title='bbox 265 5206 344 5257; x_wconf 86' lang='lat' dir='ltr'><strong>Instat</strong></span> <span class='ocrx_word' id='word_1_662' title='bbox 353 5207 451 5279; x_wconf 34' lang='lat' dir='ltr'><strong>&#39;mentis</strong></span> <span class='ocrx_word' id='word_1_663' title='bbox 466 5208 517 5258; x_wconf 85' lang='lat' dir='ltr'><strong>iera</strong></span> <span class='ocrx_word' id='word_1_664' title='bbox 532 5216 677 5282; x_wconf 89' lang='lat' dir='ltr'><strong>tempestas,</strong></span> 
     </span>
     <span class='ocr_line' id='line_1_83' title="bbox 263 5269 750 5335; baseline 0.006 -15"><span class='ocrx_word' id='word_1_665' title='bbox 263 5269 325 5320; x_wconf 82' lang='lat' dir='ltr'><strong>Cum</strong></span> <span class='ocrx_word' id='word_1_666' title='bbox 338 5285 392 5319; x_wconf 87' lang='lat' dir='ltr'><strong>erne</strong></span> <span class='ocrx_word' id='word_1_667' title='bbox 405 5278 479 5321; x_wconf 86' lang='lat' dir='ltr'><strong>vento</strong></span> <span class='ocrx_word' id='word_1_668' title='bbox 494 5272 630 5335; x_wconf 86' lang='lat' dir='ltr'><strong>tranqmlla</strong></span> <span class='ocrx_word' id='word_1_669' title='bbox 645 5279 750 5323; x_wconf 87' lang='lat' dir='ltr'><strong>tument.</strong></span> 
     </span>
    </p>
   </div>
   <div class='ocr_carea' id='block_1_18' title="bbox 136 5368 936 5584">
    <p class='ocr_par' dir='ltr' id='par_1_19' title="bbox 136 5368 936 5584">
     <span class='ocr_line' id='line_1_84' title="bbox 138 5368 936 5442; baseline 0.005 -19"><span class='ocrx_word' id='word_1_670' title='bbox 138 5368 225 5437; x_wconf 83' lang='lat' dir='ltr'><strong>Quem</strong></span> <span class='ocrx_word' id='word_1_671' title='bbox 241 5368 420 5442; x_wconf 71' lang='lat' dir='ltr'><strong>praesagierit</strong></span> <span class='ocrx_word' id='word_1_672' title='bbox 435 5369 543 5424; x_wconf 93' lang='lat' dir='ltr'><strong>modum</strong></span> <span class='ocrx_word' id='word_1_673' title='bbox 559 5371 585 5424; x_wconf 92' lang='lat' dir='ltr'><strong>in</strong></span> <span class='ocrx_word' id='word_1_674' title='bbox 597 5371 713 5441; x_wconf 80' lang='lat' dir='ltr'><strong>Thyeste</strong></span> <span class='ocrx_word' id='word_1_675' title='bbox 728 5371 794 5429; x_wconf 84' lang='lat' dir='ltr'><strong>scite</strong></span> <span class='ocrx_word' id='word_1_676' title='bbox 808 5371 936 5429; x_wconf 86' lang='lat' dir='ltr'><strong>describit</strong></span> 
     </span>
     <span class='ocr_line' id='line_1_85' title="bbox 138 5441 935 5514; baseline 0.005 -20"><span class='ocrx_word' id='word_1_677' title='bbox 138 5451 201 5496; x_wconf 90' lang='lat' dir='ltr'><strong>aute</strong></span> <span class='ocrx_word' id='word_1_678' title='bbox 215 5456 319 5497; x_wconf 85' lang='lat' dir='ltr'><strong>coenam</strong></span> <span class='ocrx_word' id='word_1_679' title='bbox 339 5441 448 5496; x_wconf 81' lang='lat' dir='ltr'><strong>feralem</strong></span> <span class='ocrx_word' id='word_1_680' title='bbox 470 5442 564 5508; x_wconf 76' lang='lat' dir='ltr'><strong>Atrei3</strong></span> <span class='ocrx_word' id='word_1_681' title='bbox 593 5441 655 5497; x_wconf 83' lang='lat' dir='ltr'><strong>ideo</strong></span> <span class='ocrx_word' id='word_1_682' title='bbox 677 5453 704 5497; x_wconf 88' lang='lat' dir='ltr'><strong>et</strong></span> <span class='ocrx_word' id='word_1_683' title='bbox 721 5443 868 5514; x_wconf 83' lang='lat' dir='ltr'><strong>precordia</strong></span> <span class='ocrx_word' id='word_1_684' title='bbox 890 5460 935 5498; x_wconf 91' lang='lat' dir='ltr'><strong>se-</strong></span> 
     </span>
     <span class='ocr_line' id='line_1_86' title="bbox 136 5512 936 5584; baseline 0.006 -19"><span class='ocrx_word' id='word_1_685' title='bbox 136 5512 214 5578; x_wconf 90' lang='lat' dir='ltr'><strong>liunt,</strong></span> <span class='ocrx_word' id='word_1_686' title='bbox 234 5520 262 5568; x_wconf 91' lang='lat' dir='ltr'><strong>ct</strong></span> <span class='ocrx_word' id='word_1_687' title='bbox 276 5512 399 5570; x_wconf 84' lang='lat' dir='ltr'><strong>defluunt</strong></span> <span class='ocrx_word' id='word_1_688' title='bbox 412 5512 537 5584; x_wconf 78' lang='lat' dir='ltr'><strong>lacryma</strong></span> <span class='ocrx_word' id='word_1_689' title='bbox 553 5513 650 5581; x_wconf 88' lang='lat' dir='ltr'><strong>invitis,</strong></span> <span class='ocrx_word' id='word_1_690' title='bbox 667 5514 776 5571; x_wconf 84' lang='lat' dir='ltr'><strong>stImulo</strong></span> <span class='ocrx_word' id='word_1_691' title='bbox 791 5523 818 5570; x_wconf 90' lang='lat' dir='ltr'><strong>ct</strong></span> <span class='ocrx_word' id='word_1_692' title='bbox 831 5515 936 5571; x_wconf 90' lang='lat' dir='ltr'><strong>monitu</strong></span> 
     </span>
    </p>
   </div>
   <div class='ocr_carea' id='block_1_19' title="bbox 984 4305 1784 5513">
    <p class='ocr_par' dir='ltr' id='par_1_20' title="bbox 984 4305 1776 4519">
     <span class='ocr_line' id='line_1_87' title="bbox 1021 4305 1776 4433; baseline -0.005 -70"><span class='ocrx_word' id='word_1_693' title='bbox 1021 4311 1077 4378; x_wconf 77' lang='lat' dir='ltr'><strong>(te)</strong></span> <span class='ocrx_word' id='word_1_694' title='bbox 1095 4310 1127 4367; x_wconf 85' lang='lat' dir='ltr'><strong>m</strong></span> <span class='ocrx_word' id='word_1_695' title='bbox 1149 4309 1277 4366; x_wconf 84' lang='lat' dir='ltr'><strong>ordinem</strong></span> <span class='ocrx_word' id='word_1_696' title='bbox 1299 4311 1359 4379; x_wconf 85' lang='lat' dir='ltr'><strong>ejus</strong></span> <span class='ocrx_word' id='word_1_697' title='bbox 1378 4322 1549 4433; x_wconf 62' lang='lat' dir='ltr'><strong>expompant.</strong></span> <span class='ocrx_word' id='word_1_698' title='bbox 1566 4306 1606 4360; x_wconf 91' lang='lat' dir='ltr'><strong>Id.</strong></span> <span class='ocrx_word' id='word_1_699' title='bbox 1621 4316 1672 4374; x_wconf 90' lang='lat' dir='ltr'><strong>est,</strong></span> <span class='ocrx_word' id='word_1_700' title='bbox 1688 4305 1776 4363; x_wconf 87' lang='lat' dir='ltr'><strong>absol·</strong></span> 
     </span>
     <span class='ocr_line' id='line_1_88' title="bbox 984 4378 1776 4451; baseline -0.003 -16"><span class='ocrx_word' id='word_1_701' title='bbox 984 4396 1055 4447; x_wconf 89' lang='lat' dir='ltr'><strong>vam,</strong></span> <span class='ocrx_word' id='word_1_702' title='bbox 1070 4389 1096 4435; x_wconf 89' lang='lat' dir='ltr'><strong>ct</strong></span> <span class='ocrx_word' id='word_1_703' title='bbox 1110 4381 1255 4450; x_wconf 88' lang='lat' dir='ltr'><strong>perliciam,</strong></span> <span class='ocrx_word' id='word_1_704' title='bbox 1273 4380 1310 4434; x_wconf 91' lang='lat' dir='ltr'><strong>uti</strong></span> <span class='ocrx_word' id='word_1_705' title='bbox 1324 4395 1426 4436; x_wconf 88' lang='lat' dir='ltr'><strong>morem</strong></span> <span class='ocrx_word' id='word_1_706' title='bbox 1441 4380 1473 4434; x_wconf 88' lang='lat' dir='ltr'><strong>be</strong></span> <span class='ocrx_word' id='word_1_707' title='bbox 1483 4393 1522 4434; x_wconf 83' lang='lat' dir='ltr'><strong>rot</strong></span> <span class='ocrx_word' id='word_1_708' title='bbox 1537 4394 1562 4432; x_wconf 87' lang='lat' dir='ltr'><strong>tn</strong></span> <span class='ocrx_word' id='word_1_709' title='bbox 1577 4378 1656 4451; x_wconf 79' lang='lat' dir='ltr'><strong>Apol.</strong></span> <span class='ocrx_word' id='word_1_710' title='bbox 1675 4394 1739 4449; x_wconf 87' lang='lat' dir='ltr'><strong>cap.</strong></span> <span class='ocrx_word' id='word_1_711' title='bbox 1753 4380 1776 4441; x_wconf 81' lang='grc'><strong>4,</strong></span> 
     </span>
     <span class='ocr_line' id='line_1_89' title="bbox 987 4450 1268 4519; baseline -0.004 -13"><span class='ocrx_word' id='word_1_712' title='bbox 987 4459 1012 4506; x_wconf 92' lang='lat' dir='ltr'><strong>ct</strong></span> <span class='ocrx_word' id='word_1_713' title='bbox 1027 4450 1186 4519; x_wconf 72' lang='lat' dir='ltr'><strong>smptssIme.</strong></span> <span class='ocrx_word' id='word_1_714' title='bbox 1202 4453 1268 4507; x_wconf 78' lang='lat' dir='ltr'><strong>Iac.</strong></span> 
     </span>
    </p>

    <p class='ocr_par' dir='ltr' id='par_1_21' title="bbox 986 4519 1779 4860">
     <span class='ocr_line' id='line_1_90' title="bbox 1021 4519 1778 4591; baseline -0.003 -16"><span class='ocrx_word' id='word_1_715' title='bbox 1021 4522 1080 4591; x_wconf 83' lang='grc'>(43)</span> <span class='ocrx_word' id='word_1_716' title='bbox 1109 4523 1312 4579; x_wconf 83' lang='lat' dir='ltr'><strong>Immortalem.</strong></span> <span class='ocrx_word' id='word_1_717' title='bbox 1340 4520 1396 4575; x_wconf 84' lang='lat' dir='ltr'><strong>Etsi</strong></span> <span class='ocrx_word' id='word_1_718' title='bbox 1419 4520 1490 4577; x_wconf 91' lang='lat' dir='ltr'><strong>istud</strong></span> <span class='ocrx_word' id='word_1_719' title='bbox 1514 4537 1546 4577; x_wconf 81' lang='lat' dir='ltr'><strong>ex</strong></span> <span class='ocrx_word' id='word_1_720' title='bbox 1575 4519 1700 4589; x_wconf 86' lang='lat' dir='ltr'><strong>proleseo</strong></span> <span class='ocrx_word' id='word_1_721' title='bbox 1728 4534 1778 4575; x_wconf 93' lang='lat' dir='ltr'><strong>non</strong></span> 
     </span>
     <span class='ocr_line' id='line_1_91' title="bbox 987 4592 1778 4662; baseline 0.003 -17"><span class='ocrx_word' id='word_1_722' title='bbox 987 4593 1183 4662; x_wconf 71' lang='lat' dir='ltr'><strong>tractatuum</strong></span> <span class='ocrx_word' id='word_1_723' title='bbox 1205 4603 1274 4649; x_wconf 83' lang='lat' dir='ltr'><strong>essct</strong></span> <span class='ocrx_word' id='word_1_724' title='bbox 1296 4599 1351 4647; x_wconf 88' lang='lat' dir='ltr'><strong>tum</strong></span> <span class='ocrx_word' id='word_1_725' title='bbox 1375 4592 1505 4662; x_wconf 86' lang='lat' dir='ltr'><strong>temporis</strong></span> <span class='ocrx_word' id='word_1_726' title='bbox 1529 4600 1604 4646; x_wconf 82' lang='lat' dir='ltr'><strong>extra</strong></span> <span class='ocrx_word' id='word_1_727' title='bbox 1626 4601 1778 4650; x_wconf 83' lang='lat' dir='ltr'><strong>controver-</strong></span> 
     </span>
     <span class='ocr_line' id='line_1_92' title="bbox 986 4662 1779 4734; baseline 0.001 -18"><span class='ocrx_word' id='word_1_728' title='bbox 986 4663 1063 4726; x_wconf 80' lang='lat' dir='ltr'><strong>siam,</strong></span> <span class='ocrx_word' id='word_1_729' title='bbox 1075 4663 1201 4734; x_wconf 82' lang='lat' dir='ltr'><strong>lrcquens</strong></span> <span class='ocrx_word' id='word_1_730' title='bbox 1215 4672 1302 4718; x_wconf 89' lang='lat' dir='ltr'><strong>tamen</strong></span> <span class='ocrx_word' id='word_1_731' title='bbox 1318 4665 1376 4732; x_wconf 89' lang='lat' dir='ltr'><strong>ejus</strong></span> <span class='ocrx_word' id='word_1_732' title='bbox 1398 4664 1449 4720; x_wconf 89' lang='lat' dir='ltr'><strong>hoc</strong></span> <span class='ocrx_word' id='word_1_733' title='bbox 1463 4662 1530 4719; x_wconf 92' lang='lat' dir='ltr'><strong>libro</strong></span> <span class='ocrx_word' id='word_1_734' title='bbox 1550 4665 1664 4731; x_wconf 87' lang='lat' dir='ltr'><strong>mentio,</strong></span> <span class='ocrx_word' id='word_1_735' title='bbox 1684 4676 1779 4731; x_wconf 81' lang='lat' dir='ltr'><strong>nempe</strong></span> 
     </span>
     <span class='ocr_line' id='line_1_93' title="bbox 986 4733 1778 4859; baseline 0.003 -70"><span class='ocrx_word' id='word_1_736' title='bbox 986 4737 1130 4859; x_wconf 51' lang='lat' dir='ltr'><strong>cap.42‚P³,</strong></span> <span class='ocrx_word' id='word_1_737' title='bbox 1146 4737 1174 4798; x_wconf 88' lang='grc'><strong>6,</strong></span> <span class='ocrx_word' id='word_1_738' title='bbox 1190 4738 1217 4802; x_wconf 88' lang='grc'><strong>9,</strong></span> <span class='ocrx_word' id='word_1_739' title='bbox 1234 4734 1267 4788; x_wconf 77' lang='lat' dir='ltr'><strong>li</strong></span> <span class='ocrx_word' id='word_1_740' title='bbox 1292 4742 1320 4789; x_wconf 93' lang='lat' dir='ltr'><strong>et</strong></span> <span class='ocrx_word' id='word_1_741' title='bbox 1342 4733 1420 4802; x_wconf 90' lang='lat' dir='ltr'><strong>inlra,</strong></span> <span class='ocrx_word' id='word_1_742' title='bbox 1445 4750 1471 4790; x_wconf 91' lang='lat' dir='ltr'><strong>c.</strong></span> <span class='ocrx_word' id='word_1_743' title='bbox 1493 4735 1539 4799; x_wconf 79' lang='grc'><strong>24,</strong></span> <span class='ocrx_word' id='word_1_744' title='bbox 1555 4737 1600 4799; x_wconf 84' lang='grc'><strong>38,</strong></span> <span class='ocrx_word' id='word_1_745' title='bbox 1625 4735 1673 4805; x_wconf 83' lang='grc'><strong>45,</strong></span> <span class='ocrx_word' id='word_1_746' title='bbox 1687 4736 1735 4799; x_wconf 84' lang='grc'><strong>54,</strong></span> <span class='ocrx_word' id='word_1_747' title='bbox 1748 4734 1778 4791; x_wconf 79' lang='grc'>54</span> 
     </span>
     <span class='ocr_line' id='line_1_94' title="bbox 987 4809 1159 4860; baseline -0.006 0"><span class='ocrx_word' id='word_1_748' title='bbox 987 4809 1072 4860; x_wconf 78' lang='lat' dir='ltr'><strong>etb.</strong></span> <span class='ocrx_word' id='word_1_749' title='bbox 1110 4820 1159 4860; x_wconf 80' lang='grc' dir='ltr'><strong>ιιι.</strong></span> 
     </span>
    </p>

    <p class='ocr_par' dir='ltr' id='par_1_22' title="bbox 987 4875 1781 5089">
     <span class='ocr_line' id='line_1_95' title="bbox 1023 4875 1780 4950; baseline 0.001 -20"><span class='ocrx_word' id='word_1_750' title='bbox 1023 4877 1079 4946; x_wconf 90' lang='grc'>(44)</span> <span class='ocrx_word' id='word_1_751' title='bbox 1096 4877 1283 4948; x_wconf 80' lang='lat' dir='ltr'><strong>corporalem.</strong></span> <span class='ocrx_word' id='word_1_752' title='bbox 1308 4876 1348 4931; x_wconf 88' lang='lat' dir='ltr'><strong>De</strong></span> <span class='ocrx_word' id='word_1_753' title='bbox 1362 4875 1451 4932; x_wconf 92' lang='lat' dir='ltr'><strong>anima</strong></span> <span class='ocrx_word' id='word_1_754' title='bbox 1472 4875 1545 4950; x_wconf 88' lang='lat' dir='ltr'><strong>qnod</strong></span> <span class='ocrx_word' id='word_1_755' title='bbox 1559 4877 1718 4948; x_wconf 84' lang='lat' dir='ltr'><strong>corporalis</strong></span> <span class='ocrx_word' id='word_1_756' title='bbox 1738 4876 1780 4944; x_wconf 86' lang='lat' dir='ltr'><strong>sit,</strong></span> 
     </span>
     <span class='ocr_line' id='line_1_96' title="bbox 987 4947 1781 5019; baseline 0.006 -19"><span class='ocrx_word' id='word_1_757' title='bbox 987 4962 1140 5018; x_wconf 84' lang='lat' dir='ltr'><strong>qrranquam</strong></span> <span class='ocrx_word' id='word_1_758' title='bbox 1166 4947 1199 5001; x_wconf 88' lang='lat' dir='ltr'><strong>ad</strong></span> <span class='ocrx_word' id='word_1_759' title='bbox 1224 4947 1356 5018; x_wconf 84' lang='lat' dir='ltr'><strong>paradoxa</strong></span> <span class='ocrx_word' id='word_1_760' title='bbox 1379 4949 1439 5016; x_wconf 82' lang='lat' dir='ltr'><strong>ejus</strong></span> <span class='ocrx_word' id='word_1_761' title='bbox 1460 4947 1530 5004; x_wconf 83' lang='lat' dir='ltr'><strong>istud</strong></span> <span class='ocrx_word' id='word_1_762' title='bbox 1555 4947 1699 5019; x_wconf 87' lang='lat' dir='ltr'><strong>pertineat,</strong></span> <span class='ocrx_word' id='word_1_763' title='bbox 1715 4956 1781 5005; x_wconf 85' lang='lat' dir='ltr'><strong>trac·</strong></span> 
     </span>
     <span class='ocr_line' id='line_1_97' title="bbox 987 5017 1550 5089; baseline -0.002 -15"><span class='ocrx_word' id='word_1_764' title='bbox 987 5017 1052 5074; x_wconf 88' lang='lat' dir='ltr'><strong>tavit</strong></span> <span class='ocrx_word' id='word_1_765' title='bbox 1069 5022 1121 5074; x_wconf 89' lang='lat' dir='ltr'><strong>late</strong></span> <span class='ocrx_word' id='word_1_766' title='bbox 1136 5033 1217 5089; x_wconf 91' lang='lat' dir='ltr'><strong>snpra</strong></span> <span class='ocrx_word' id='word_1_767' title='bbox 1231 5033 1290 5088; x_wconf 88' lang='lat' dir='ltr'><strong>rep.</strong></span> <span class='ocrx_word' id='word_1_768' title='bbox 1306 5021 1333 5087; x_wconf 85' lang='grc'><strong>5,</strong></span> <span class='ocrx_word' id='word_1_769' title='bbox 1349 5020 1377 5088; x_wconf 87' lang='lat'><strong>6,</strong></span> <span class='ocrx_word' id='word_1_770' title='bbox 1391 5020 1418 5084; x_wconf 80' lang='lat'><strong>7,</strong></span> <span class='ocrx_word' id='word_1_771' title='bbox 1434 5022 1461 5073; x_wconf 90' lang='lat'><strong>8.</strong></span> <span class='ocrx_word' id='word_1_772' title='bbox 1481 5020 1550 5073; x_wconf 78' lang='lat' dir='ltr'><strong>l’ttst.</strong></span> 
     </span>
    </p>

    <p class='ocr_par' dir='ltr' id='par_1_23' title="bbox 987 5088 1782 5233">
     <span class='ocr_line' id='line_1_98' title="bbox 1024 5088 1782 5163; baseline 0.003 -19"><span class='ocrx_word' id='word_1_773' title='bbox 1024 5090 1081 5158; x_wconf 86' lang='grc'>(45)</span> <span class='ocrx_word' id='word_1_774' title='bbox 1096 5090 1269 5161; x_wconf 76' lang='lat' dir='ltr'><strong>Esfigictcm.</strong></span> <span class='ocrx_word' id='word_1_775' title='bbox 1284 5089 1363 5160; x_wconf 83' lang='lat' dir='ltr'><strong>Quod</strong></span> <span class='ocrx_word' id='word_1_776' title='bbox 1377 5088 1495 5162; x_wconf 87' lang='lat' dir='ltr'><strong>elligiatu</strong></span> <span class='ocrx_word' id='word_1_777' title='bbox 1507 5088 1552 5154; x_wconf 85' lang='lat' dir='ltr'><strong>sit,</strong></span> <span class='ocrx_word' id='word_1_778' title='bbox 1567 5089 1685 5147; x_wconf 88' lang='lat' dir='ltr'><strong>alterum</strong></span> <span class='ocrx_word' id='word_1_779' title='bbox 1704 5106 1782 5163; x_wconf 85' lang='lat' dir='ltr'><strong>para·</strong></span> 
     </span>
     <span class='ocr_line' id='line_1_99' title="bbox 987 5159 1715 5233; baseline 0.011 -20"><span class='ocrx_word' id='word_1_780' title='bbox 987 5159 1076 5216; x_wconf 85' lang='lat' dir='ltr'><strong>doxon</strong></span> <span class='ocrx_word' id='word_1_781' title='bbox 1091 5171 1231 5216; x_wconf 89' lang='lat' dir='ltr'><strong>tractatum</strong></span> <span class='ocrx_word' id='word_1_782' title='bbox 1244 5163 1323 5216; x_wconf 80' lang='lat' dir='ltr'><strong>etiam</strong></span> <span class='ocrx_word' id='word_1_783' title='bbox 1338 5162 1421 5218; x_wconf 89' lang='lat' dir='ltr'><strong>babes</strong></span> <span class='ocrx_word' id='word_1_784' title='bbox 1431 5176 1512 5233; x_wconf 87' lang='lat' dir='ltr'><strong>supra</strong></span> <span class='ocrx_word' id='word_1_785' title='bbox 1526 5175 1584 5233; x_wconf 88' lang='lat' dir='ltr'><strong>cap.</strong></span> <span class='ocrx_word' id='word_1_786' title='bbox 1600 5165 1628 5216; x_wconf 86' lang='grc'><strong>9.</strong></span> <span class='ocrx_word' id='word_1_787' title='bbox 1642 5162 1715 5222; x_wconf 75' lang='lat' dir='ltr'><strong>Pu.</strong></span> 
     </span>
    </p>

    <p class='ocr_par' dir='ltr' id='par_1_24' title="bbox 989 5230 1782 5373">
     <span class='ocr_line' id='line_1_100' title="bbox 1024 5230 1782 5306; baseline 0.009 -22"><span class='ocrx_word' id='word_1_788' title='bbox 1024 5231 1082 5301; x_wconf 87' lang='grc'>(46)</span> <span class='ocrx_word' id='word_1_789' title='bbox 1107 5231 1278 5289; x_wconf 72' lang='lat' dir='ltr'><strong>accidentiis</strong></span> <span class='ocrx_word' id='word_1_790' title='bbox 1304 5232 1465 5289; x_wconf 80' lang='lat' dir='ltr'><strong>obnoxia-m.</strong></span> <span class='ocrx_word' id='word_1_791' title='bbox 1491 5232 1595 5288; x_wconf 78' lang='lat' dir='ltr'><strong>alludit</strong></span> <span class='ocrx_word' id='word_1_792' title='bbox 1618 5233 1653 5287; x_wconf 91' lang='lat' dir='ltr'><strong>ad</strong></span> <span class='ocrx_word' id='word_1_793' title='bbox 1669 5232 1696 5288; x_wconf 88' lang='lat' dir='ltr'><strong>id</strong></span> <span class='ocrx_word' id='word_1_794' title='bbox 1712 5230 1782 5306; x_wconf 84' lang='lat' dir='ltr'><strong>qnod</strong></span> 
     </span>
     <span class='ocr_line' id='line_1_101' title="bbox 989 5302 1647 5373; baseline 0.005 -17"><span class='ocrx_word' id='word_1_795' title='bbox 989 5302 1115 5373; x_wconf 84' lang='lat' dir='ltr'><strong>paulatim</strong></span> <span class='ocrx_word' id='word_1_796' title='bbox 1131 5303 1253 5372; x_wconf 87' lang='lat' dir='ltr'><strong>proficiat</strong></span> <span class='ocrx_word' id='word_1_797' title='bbox 1266 5304 1355 5358; x_wconf 90' lang='lat' dir='ltr'><strong>anima</strong></span> <span class='ocrx_word' id='word_1_798' title='bbox 1372 5303 1399 5358; x_wconf 93' lang='lat' dir='ltr'><strong>in</strong></span> <span class='ocrx_word' id='word_1_799' title='bbox 1418 5303 1559 5373; x_wconf 88' lang='lat' dir='ltr'><strong>sapientie.</strong></span> <span class='ocrx_word' id='word_1_800' title='bbox 1575 5305 1647 5359; x_wconf 79' lang='lat' dir='ltr'><strong>Part.</strong></span> 
     </span>
    </p>

    <p class='ocr_par' dir='ltr' id='par_1_25' title="bbox 989 5373 1784 5513">
     <span class='ocr_line' id='line_1_102' title="bbox 1025 5373 1784 5447; baseline 0.004 -18"><span class='ocrx_word' id='word_1_801' title='bbox 1025 5374 1082 5443; x_wconf 81' lang='lat' dir='ltr'><strong>(tv)</strong></span> <span class='ocrx_word' id='word_1_802' title='bbox 1092 5376 1146 5430; x_wconf 85' lang='lat' dir='ltr'><strong>Per</strong></span> <span class='ocrx_word' id='word_1_803' title='bbox 1159 5373 1230 5447; x_wconf 83' lang='lat' dir='ltr'><strong>quod</strong></span> <span class='ocrx_word' id='word_1_804' title='bbox 1245 5376 1385 5438; x_wconf 74' lang='lat' dir='ltr'><strong>historias,</strong></span> <span class='ocrx_word' id='word_1_805' title='bbox 1402 5379 1487 5447; x_wconf 78' lang='lat' dir='ltr'><strong>atque</strong></span> <span class='ocrx_word' id='word_1_806' title='bbox 1499 5376 1634 5433; x_wconf 84' lang='lat' dir='ltr'><strong>milesius.</strong></span> <span class='ocrx_word' id='word_1_807' title='bbox 1652 5374 1784 5432; x_wconf 82' lang='lat' dir='ltr'><strong>illustrio-</strong></span> 
     </span>
     <span class='ocr_line' id='line_1_103' title="bbox 989 5444 1784 5513; baseline 0.008 -15"><span class='ocrx_word' id='word_1_808' title='bbox 989 5461 1032 5500; x_wconf 89' lang='lat' dir='ltr'><strong>res</strong></span> <span class='ocrx_word' id='word_1_809' title='bbox 1047 5444 1144 5500; x_wconf 85' lang='lat' dir='ltr'><strong>labulae</strong></span> <span class='ocrx_word' id='word_1_810' title='bbox 1157 5447 1270 5502; x_wconf 79' lang='lat' dir='ltr'><strong>milesiae</strong></span> <span class='ocrx_word' id='word_1_811' title='bbox 1289 5445 1425 5513; x_wconf 77' lang='lat' dir='ltr'><strong>dIcuntur,</strong></span> <span class='ocrx_word' id='word_1_812' title='bbox 1446 5462 1504 5503; x_wconf 84' lang='lat' dir='ltr'><strong>eree</strong></span> <span class='ocrx_word' id='word_1_813' title='bbox 1525 5461 1541 5500; x_wconf 89' lang='lat' dir='ltr'><strong>a</strong></span> <span class='ocrx_word' id='word_1_814' title='bbox 1566 5448 1686 5503; x_wconf 87' lang='lat' dir='ltr'><strong>vanitate</strong></span> <span class='ocrx_word' id='word_1_815' title='bbox 1711 5448 1784 5504; x_wconf 76' lang='lat' dir='ltr'><strong>uite·</strong></span> 
     </span>
    </p>
   </div>
   <div class='ocr_carea' id='block_1_20' title="bbox 990 5516 1785 5590">
    <p class='ocr_par' dir='ltr' id='par_1_26' title="bbox 990 5516 1785 5590">
     <span class='ocr_line' id='line_1_104' title="bbox 990 5516 1785 5590; baseline 0.009 -20"><span class='ocrx_word' id='word_1_816' title='bbox 990 5517 1089 5573; x_wconf 90' lang='lat' dir='ltr'><strong>siorum</strong></span> <span class='ocrx_word' id='word_1_817' title='bbox 1111 5517 1146 5572; x_wconf 92' lang='lat' dir='ltr'><strong>ob</strong></span> <span class='ocrx_word' id='word_1_818' title='bbox 1168 5516 1305 5573; x_wconf 86' lang='lat' dir='ltr'><strong>oraculum</strong></span> <span class='ocrx_word' id='word_1_819' title='bbox 1328 5517 1470 5588; x_wconf 81' lang='lat' dir='ltr'><strong>Apollinis,</strong></span> <span class='ocrx_word' id='word_1_820' title='bbox 1493 5533 1548 5590; x_wconf 86' lang='lat' dir='ltr'><strong>qna</strong></span> <span class='ocrx_word' id='word_1_821' title='bbox 1570 5518 1605 5574; x_wconf 90' lang='lat' dir='ltr'><strong>de</strong></span> <span class='ocrx_word' id='word_1_822' title='bbox 1627 5533 1658 5576; x_wconf 84' lang='lat' dir='ltr'><strong>re</strong></span> <span class='ocrx_word' id='word_1_823' title='bbox 1676 5518 1785 5584; x_wconf 75' lang='lat' dir='ltr'><strong>strabo,</strong></span> 
     </span>
    </p>
   </div>
   <div class='ocr_carea' id='block_1_21' title="bbox 0 0 1941 6116">
    <p class='ocr_par' dir='ltr' id='par_1_27' title="bbox 0 0 1941 6116">
     <span class='ocr_line' id='line_1_105' title="bbox 0 0 1941 6116; baseline 0 0"><span class='ocrx_word' id='word_1_824' title='bbox 0 0 1941 6116; x_wconf 95' lang='lat' dir='ltr'><strong> </strong></span> 
     </span>
    </p>
   </div>
  </div>
 </body>
</html>
