3840 6134
172 300 210 365 aa
733 306 1259 393 nmiuutiiniopaauitrtnsu.
1786 305 1823 369 tt

175 431 967 512 sesemetreprateuttateslaciemuuiuscmuaquessltib).
1023 436 1183 510 relegatum
1197 432 1336 490 uideamus
1354 431 1419 505 quid
1440 431 1577 503 didicerit,
1599 431 1665 503 qnid
1687 431 1821 511 docuerit,

176 520 301 577 Proxima
317 518 343 557 ⁸⁶
359 525 401 577 eat
423 519 472 577 tibi
493 518 618 579 hohan?
642 522 725 583 habes
745 523 917 585 codnthum.
942 527 969 584 Si
1024 541 1086 583 cuni
1112 521 1248 581 Africanis
1274 534 1385 593 quoque
1414 520 1545 581 Ecoleaiis
1571 520 1761 581 contesserarit
1785 512 1821 580 Μ.

176 607 325 683 nonlonge
343 622 373 663 es
394 607 593 675 alliacedonia,
616 610 700 669 habes
723 611 872 687 Philippos,
888 615 970 673 habes
1022 613 1112 670 Unum
1149 613 1238 669 Deum
1270 608 1356 676 norit,
1384 607 1538 667 Creatorem
1575 604 1779 681 universitatis,
1793 617 1822 667 at

175 692 428 753 Thessalonicenses
451 695 485 753 ⁵⁷.
516 696 546 753 Si
574 707 652 770 potes
674 698 703 754 in
726 700 819 755 haiam
849 702 970 775 tendere,
1022 702 1158 759 Christum
1170 699 1261 755 lesum
1276 713 1310 753 ex
1322 695 1434 771 Virgine
1447 696 1541 769 liaris,
1557 697 1655 754 Filium
1670 698 1719 754 Dei
1740 698 1821 755 Crea-

176 784 260 843 liabes
274 783 424 854 Ephesum.
444 785 474 841 Si
496 796 586 844 autern
609 787 693 843 ltaliae
712 787 821 855 adjaces
835 790 870 859 ⁸⁸,
887 792 971 848 habes
1023 790 1099 860 toris,
1116 795 1144 845 et
1165 787 1253 846 carnis
1277 776 1625 858 resurrectionem31egem
1650 795 1676 844 et
1698 787 1820 860 prophe·

176 872 289 930 Bomain
302 871 342 943 1⁵⁹.
362 875 433 929 nude
460 874 539 931 nohis
565 892 671 949 quoque
699 876 845 934 auotoritas
872 890 969 949 presto
1023 888 1064 941 taa
1078 895 1139 936 cuin
1156 874 1319 947 evangelicis
1343 880 1371 933 et
1392 873 1545 948 apostolicis
1569 875 1678 931 Litteris
1690 864 1750 933 Mb
1768 866 1821 932 mi-

176 968 218 1017 eat
232 959 257 998 ⁶⁰
271 961 339 1030 (to).
363 962 418 1019 ista
436 979 515 1037 quam
540 962 602 1020 tetii
618 964 641 1002 ⁶¹
661 963 801 1023 Ecclesial
821 966 864 1025 cui
887 975 969 1024 totam
1022 975 1091 1035 acet,
1111 975 1138 1023 et
1150 965 1213 1022 inde
1227 971 1301 1037 potat
1311 957 1336 1002 ⁶³
1350 960 1451 1034 tidem3
1466 958 1559 1017 eitrnll
1572 978 1642 1036 aqua
1655 958 1820 1037 signasti),

176 1048 326 1104 doctrinam
355 1049 469 1120 apostoli
495 1067 557 1109 cuni
590 1051 722 1125 sanguine
754 1069 804 1110 sito
836 1054 967 1125 prolude·
1021 1065 1114 1111 sancto
1141 1053 1244 1124 Spiritu
1271 1051 1350 1106 vestit
1379 1050 1448 1123 (72),
1476 1049 1644 1107 Eucharistia
1668 1051 1763 1124 poscit,
1787 1042 1822 1111 ad

176 1145 238 1190 runt
252 1136 327 1207 (67);
345 1137 391 1192 ubi
406 1140 500 1195 Petrus
518 1138 638 1209 passioni
663 1140 808 1195 Dominicae
823 1141 880 1212 (68)
894 1143 968 1195 adae-
1021 1144 1181 1214 martyrium
1195 1141 1220 1179 ⁶⁵
1236 1142 1404 1211 exhortatur,
1419 1147 1448 1195 et
1469 1139 1507 1196 ita
1520 1138 1651 1195 adversus
1666 1139 1734 1194 hano
1746 1141 1823 1195 insti-

177 1230 292 1297 quatur3
310 1225 355 1280 obi
375 1227 472 1283 Paulus
492 1224 603 1282 loannis
628 1226 685 1298 (69)
705 1227 777 1283 exitu
802 1237 966 1303 coronatum
1021 1232 1155 1289 tutionem
1177 1229 1311 1287 neminem
1335 1217 1442 1299 recipit.
1464 1228 1528 1285 llaec
1543 1236 1585 1284 est
1599 1225 1743 1297 institutio,
1768 1244 1823 1285 uon

176 1311 224 1371 ulii
256 1314 394 1387 apostolas
428 1315 560 1383 loannes,
598 1323 787 1386 posteaquam,
817 1312 844 1370 in
877 1315 968 1373 oleum
1020 1318 1150 1388 dieojam
1163 1331 1225 1388 aaa
1239 1314 1344 1373 laturas
1358 1315 1477 1373 heroaes
1491 1302 1706 1386 prenuntiabat,
1726 1304 1773 1371 sed
1788 1315 1823 1372 de

175 1400 290 1475 igneum
302 1404 454 1469 damasus,
466 1403 533 1461 nihil
556 1419 653 1474 ραιιιιι
671 1411 713 1460 est
727 1404 795 1476 (to),
811 1402 838 1461 iu
852 1405 968 1463 insulam
1021 1422 1075 1479 qua
1087 1407 1203 1464 hereses
1222 1403 1389 1477 prodierunt.
1406 1402 1461 1461 Sed
1481 1417 1537 1461 noia
1556 1401 1666 1459 tueraat
1678 1417 1711 1458 aa
1728 1402 1773 1460 ills
1785 1404 1822 1473 ⁶⁶,

212 1579 237 1619 ⁵⁵
250 1576 318 1636 Et...
338 1570 659 1662 uniuscujuaqnedeleo.
676 1578 839 1689 baalgad
862 1502 958 1639 {225
967 1508 1136 1641 535ess‘r'gfrfiipe
1162 1585 1280 1654 mosen.
1295 1582 1319 1622 51
1344 1582 1440 1662 ilabes
1455 1580 1711 1639 Thessalonicenses
1733 1582 1821 1642 deleo.

175 1650 337 1721 SemLpnrt
363 1648 451 1707 lihesi.
466 1646 640 1720 ⁸⁸hdjicens
664 1650 751 1709 illiert.
807 1646 954 1707 itomanam
979 1655 1067 1713 lilaea.
1083 1654 1225 1711 ⁶⁰Statuta
1249 1652 1313 1710 edd.
1330 1653 1417 1711 Rhea.
1434 1663 1485 1709 ista
1507 1669 1590 1737 quain
1616 1652 1719 1711 desem
1748 1655 1823 1727 apud

177 1720 271 1778 eumd.
287 1720 310 1758 ⁶¹
325 1721 400 1776 Statu
415 1718 476 1775 felli
492 1722 576 1777 lbera
594 1728 663 1776 statu
689 1732 741 1777 tam
764 1718 828 1778 felix
844 1722 929 1780 Semi.
944 1725 968 1762 ⁶²
983 1725 1154 1783 Contestalur
1169 1722 1256 1783 hicn.
1272 1730 1471 1779 contesseratur
1491 1716 1627 1779 Petiliana.
1644 1722 1669 1760 ⁶³
1692 1720 1824 1789 importat

181 1786 282 1848 Wouau.
302 1786 403 1862 plantat
425 1790 510 1846 Seml.
535 1798 623 1862 portat
647 1792 733 1849 ittera.
755 1797 784 1848 et
808 1789 908 1850 Roetlt.
922 1795 948 1834 ⁸4
962 1786 1053 1851 Fidem
1077 1802 1137 1851 eaht
1158 1796 1251 1851 Poris.
1267 1797 1354 1851 Troe.
1372 1802 1430 1848 eahr
1454 1793 1526 1865 nael.
1544 1794 1631 1850 Rhea.
1646 1792 1673 1832 ⁸⁸
1695 1790 1823 1867 Martyria

177 1863 263 1918 Trou.
278 1862 371 1919 Perta.
385 1863 466 1919 Pam.
482 1862 641 1931 martyrium
658 1865 715 1935 naq.
736 1865 826 1922 latret·
843 1862 929 1923 illac.
947 1867 1032 1924 semu
1044 1866 1072 1909 0⁶
1084 1867 1146 1922 Non
1160 1880 1256 1922 omues
1269 1881 1303 1921 ea
1313 1865 1359 1920 illa
1372 1864 1461 1922 ltdeu.
1478 1865 1580 1922 death.
1604 1868 1607 1873 '

177 2035 331 2107 adpossit,
362 2056 374 2087 ι
406 2036 570 2093 authentiam
601 2038 711 2108 litterar,
746 2054 800 2093 aon
826 1961 1290 2135 οήὲἓιᾜῗὶῃῖεὲιῖυἰωωιιοοι,
1312 2039 1359 2111 qni
1384 2039 1560 2094 animantem
1589 2037 1712 2096 l’otrttfioi
1737 2039 1817 2096 hom.

176 2117 204 2164 et
230 2107 406 2178 autographa,
436 2116 465 2165 ut
495 2110 571 2167 multi
596 2109 665 2168 lalso
693 2111 893 2182 intelligebant,
920 2114 969 2169 ssd
1023 2111 1207 2169 auctoritatem
1229 2110 1362 2180 adimunt,
1377 2119 1407 2166 ut
1425 2110 1495 2177 iutra
1516 2105 1637 2182 praelecti
1663 2111 1748 2169 urbici
1766 2112 1816 2182 iit-

178 2176 291 2242 Greia,
307 2179 368 2250 quia
383 2179 427 2234 isti
441 2179 601 2237 aliaLatina
620 2180 793 2236 translatione
817 2185 968 2247 utebantur,
1023 2181 1209 2238 risdictioneni
1230 2196 1292 2251 quae
1316 2182 1386 2235 intra
1409 2181 1439 2237 C.
1465 2180 1495 2235 t..
1516 2180 1699 2251 claudebatur,
1715 2182 1817 2236 astrin-

179 2248 330 2330 sicutipse
357 2250 549 2306 Tertullianus.
578 2273 589 2301 i
619 2253 682 2306 llaec
708 2252 851 2324 Semlerus‚
880 2265 970 2325 nequa
1023 2265 1098 2336 gant.
1115 2246 1207 2308 Dicam
1233 2256 1283 2306 hac
1305 2251 1338 2306 de
1366 2268 1395 2306 re
1421 2251 1473 2305 alio
1496 2251 1555 2306 loco
1571 2268 1577 2304 :
1596 2266 1694 2306 moneo
1715 2261 1818 2307 tantum

179 2318 256 2375 aliter
269 2320 320 2377 liae
342 2319 376 2377 de
390 2336 419 2379 rs
436 2330 587 2381 statuerunt
606 2322 729 2380 nonnulli
746 2323 795 2380 alii
813 2324 969 2397 scriptores.
1023 2324 1137 2383 intinitis
1155 2324 1181 2379 in
1197 2323 1261 2379 locis
1275 2338 1291 2378 a
1305 2321 1353 2379 SS.
1378 2322 1503 2379 Patribus
1525 2323 1636 2392 dictum,
1660 2321 1689 2378 li.
1711 2323 1819 2380 Petram

179 2387 281 2451 Verum
301 2393 368 2449 acite
391 2392 495 2450 monuit
516 2391 653 2466 Georgius
667 2386 799 2453 strateius
817 2392 910 2464 Faber,
927 2394 972 2453 via
1023 2390 1176 2455 ordinatum
1209 2382 1294 2451 inisse
1330 2398 1373 2454 τῆς
1402 2390 1539 2466 οἰκουμένης
1575 2382 1724 2448 διδάσκαλοι
1750 2410 1758 2449 a
1785 2395 1821 2451 ita

180 2458 235 2516 dici
252 2460 280 2514 id
302 2462 433 2531 possode
457 2462 486 2519 S.
512 2462 710 2533 scripturorum
732 2464 906 2538 apographis,
927 2458 972 2521 ille
1023 2460 1176 2536 chrysost,
1192 2456 1269 2520 Hom.
1294 2464 1327 2520 ie
1342 2480 1404 2536 cop.
1422 2480 1471 2519 xiii
1485 2465 1555 2521 lone
1581 2452 1686 2531 Deinde
1698 2462 1783 2535 synod
1791 2472 1823 2521 ut

180 2538 284 2612 tantum
322 2549 386 2588 enos
402 2533 538 2613 'Ecclesiae
555 2535 716 2607 apostolicas
738 2536 831 2601 tuisse,
855 2535 972 2592 exclusis
1024 2536 1202 2602 Chalcedon,
1218 2549 1270 2590 act.
1295 2550 1367 2591 xvi:
1394 2533 1425 2587 Ἦ
1451 2494 1585 2602 ’Enteiis
1607 2524 1704 2604 Ῥὧμης
1717 2526 1821 2588 editori

181 2611 287 2684 caeteris
305 2550 443 2686 {eclesiis
461 2605 530 2686 Vide
546 2607 728 2686 Appendioem
751 2622 767 2661 e
788 2605 854 2678 regii
878 2607 972 2678 opalis
992 2612 1000 2631 ¹
1023 2608 1081 2675 text
1093 2606 1125 2661 ed
1138 2601 1263 2677 inpendiis,
1288 2605 1412 2662 Ecclesia
1436 2608 1561 2661 heuman
1583 2608 1691 2679 primes
1712 2621 1820 2679 semper

179 2676 294 2756 {agliae
314 2675 405 2745 lingua
426 2679 581 2747 conscripti,
596 2692 640 2733 oui
660 2677 757 2733 titulus
769 2622 823 2735 {M
836 2679 971 2749 ltt‘fficttl·
1025 2682 1128 2739 escit.
1140 2678 1180 2733 La
1197 2678 1245 2733 Pn.

182 2748 235 2802 tter
245 2745 457 2826 othomanism,
468 2749 642 2804 homousiam·
652 2748 800 2817 difficilia.
811 2748 890 2815 Certe
910 2765 974 2805 con·
1061 2749 1120 2821 (llil
1131 2738 1451 2807 Gaitotcmdootrioem
1465 2746 1588 2818 nposmlt'
1602 2762 1669 2815 cust
1680 2747 1822 2823 scopatae

182 2823 234 2872 stat
257 2818 383 2889 singulos
398 2817 441 2875 hie
456 2818 525 2875 mitti
539 2835 554 2872 a
568 2821 731 2875 Tertulliano
754 2819 922 2877 Christianos
939 2820 973 2874 ad
1024 2837 1074 2879 atto
1096 2818 1296 2893 profuderunt.
1321 2818 1417 2875 Totam
1434 2818 1585 2883 doctrinam
1606 2818 1670 2873 dicit
1689 2834 1820 2873 summam

181 2886 295 2943 uicinam
320 2896 406 2945 metro
426 2889 502 2956 olim,
527 2888 553 2947 iu
578 2906 633 2962 qua
663 2888 786 2963 epistolae
816 2891 972 2959 apostolicae
1025 2891 1109 2947 totius
1132 2889 1261 2947 doetrinae
1284 2886 1453 2957 Christiana,
1476 2904 1557 2960 quani
1575 2887 1603 2943 iu
1618 2889 1746 2959 martyrio
1773 2903 1821 2958 pro

182 2957 375 3029 recitabantur,
445 2961 577 3028 rinthnm,
606 2960 764 3042 Philippos,
793 2960 997 3019 Thessaloni-1
1025 2961 1123 3042 Christi
1152 2959 1259 3017 nomina
1280 2958 1386 3040 fortiter
1411 2952 1542 3042 ol‘tetindo⁵
1555 2958 1714 3040 ¹'ttonaistere
1743 2961 1822 3016 toties

181 3043 252 3095 carn,
266 3029 416 3102 Ephesum,
429 3029 557 3098 liomam;
580 3034 615 3087 ad
630 3048 699 3102 quas
712 3049 784 3102 ipsas
808 3035 887 3091 urbes
905 3048 973 3105 apo·
1026 3034 1163 3103 praedicat,
1195 3037 1225 3087 nt
1251 3031 1375 3089 uidehcet
1397 3046 1513 3087 aainiam
1535 3027 1573 3087 illi
1596 3040 1649 3087 tarn
1672 3031 1740 3086 bene
1768 3045 1825 3085 me·

181 3100 269 3155 stolus
296 3101 393 3159 einim
420 3100 525 3159 litteras
550 3103 670 3159 dederat.
696 3096 830 3159 illrumtia
856 3103 973 3170 ridetur,
1026 3102 1095 3160 renti
1120 3109 1241 3159 nostram
1276 3115 1452 3172 reponamus,
1481 3100 1529 3174 qui
1553 3116 1631 3173 auam
1656 3115 1706 3172 pro
1733 3098 1821 3170 nobis,

181 3168 309 3240 epistolas
336 3171 403 3230 istas
424 3172 502 3229 Pauli
529 3175 563 3228 ab
590 3173 717 3229 Becloeiia
744 3175 771 3229 in
798 3172 840 3227 his
863 3173 975 3231 urbibus
1026 3189 1081 3229 uon
1102 3170 1306 3229 immerentibus
1329 3179 1443 3241 tanturn,
1458 3186 1553 3231 aarum
1576 3179 1605 3228 et
1627 3170 1697 3227 male
1723 3170 1824 3227 meritis

180 3241 333 3297 constitutis
360 3259 446 3297 annos
472 3242 579 3298 circiter
601 3253 708 3298 centnm
732 3251 758 3296 el
781 3242 975 3316 quinquaginta
1027 3242 1162 3317 potuitne
1177 3238 1310 3313 prodegit.
1328 3240 1366 3297 La
1385 3242 1433 3299 Pa.
1497 3304 1501 3309 ,

178 3319 351 3369 conservatas
374 3314 458 3371 esaei
481 3314 565 3384 idque
587 3329 685 3370 reuera
709 3312 865 3383 contigere,
884 3323 924 3368 est
945 3323 975 3368 ut
1063 3312 1122 3383 (es)
1139 3313 1186 3373 illi
1209 3315 1312 3371 Petrae
1330 3312 1470 3385 pectionis
1489 3312 1654 3369 amiliaco.
1674 3304 1738 3365 llaec
1757 3325 1824 3368 sane

179 3382 270 3437 testari
295 3383 360 3437 uelit
388 3384 438 3439 hoc
462 3382 522 3439 loco
544 3383 734 3439 Tertullianus.
755 3387 791 3439 ht
814 3398 887 3450 vero,
903 3386 974 3455 quod
1026 3386 1136 3442 Petrum
1165 3385 1279 3441 aomina
1305 3384 1404 3441 vidisse
1431 3391 1572 3450 metantur,
1600 3389 1632 3436 ut
1658 3381 1770 3437 Paulum
1798 3390 1825 3438 et

179 3450 392 3532 obliviscendum
410 3468 466 3509 eoa
485 3465 537 3521 eat,
551 3452 645 3510 volunt
656 3452 707 3509 uiri
720 3452 870 3509 doctissimi
884 3469 973 3526 oppo-
989 3438 1011 3519 ὓ
1026 3457 1168 3523 loannem,
1189 3469 1304 3525 quorum
1317 3454 1362 3510 hic
1375 3454 1454 3525 etiam
1469 3448 1500 3511 tit
1512 3451 1626 3532 mentio.
1648 3451 1750 3533 Omnes
1772 3468 1823 3507 au·

179 3529 245 3578 sitas
259 3521 344 3579 luisse
358 3524 408 3578 hoc
422 3522 482 3580 loce
500 3524 682 3583 authenticas
697 3523 822 3594 litteras,
839 3540 893 3582 non
907 3541 973 3596 apo-
1024 3536 1077 3585 tem
1093 3526 1208 3583 inlicem
1229 3524 1404 3596 adaquantur
1431 3522 1553 3594 martyrii
1576 3532 1737 3579 constantia.
1752 3523 1823 3581 Ter·

229 3595 291 3674 phia
318 3590 431 3662 Graecis,
456 3593 503 3649 sed
529 3593 797 3663 interpretationibus
817 3595 972 3654 earumdem
1025 3597 1085 3652 tull.
1099 3598 1153 3651 hoo
1167 3596 1236 3651 libro
1251 3594 1284 3653 dc
1298 3596 1448 3668 Proscrip.
1465 3594 1534 3650 liter.
1553 3609 1560 3650 ι
1579 3594 1763 3665 «Beneqnod
1778 3592 1825 3650 Pe

178 3607 291 3745 mania.
307 3662 353 3733 Sic
376 3662 447 3719 euim
467 3665 505 3720 ait
524 3664 661 3737 higsltius
682 3664 735 3721 dici
759 3668 787 3721 in
810 3667 879 3724 libro
900 3667 972 3723 Ter·
1027 3678 1085 3725 trus
1099 3667 1181 3724 Paulo
1196 3674 1224 3721 et
1238 3667 1265 3721 in
1285 3668 1416 3737 martyria
1443 3664 1617 3737 dannatur.»
1633 3660 1750 3721 lieiraeus
1765 3664 1823 3735 (lib.

180 3734 284 3791 tulliani
307 3736 345 3815 ρο
360 3733 541 3815 Megareia,
559 3752 619 3807 cap.
636 3740 680 3802 ti,
699 3746 804 3793 exsmrs
827 3737 855 3793 in
879 3739 973 3796 Graeco
1025 3754 1069 3809 tii,
1089 3754 1121 3794 ca
1142 3778 1149 3793 .
1172 3740 1198 3807 t)
1220 3738 1327 3793 Petrum
1339 3746 1369 3795 et
1384 3683 1496 3793 Ριιῇιιιιι
1514 3734 1608 3793 Romae
1622 3734 1827 3816 evangelizasse

180 3806 346 3862 authentico
370 3806 585 3876 interpretationi
609 3807 710 3863 latinas
732 3808 858 3879 opposito
880 3800 973 3878 locum
1026 3755 1192 3867 attondens·
1214 3801 1361 3865 Ecclesiam
1384 3813 1500 3877 asserit3
1521 3814 1547 3863 et
1565 3821 1623 3876 cap.
1650 3802 1676 3874 3,
1698 3800 1825 3877 magnili-

181 3876 326 3947 quemdam
352 3877 477 3944 apostoli.
510 3877 688 3935 Nihilominus
715 3881 773 3934 haec
804 3879 859 3936 duo
892 3881 972 3935 simul
1027 3897 1089 3938 cum
1104 3878 1229 3937 Ecclesiae
1244 3870 1324 3935 Rom.
1346 3879 1456 3935 ascribit
1469 3874 1610 3947 elogium:
1632 3872 1784 3954 «maximae
1799 3886 1827 3931 et

181 3954 306 4002 constare
319 3961 401 4017 posse
420 3946 579 4018 eiimimem
597 3957 626 4004 nt
644 3956 814 4020 opponantur
837 3966 896 4006 cum
920 3968 974 4008 att·
1027 3951 1223 4021 antiquissimae
1245 3958 1272 4006 et
1295 3949 1419 4006 omnbus
1437 3947 1563 4018 cognitae,
1587 3943 1827 4018 aglonosissimia

183 4016 318 4075 theutica
333 4017 448 4082 littere.
460 4036 511 4076 seu
523 4018 651 4089 epistole,
667 4022 804 4089 quomodo
826 4020 900 4093 loqui
924 4037 972 4079 ao-
1028 4022 1136 4080 duobus
1158 4018 1289 4090 apostolis
1312 4020 1392 4079 Petra
1412 4026 1441 4078 et
1453 4016 1535 4075 Paulo
1554 4014 1648 4074 Rtmae
1667 4015 1785 4072 fundatae
1800 4027 1828 4074 et

181 4086 237 4142 lent
257 4087 444 4157 jnriacoisnlti
470 4098 585 4157 veteres,
611 4092 775 4161 apographis
795 4106 897 4161 earum,
918 4103 974 4149 tum
1027 4094 1179 4150 constituta
1188 4088 1321 4149 Ecclesia.
1341 4088 1442 4216 2¹⁴⁸}
1492 4156 1498 4170 ³
1631 4156 1637 4169 ,
1758 4155 1764 4168 .

180 4172 245 4215 aero
277 4159 388 4217 Graeca
412 4160 595 4219 ammaricus
617 4160 833 4232 interpretationi
862 4163 972 4220 Latine.
1065 4167 1124 4234 (69)
1138 4161 1267 4223 locauit.
1291 4158 1409 4232 Scilicet,
1444 4167 1560 4232 aptista,
1579 4167 1668 4232 capite
1691 4150 1826 4215 absumo

182 4224 246 4284 uec
260 4231 324 4286 olim
343 4230 518 4302 probabiliter
541 4232 683 4303 disputari.
708 4233 898 4290 Verumtamen
924 4237 976 4291 hoc
1028 4234 1154 4291 Sattiae.

182 4310 283 4355 tantuin
311 4300 467 4357 Tertulliani
490 4304 579 4358 verbis
616 4318 673 4360 mea
707 4303 817 4375 quidem
845 4309 977 4363 mutantia
1064 4303 1459 4377 (llllPoataopttamieoleam
1473 4302 1586 4374 wem
1596 4290 1828 4366 &macerabit

182 4369 330 4451 significari
347 4380 457 4443 potest:
473 4374 612 4454 adeundas
635 4388 697 4455 esse
719 4373 880 4448 originalem
895 4372 976 4433 fidem
1030 4393 1128 4503 gotiae
1142 4381 1192 4433 est.
1217 4376 1274 4431 Hoc
1288 4375 1312 4455 ai
1334 4390 1426 4432 reuera
1441 4370 1569 4453 manerii,
1590 4372 1665 4442 qnod
1688 4373 1764 4451 solutis
1800 4368 1827 4427 ni

183 4443 366 4511 quarentibus
380 4443 515 4500 Ecclesiae
536 4445 695 4514 apostolicas
716 4447 752 4501 ob
775 4462 835 4502 eam
855 4461 974 4515 causant,
1021 4454 1024 4460 '
1042 4448 1120 4514 allon,
1133 4463 1168 4502 ex
1182 4447 1359 4516 scripitorihue
1373 4442 1569 4500 ante-Ntcaenis
1587 4449 1747 4498 memorauit
1759 4409 1827 4497 Ter·

182 4510 400 4595 utUins-estigeut,
414 4515 478 4586 quid
503 4515 567 4584 ipsa
590 4515 690 4584 dicant,
709 4515 774 4588 quid
797 4518 932 4581 doceanta
947 4517 976 4573 in
1030 4519 1168 4587 tullianus,
1200 4514 1368 4573 Christianus
1391 4512 1479 4569 statim
1504 4512 1562 4568 lieri
1585 4512 1667 4582 judex
1691 4510 1827 4592 ethnicus,

181 4582 281 4653 quibus
297 4585 406 4657 qmdem
428 4586 568 4656 Eccleaiis,
583 4587 685 4643 seilicet
708 4586 874 4657 apbstolicia‚
889 4587 977 4646 adhue
1031 4589 1185 4660 quicunque
1204 4588 1227 4642 ia
1249 4585 1340 4666 luerit,
1354 4599 1418 4640 cuin
1432 4582 1559 4640 omuibus
1584 4583 1650 4648 suis,
1666 4581 1829 4662 debuisset;

182 4665 273 4710 manet
298 4656 444 4728 apostolica
470 4657 620 4725 successio,
650 4673 681 4713 ao
708 4657 854 4714 recitantur
881 4658 976 4717 litterm
1030 4659 1083 4715 nisi
1096 4673 1227 4731 opponas,
1242 4654 1302 4711 lieri
1326 4671 1415 4724 posse,
1436 4662 1466 4711 ut
1478 4652 1595 4724 apostoli
1618 4653 1741 4733 liberatae
1756 4666 1829 4732 prae·

183 4725 499 4800 propiieapostoloium,
515 4728 635 4786 indolem
649 4744 741 4785 teram
760 4728 880 4801 ipsorum
904 4728 977 4787 rele-
1031 4730 1119 4801 atigiis
1138 4727 1249 4798 magicis
1274 4727 1307 4781 ab
1331 4725 1429 4782 iisdem
1451 4727 1652 4781 attribueretur.
1675 4722 1832 4794 Quinetiam

183 4797 976 4858 rentes.llalietClemenshlexandrinusinStrometelll:
992 4826 1016 4904 n
1031 4799 1228 4877 recordandum
1254 4796 1333 4853 nobis
1364 4807 1415 4863 est,
1443 4795 1599 4853 ludaeorum
1627 4794 1771 4865 primores,
1801 4792 1831 4849 id

183 4864 423 4953 --tmaoteairac
450 4876 491 4929 riis
520 4871 609 4961 hoglon
633 4876 724 4957 poree,
749 4872 798 4927 etii
836 4876 863 4932 ‘e
889 4871 977 4961 obtar—
1033 4871 1107 4944 quod
1120 4869 1242 4951 sandalis
1256 4866 1444 4950 apostolorum
1459 4874 1574 4934 constat,
1594 4865 1719 4922 eumdem
1744 4856 1831 4920 toio-

182 4936 346 5062 ischi.
361 4939 548 5065 cisitu
563 4943 809 5082 intimata,
833 4962 980 5069 tttlh
1251 4939 1833 5082 reicula“attractentur

183 5079 490 5206 &efflemsi
504 5083 688 5153 w⁰⁸¹⁰¹⁰⁸³
714 5082 779 5154 ΟΨ
806 5085 833 5150 θ’
858 5099 886 5148 '³‘
914 5085 980 5149 Μ’
1033 5082 1548 5226 &diffidi-iiiiiimmani
1562 5148 1713 5222 signaculi.
1730 5146 1767 5202 ti
1781 5145 1833 5205 ri.

223 5218 980 5299 (65)depraesenlnntcssiicieniiiiiiesettjcsquebuan-
1069 5162 1127 5298 (723
1148 5227 1251 5283 Sorioto
1275 5224 1384 5296 Spiritu
1409 5225 1504 5280 uertit.
1529 5220 1599 5292 lpse,
1625 5221 1694 5276 libro
1716 5216 1750 5273 de
1776 5216 1835 5274 do-

185 5296 243 5345 tum
257 5294 357 5345 scilicet
367 5294 506 5362 imaginari
521 5294 561 5348 t'aa
575 5306 615 5348 est
629 5292 819 5363 cogitantibus.
837 5296 900 5353 liic.
1033 5315 1096 5371 stop.
1118 5317 1128 5353 .-
1145 5317 1157 5347 ι
1174 5296 1229 5351 Nos
1241 5302 1332 5350 autem
1353 5297 1431 5351 lesus
1444 5308 1568 5350 summus
1590 5290 1719 5347 sacerdos
1734 5298 1760 5344 et
1775 5304 1835 5342 nia-

196 5361 366 5487 ·(⁶⁶{rU”d⁰
380 5363 458 5418 uehis
473 5380 578 5444 qaoque
592 5366 747 5445 nectarites
761 5366 981 5436 prestoeat.Sic
1032 5383 1102 5440 gnus
1117 5368 1200 5422 Patria
1214 5369 1247 5423 de
1271 5382 1322 5424 suo
1345 5365 1464 5421 vestiens
1490 5362 1566 5434 (quia
1592 5361 1639 5434 qui
1667 5364 1695 5419 in
1723 5357 1835 5416 Christo

185 5429 260 5486 lib.l
299 5431 362 5490 udo.
385 5435 580 5491 Meroetica-eut:
600 5432 700 5503 aQuid
717 5436 796 5493 etiam
817 5436 931 5494 Romani
947 5437 981 5493 de
1033 5440 1184 5512 tinguntur,
1204 5436 1341 5495 Christum
1354 5437 1513 5504 induerunt)
1529 5436 1683 5491 sacerdotes
1706 5430 1765 5487 Deo
1783 5431 1835 5485 Pa·
1904 5491 1911 5504 ‚

186 5503 423 5574 protimoaonent.
442 5506 531 5564 ihre.
890 5573 892 5577 ἲ
1034 5510 1070 5567 tri
1086 5524 1136 5567 suo
1150 5506 1224 5579 lecit,
1250 5519 1303 5565 iot
1327 5507 1375 5565 lib.
1400 5506 1435 5561 da
1458 5505 1616 5578 baptismo:
1635 5524 1648 5554 ι
1674 5500 1835 5574 obsignans

220 5603 258 5619 -
273 5576 348 5637 tlsde
361 5578 438 5637 solia
452 5592 559 5651 caepae
572 5579 738 5638 auctorem.
751 5576 929 5639 Conrinceret
938 5579 983 5637 hic
1034 5579 1172 5653 baptimi,
1188 5582 1382 5639 uestimentum
1396 5574 1469 5636 fidei.
1487 5596 1499 5631 ι
1515 5576 1557 5635 La
1571 5570 1619 5632 Pa.
