3840 6134
90 276 143 337 ult
766 272 866 335 LIBER
884 274 926 334 DE
945 274 1059 335 lelld.
1684 281 1737 341 998

90 381 166 430 natus
182 373 206 411 2⁵
221 389 236 427 a
252 381 396 444 prospectu
411 382 437 431 et
449 374 595 448 recogitatu
610 381 810 447 praegnantum,
828 389 889 445 qnae
904 388 928 467 g
944 390 999 430 non
1017 382 1125 443 caperet
1141 374 1230 450 imago
1255 375 1350 431 animae
1369 378 1513 447 imaginem
1536 379 1671 451 corporis:
1689 397 1738 437 nec

90 479 142 521 non
155 461 266 534 singula
280 461 400 533 quotidie
413 478 535 533 corpora,
553 462 601 517 sed
616 472 642 518 ct
656 463 720 518 bina
734 473 760 517 et
774 471 849 518 terna
864 464 888 502 ²⁶
943 463 1101 520 mentiretur
1124 465 1158 518 de
1181 464 1367 534 corporalibus
1392 469 1521 522 membris
1537 468 1691 542 Scriptura,
1713 471 1737 526 si

86 555 112 608 in
131 551 211 607 nnius
226 550 295 606 uteri
307 552 410 606 ambitu
430 551 569 622 prelerunt
584 553 617 609 ²⁸.
635 551 773 607 invenitur
798 553 880 608 etiam
942 568 996 608 non
1017 561 1103 609 erunt.
1129 552 1200 623 Quid
1223 563 1264 609 est
1279 562 1370 608 autem
1385 554 1449 608 illud
1473 558 1546 628 quod
1573 558 1606 613 ad
1630 558 1736 614 inferna

88 643 113 699 in
127 641 190 711 jura
223 638 296 697 civili
311 638 405 696 Graeea
422 641 546 711 quaedam
569 641 724 714 quinionem
740 641 817 698 enixa
833 640 889 712 (39)
941 641 1098 697 transfertur
1113 649 1174 712 post
1186 641 1487 712 divortiumcorporis?
1501 645 1574 715 quod
1587 645 1737 702 detinetur?

87 729 216 799 liliorum,
236 730 319 785 semet
343 728 461 785 omnium
486 736 584 798 mater,
600 731 672 785 unici
692 729 773 786 inatus
787 746 888 802 parens
941 730 1013 801 quod
1023 730 1050 785 in
1061 729 1133 786 diem
1144 729 1241 800 judicii
1255 732 1430 788 reservaturi
1444 731 1478 786 ad
1487 733 1561 801 quod
1574 740 1601 788 et
1615 733 1738 791 Christus

87 816 241 890 multiplex,
255 815 327 873 unici
348 816 417 873 uteri
437 833 571 888 puerpera
593 833 747 890 numerosa,
766 835 826 890 quae
851 825 889 875 tot
941 820 1080 882 moriendo
1091 820 1231 877 deseendit
1241 821 1255 876 ι
1265 823 1334 891 pulo
1349 818 1382 874 nd
1396 820 1500 876 animas
1512 821 1737 885 Patriareharum.

85 908 183 979 stipata
197 904 368 977 corporibus,
391 921 461 976 pene
480 905 597 961 dixerim
620 906 721 978 populo
741 909 808 978 (lb),
828 923 887 964 sex·
941 908 992 964 Sed
1011 910 1196 980 quamobrem,
1213 910 1236 965 si
1259 909 1326 964 nihil
1349 908 1438 964 anima
1458 911 1510 967 sub
1533 910 1640 965 terris?
1663 911 1736 967 Nilril

86 1004 143 1052 tum
157 995 216 1067 ipsa
230 1009 330 1066 corpus
344 993 402 1049 luit.
423 994 552 1051 Universa
565 996 683 1053 conditio
697 998 753 1066 (ιι)
777 995 887 1052 testabi-
941 998 1022 1065 enim,
1038 997 1061 1051 si
1080 1012 1135 1053 non
1158 1013 1257 1069 corpus
1280 999 1359 1070 (lllz
1379 997 1587 1070 incorporalitas
1606 999 1678 1056 enim
1704 1001 1737 1056 ab

84 1092 138 1153 tur,
152 1098 269 1156 corpora
282 1083 316 1138 de
330 1084 490 1154 corporibus
505 1099 665 1156 processura
678 1087 735 1155 jam
750 1085 803 1141 illic
817 1101 884 1152 csse,
941 1085 1014 1142 omni
1033 1100 1133 1155 genere
1148 1085 1277 1141 custodiae
1290 1086 1377 1142 libera
1400 1093 1452 1156 est,
1473 1086 1601 1144 immunis
1625 1104 1640 1143 a
1654 1105 1737 1161 poena

85 1172 157 1228 unde
171 1171 340 1243 procedunt:
362 1173 509 1228 seeundum
526 1173 560 1226 sit
575 1188 683 1228 necesse
702 1181 752 1238 est,
769 1172 840 1246 quod
855 1189 887 1228 ex
940 1182 998 1229 eta
1017 1173 1112 1230 lovela.
1124 1175 1173 1230 Per
1189 1175 1262 1246 quod
1278 1175 1349 1231 enim
1363 1175 1477 1247 punitur
1485 1184 1533 1232 aut
1551 1175 1668 1244 fovetur,
1683 1178 1737 1234 hoc

85 1260 137 1315 alio
151 1268 209 1317 est:
231 1259 298 1315 nibil
318 1273 400 1329 porro
415 1275 447 1314 ex
461 1259 514 1316 alio
533 1267 583 1331 est,
600 1260 652 1316 nisi
668 1261 732 1317 dum
747 1260 885 1334 gignitur:
938 1261 990 1317 erit
1008 1277 1122 1333 corpos;
1139 1263 1248 1319 reddam
1263 1265 1296 1320 de
1316 1264 1368 1321 isto
1384 1264 1490 1336 plenius
1504 1273 1532 1322 et
1545 1266 1735 1338 opportunius.

85 1350 129 1405 sed
145 1359 211 1406 tuuc
224 1348 251 1388 ²⁸
264 1347 319 1404 duo
334 1354 406 1404 sunt.
938 1351 1025 1417 Igitur
1038 1351 1061 1407 si
1076 1352 1140 1422 quid
1154 1354 1278 1408 tormenti
1298 1353 1355 1410 sive
1378 1354 1467 1409 solatii
1481 1353 1569 1408 anima
1594 1354 1737 1427 praecerpit

938 1441 962 1479 2⁰
980 1439 1008 1494 in
1023 1455 1132 1496 carcere
1146 1457 1194 1496 seu
1208 1441 1359 1498 diversorio
1373 1441 1500 1509 interam,
1518 1442 1545 1496 in
1561 1441 1628 1516 igni,
1644 1445 1685 1499 vel
1710 1444 1737 1498 in

387 1489 503 1546 CAPUT
525 1489 583 1546 VH·
938 1529 1000 1585 sinu
1015 1530 1140 1595 Abrabae,
1158 1530 1273 1600 probata
1291 1533 1341 1586 erit
1359 1530 1538 1602 corporalitas
1561 1531 1667 1586 animae.
1697 1531 1738 1586 lu·

117 1617 256 1685 Quantum
280 1615 313 1670 ad
328 1614 512 1687 philosophos,
539 1614 603 1671 satis
624 1615 701 1687 lraec;
719 1614 780 1687 quia
795 1629 882 1686 qnan-
938 1616 1113 1688 corporalitas
1127 1616 1198 1671 enim
1214 1616 1279 1672 nihil
1290 1617 1402 1688 patitur,
1417 1617 1583 1674 nonhabens
1598 1634 1646 1688 per
1663 1617 1737 1689 quod

83 1712 141 1762 turn
159 1704 195 1761 ad
213 1711 333 1775 nostros,
353 1720 385 1760 ex
408 1704 565 1771 abundanti,
590 1703 687 1776 quibus
711 1703 886 1775 corporalitas
902 1672 924 1749 Β
940 1703 1029 1776 aopoti
1040 1703 1139 1774 possit:
1156 1711 1201 1759 ant
1211 1704 1232 1759 si
1248 1705 1340 1772 habet,
1356 1706 1408 1761 hoc
1423 1705 1473 1762 erit
1487 1720 1593 1777 corpus.
1605 1706 1636 1761 ln
1647 1721 1734 1778 quan-

82 1795 184 1849 animae
201 1793 230 1848 in
244 1793 303 1865 ipso
317 1792 466 1866 Evangelio
479 1791 622 1849 relucebit.
642 1791 722 1849 Dolet
735 1792 807 1865 apud
819 1791 887 1847 inle·
941 1802 996 1850 tum
1011 1792 1082 1848 eninr
1101 1807 1181 1848 omne
1195 1791 1348 1864 corporale,
1368 1792 1495 1862 passibile
1508 1802 1565 1860 est;
1576 1793 1604 1848 in
1619 1801 1735 1864 tantum,

84 1895 134 1937 ros
157 1880 247 1937 anima
266 1879 414 1950 cujusdam,
440 1880 552 1952 punitur
566 1880 593 1934 in
607 1879 726 1948 llammn,
742 1889 769 1935 et
782 1880 886 1937 erucia-
939 1880 1010 1953 quod
1026 1880 1154 1952 passibile
1168 1887 1220 1946 est,
1237 1880 1378 1952 corporale
1392 1888 1442 1935 est.

83 1976 132 2022 tur
146 1969 175 2024 in
188 1968 289 2042 lingua,
301 1974 328 2024 et
348 1969 383 2023 de
407 1967 492 2040 digito
515 1967 612 2024 animae
630 1967 760 2026 felicioris
788 1968 901 2040 implo·.
1236 2020 1349 2077 CAPUT
1368 2020 1429 2076 vm

81 2064 128 2111 rat
143 2055 269 2113 solatium
284 2055 363 2112 roris.
382 2055 527 2127 Imaginem
551 2057 688 2113 existimas
707 2057 761 2129 (ιι)
785 2057 885 2113 exitum
901 2110 903 2121 ,
1432 2062 1438 2075 ’

79 2142 161 2199 ιιιιιιιι
181 2144 309 2216 pauperis
331 2143 446 2199 lacuatis
469 2141 551 2200 651
575 2152 602 2199 et
620 2145 711 2200 divitis
725 2146 886 2202 moerentis?
975 2146 1126 2217 Abruptum
1156 2144 1276 2217 alioquin
1300 2153 1327 2202 et
1358 2144 1518 2216 absurdum,
1544 2144 1644 2204 idcirco
1672 2147 1737 2219 quid

79 2234 114 2288 Et
135 2232 204 2305 quid
222 2231 278 2289 illic
300 2232 390 2288 Lnnari
417 2248 515 2290 nomen
539 2233 608 2304 (ta),
622 2235 646 2289 si
660 2249 714 2290 non
729 2235 757 2289 in
772 2235 886 2292 veritate
939 2238 972 2293 de
987 2234 1166 2308 corporalium
1182 2235 1299 2291 eximere
1319 2249 1413 2301 ceusu,
1433 2229 1497 2305 qnia
1517 2234 1623 2292 caeteris
1638 2250 1737 2306 corpo·

82 2335 127 2378 res
141 2322 209 2377 est‘t
224 2321 276 2378 Sed
291 2322 344 2376 etsi
356 2322 448 2395 imago
471 2322 606 2377 credenda
627 2333 678 2393 est,
701 2323 885 2379 testimoninm
939 2326 1043 2382 ratibus
1065 2322 1195 2393 exemplis
1219 2338 1273 2377 nou
1291 2322 1440 2394 adaequet3
1468 2321 1515 2377 uhi
1536 2323 1740 2399 proprietatum·

82 2408 130 2466 erit
153 2409 285 2468 veritatis.
307 2410 337 2465 Si
360 2409 433 2465 enim
456 2423 511 2465 non
533 2411 644 2469 baberet
666 2410 753 2467 anima
776 2426 884 2482 eorpus,
939 2411 1042 2483 privata
1057 2409 1213 2466 discrimina
1227 2409 1296 2482 (45),
1312 2426 1361 2484 per
1383 2426 1444 2482 quae
1463 2409 1664 2484 magnificentia
1687 2429 1736 2469 au-

116 2578 142 2617 ²⁵
157 2578 284 2634 Alienata
306 2582 374 2636 lun.
389 2579 504 2637 alienate
526 2580 614 2639 ereu.
628 2581 653 2620 ²⁶
677 2500 874 2638 Terrenlaquqg
890 2505 1077 2637 ggqtrqqqqm
1090 2583 1155 2638 Por.
1173 2581 1197 2619 ²⁸
1214 2579 1267 2637 Sed
1287 2587 1349 2637 tuuc
1377 2578 1454 2635 obeat
1470 2581 1531 2652 ιιι).
1556 2580 1581 2620 ²⁹
1609 2580 1736 2658 rraeeepu

87 2651 146 2722 lliq.
172 2651 237 2706 Vere.
254 2650 279 2689 ³⁰
294 2651 345 2707 Per
358 2654 437 2708 omit.
460 2655 523 2710 Vera.

784 2722 1030 2788 Commentarius.

116 2800 175 2883 (39)
186 2801 434 2859 Invenituretiom
448 2805 551 2876 injure
561 2802 640 2860 ciuili
652 2803 883 2875 Grrecequoeclum
899 2818 921 2898 g
935 2805 1008 2874 poris
1023 2802 1244 2870 delineationem,
1268 2800 1482 2872 umbratilesque
1495 2817 1592 2858 seusus
1609 2817 1641 2858 ac
1660 2804 1748 2862 colo·.

87 2873 250 2943 quinionem
266 2874 362 2928 enine.
383 2873 573 2930 Nonarbitror
591 2873 749 2945 Septimium
765 2875 816 2930 lroc
831 2877 881 2929 ba·
936 2889 979 2929 res
1008 2875 1112 2939 aeri0s;
1141 2873 1225 2930 voluit
1255 2881 1357 2929 tantum
1386 2874 1514 2942 lrenaeus,
1543 2872 1671 2944 idemque
1706 2884 1734 2932 et

85 2942 146 2998 bere
161 2959 194 2999 ex
208 2942 281 2999 lulio
301 2944 392 3013 Paulo,
417 2960 480 3001 oum
499 2944 522 2999 is
544 2945 683 3001 diversum
704 2959 816 3001 numero
837 2945 880 3000 le·
936 2945 1013 3000 multi
1035 2952 1174 3016 posterum
1195 2944 1290 3001 volunt
1314 2943 1404 2999 inesse
1424 2943 1604 3012 inruentibus
1634 2944 1732 3001 huma-

86 3019 138 3067 tum
154 3013 263 3085 scierat,
279 3012 324 3069 lib.
340 3028 381 3068 ur.
398 3014 426 3070 Si
451 3031 513 3086 pars
537 3015 629 3071 hered.
653 3010 881 3085 pota.,'bimirum
935 3016 988 3082 nis,
1013 3017 1095 3071 etiam
1123 3017 1150 3070 in
1178 3015 1247 3070 coelo
1280 3015 1451 3086 degentibus,
1479 3023 1567 3071 certos
1602 3017 1732 3088 quosdam

85 3083 227 3156 quinquies
256 3094 400 3155 quaternos
428 3086 534 3141 enixam
560 3087 587 3140 iu
617 3087 821 3156 Peloponneso.
852 3087 881 3140 lu

85 3155 161 3224 cujus
182 3156 288 3211 numeri
308 3154 447 3212 mentione
471 3156 570 3213 Paulus
590 3171 605 3208 a
631 3156 717 3213 Plinio
736 3156 879 3226 discrepat.

84 3224 190 3280 Etenim
210 3224 237 3279 in
251 3241 291 3281 vu
311 3226 377 3281 Not.
403 3227 469 3282 bist.
486 3228 525 3284 sie
547 3226 681 3307 legimns:
698 3226 839 3295 Reperitur
854 3235 881 3281 et

85 3292 109 3348 in
124 3296 316 3368 Peloponneso
330 3297 429 3368 quinos
443 3305 536 3380 quater
546 3312 637 3353 enixa.
653 3315 666 3346 ι
682 3295 761 3364 Quod
776 3312 810 3351 ex
823 3296 881 3352 Ari·

84 3366 180 3421 stotele
195 3375 331 3438 sumptum
346 3383 405 3423 esse
425 3369 534 3423 minimo
558 3367 767 3430 adfirmaverim,
790 3383 881 3438 quam-

85 3437 123 3492 tis
137 3436 247 3503 dixerit,
259 3437 306 3490 tot
319 3439 390 3492 πέντε
401 3438 449 3511 γὰρ
463 3440 539 3508 ἔτεκε,
547 3440 587 3493 και
600 3437 631 3492 τὰ
645 3439 725 3492 πολλὰ
739 3437 820 3491 αὐτῶν
831 3437 881 3500 ἐξε-

83 3509 173 3589 epigr:
190 3507 294 3564 Etenim
309 3508 487 3580 Peloponnesi
503 3527 555 3567 non
565 3507 693 3564 meminit.
704 3509 759 3564 Sed
769 3518 796 3564 et
809 3509 882 3565 Stra·

84 3578 117 3634 bo
134 3587 216 3635 etiam
230 3595 262 3636 ex
281 3582 378 3636 eodem
400 3581 546 3637 Aristotele
564 3580 642 3636 aliter
664 3587 764 3646 narrat,
785 3580 811 3634 in
826 3595 880 3651 xv3

85 3649 166 3706 aliter
187 3650 308 3723 agellius
321 3650 349 3705 in
368 3667 397 3708 x.
413 3652 536 3724 Denique
554 3650 712 3707 Aristoteles
731 3650 799 3720 ipse,
814 3650 882 3707 libro

85 3735 166 3790 quem
192 3738 277 3790 supra
304 3721 455 3791 citavimus,
471 3723 565 3778 eadem
591 3722 623 3776 de
645 3738 674 3776 re
694 3721 746 3776 alio
767 3737 797 3776 se
821 3723 880 3778 loco

84 3791 186 3847 dixisse
200 3804 404 3858 commemorat,
419 3795 464 3864 qui
478 3794 553 3849 locus
573 3791 655 3848 hodie
679 3808 734 3847 non
757 3801 878 3862 apparet.

85 3861 169 3919 Gaius
181 3862 229 3917 lib.
250 3877 260 3916 ι
283 3865 361 3920 Fidei
374 3865 557 3930 commissor,
571 3873 599 3918 ut
614 3862 729 3919 refertur
747 3862 774 3918 in
789 3862 834 3918 lib.
851 3878 882 3920 111

84 3935 120 3989 De
134 3933 192 3990 reb.
209 3932 312 4002 dubiis,
327 3942 352 3989 et
365 3936 486 3990 lulianus
500 3935 547 3991 lib.
562 3949 650 3989 xxxva
664 3937 702 3991 De
716 3934 879 3991 solutionib.

84 4002 155 4060 idern
175 4005 285 4061 omnino
304 4006 338 4060 de
354 4004 534 4062 Alexandrina
548 4005 660 4059 muliere
674 4004 792 4071 tradunt,
807 4005 880 4077 quod

84 4075 127 4130 hic
140 4075 289 4147 Septimius
301 4085 394 4132 noster
407 4076 441 4131 de
460 4077 563 4132 areca.
581 4076 643 4130 ltro.

120 4146 179 4214 (ιιι)
192 4148 223 4202 lu
233 4148 300 4218 jure
310 4147 398 4204 civili.
408 4148 438 4202 ln
448 4147 703 4203 iurisconsultorum
717 4144 801 4212 libris,
813 4162 882 4219 quos

85 4215 122 4268 ita
136 4215 221 4271 citare
240 4218 328 4272 solent
350 4218 430 4274 etiam
453 4227 557 4274 veteres
584 4215 762 4289 grammatici.
784 4219 884 4273 Auctor

88 4284 192 4352 Qoaest·
207 4289 275 4343 tto:
292 4289 434 4361 «Legitur
455 4304 572 4359 namque
591 4292 701 4343 cautum
723 4287 749 4341 in
764 4287 882 4357 quodam

81 4355 252 4423 jurislibello
267 4358 411 4431 aliquando
424 4360 563 4417 mulierem
578 4357 698 4431 quinque
711 4357 879 4429 peperisse.»

86 4428 286 4486 llam-liuius
300 4433 376 4487 uteri
386 4446 525 4514 puerpera
541 4444 702 4498 numeroso,
715 4433 828 4500 putatet
838 4430 888 4485 cti-

81 4503 152 4569 poto
176 4499 332 4571 coenatus,
347 4517 420 4572 pene
434 4503 556 4559 dexerim
574 4500 685 4583 populo.
702 4499 748 4555 Sic
762 4500 887 4555 Manilius

84 4574 195 4627 Astron.
213 4585 234 4626 ι.
251 4570 286 4626 de
304 4572 461 4654 tergeminis
482 4573 597 4628 lloratirs
618 4570 696 4640 dixit,
722 4571 789 4627 Toto
812 4571 886 4628 acies

83 4644 196 4767 gelagius.
213 4670 250 4681 ··
262 4640 330 4696 Nam
347 4650 383 4698 ιιι
402 4643 545 4714 legendnm
559 4641 725 4713 exemplaria
741 4648 885 4697 testantur.

118 4782 178 4854 (ll)
197 4783 329 4841 Uuirrerso
343 4783 476 4842 conditio.
493 4783 627 4856 Quidquid
642 4784 727 4840 aDee
742 4783 883 4840 conditum

83 4863 259 4926 creatumque
273 4865 322 4910 est.
340 4856 401 4910 ltro.

131 4926 168 4979 42
196 4925 352 4997 implerem
367 4926 530 4982 existimus.
547 4925 714 4982 Parabolam.
729 4927 792 4981 ilva.
827 4959 828 4962 =

131 4996 167 5050 43
199 4996 232 5050 at
242 4998 310 5067 quid
324 4998 427 5052 tenori
440 5012 554 5053 nomen.
570 4999 598 5052 ln
613 4996 674 5053 eod.
691 4995 828 5068 agobardi
842 4996 882 5052 le·

85 5063 169 5137 gitur,
188 5065 306 5123 Eusori
327 5066 462 5123 Craterum
481 5069 575 5123 eodem
599 5084 631 5123 ex
656 5067 766 5124 historia
790 5067 880 5122 Lazari

85 5143 246 5217 argumento
271 5139 406 5202 Itonaeos,
435 5139 506 5194 cirea
540 5153 700 5210 corporeum
737 5139 880 5206 quemdam

86 5221 181 5263 animae
218 5207 340 5266 habiturn
377 5209 499 5279 ejusdem
531 5225 591 5264 curn
626 5208 755 5280 Septimio
789 5217 880 5264 nostro

85 5278 221 5335 sentemiae
246 5295 306 5336 esse
331 5280 438 5337 videtur
460 5281 509 5337 lib.
538 5295 568 5346 u,
590 5296 649 5350 cap.
674 5283 709 5334 62
732 5286 759 5334 et
778 5282 823 5334 63.
848 5279 881 5334 Et

88 5356 176 5403 tamen
195 5351 272 5406 solua
292 5352 403 5424 vapulat
425 5350 580 5422 Septimius.
600 5351 699 5416 Credo,
721 5351 793 5422 quod
817 5350 879 5406 elo-

85 5420 147 5490 quio
169 5421 313 5478 disertiora
339 5423 485 5480 notabilem
503 5437 534 5477 se
553 5421 625 5479 lecit.
650 5422 711 5479 Rto.
726 5452 762 5464 -
776 5422 880 5493 Perpe-

87 5505 143 5545 rsm
172 5492 216 5548 bic
238 5493 342 5549 lreuteo
372 5494 498 5550 tribuitur
525 5507 611 5558 error,
632 5508 685 5566 qno
703 5492 883 5549 Tertullianus

90 5560 138 5616 sibi
159 5562 266 5637 effingit
293 5565 436 5623 animabus
463 5565 644 5624 inhaerescere
659 5564 796 5638 quandam
821 5577 883 5621 eor·

935 3094 1084 3142 caracteres
1107 3095 1134 3141 et
1162 3092 1263 3140 eertum
1288 3085 1431 3155 qnamdam
1458 3086 1584 3141 ordinem
1611 3089 1734 3158 corporis

935 3173 967 3210 su
988 3156 1118 3221 erstitem,
1134 3155 1233 3226 quibus
1243 3155 1343 3209 abaliis
1357 3155 1508 3225 spiritibus,
1524 3173 1624 3228 nempe
1636 3159 1670 3213 ab
1684 3174 1733 3214 an·

935 3174 1013 3297 geiis,
1039 3226 1138 3281 animae
1164 3227 1289 3280 humauae
1309 3225 1521 3297 distinguantur.
1551 3227 1670 3298 idipsum
1691 3238 1734 3286 est

934 3298 1008 3368 quod
1022 3307 1098 3353 vocat
1113 3297 1233 3351 lrenaeus
1252 3297 1445 3353 eboruoterem
1456 3299 1579 3368 corporis
1594 3302 1622 3353 el
1644 3298 1733 3356 temt-

935 3371 980 3426 uis
994 3369 1127 3440 ligurum.
1143 3367 1207 3423 llaec
1231 3366 1317 3423 insius
1336 3366 1368 3421 D.
1390 3368 1506 3423 llassuet
1528 3369 1563 3422 ad
1587 3368 1638 3423 loc.
1659 3370 1731 3426 citat.

934 3455 966 3495 ao
979 3439 1132 3510 praesertim
1150 3438 1177 3493 in
1193 3439 1301 3494 dissert.
1318 3453 1367 3493 sua
1382 3441 1408 3502 3,
1429 3445 1478 3494 art.
1500 3442 1544 3493 ll.
1560 3438 1629 3494 Eoo.

971 3511 1112 3581 (salutauit
1122 3511 1316 3566 enimenimu.
1332 3512 1358 3565 sr'
1371 3525 1547 3582 uoucorpus.
1564 3509 1734 3582 Augustinus

936 3589 1025 3639 notat:
1045 3601 1056 3632 v
1074 3580 1197 3653 Denique
1220 3579 1398 3636 Tertullianus
1418 3594 1518 3650 corpus
1535 3580 1649 3635 animam
1672 3597 1733 3638 esse

936 3651 1060 3721 credidit,
1077 3666 1131 3707 non
1145 3652 1278 3714 abaliud,
1294 3651 1345 3705 nisi
1359 3649 1431 3721 quod
1454 3667 1515 3706 cam
1542 3653 1734 3721 incorpoream

935 3724 1055 3796 cogitare
1070 3739 1124 3779 non
1138 3721 1234 3793 potnit,
1249 3730 1277 3777 et
1291 3721 1352 3776 ideo
1367 3721 1455 3777 timuit
1469 3737 1502 3777 ne
1517 3721 1585 3776 nibil
1601 3732 1684 3788 esset,
1708 3723 1731 3779 si

935 3810 1045 3921 qorpus,
1068 3814 1080 3845 ι
1098 3803 1149 3849 etc.
1166 3793 1224 3849 Lib.
1240 3811 1271 3861 x,
1288 3792 1322 3850 de
1347 3793 1443 3850 Genesi
1457 3792 1491 3847 ad
1514 3793 1554 3848 lit.
1571 3793 1622 3850 sub
1640 3792 1732 3851 linem.

961 3881 998 3922 ro.
1732 3881 1735 3886 ·

970 3937 1028 4006 (td)
1051 3936 1209 4010 Abruptum
1232 3936 1361 4008 alioquin
1394 3939 1421 3990 et
1445 3933 1609 4003 absurdum,
1632 3935 1737 3995 idcirco

935 4007 1049 4079 quidde
1072 4009 1262 4079 corporalium
1280 4009 1405 4065 eximere
1419 4021 1513 4068 ceusu.
1535 4009 1602 4080 quio
1625 4008 1737 4065 crateris

935 4077 1125 4160 corporalibus
1133 4077 1739 4150 enemplisuooadoequet,ublproprietutem

899 4151 1049 4230 nprnnotu
1068 4149 1243 4204 discrimina.
1260 4147 1305 4203 Est
1323 4148 1396 4219 quod
1412 4147 1540 4202 miremur
1555 4149 1737 4218 augustinum

937 4223 998 4288 post
1013 4219 1069 4272 traec
1083 4219 1166 4273 verba
1179 4217 1311 4297 Septimio
1326 4227 1417 4272 nostro
1439 4216 1615 4272 nihilominus
1640 4217 1740 4273 acerbe

936 4302 1118 4344 succensere:
1141 4307 1152 4338 ι
1174 4287 1243 4356 Quia
1261 4301 1336 4352 sanc,
1358 4286 1455 4355 inquit,
1480 4289 1608 4357 quoniam
1643 4296 1740 4344 acutus

942 4367 990 4426 cst,
1012 4358 1144 4414 interdum
1169 4364 1263 4412 contra
1285 4356 1441 4426 opinionem
1455 4371 1532 4411 snam
1550 4357 1607 4411 visa
1626 4358 1739 4415 veritate

942 4438 1090 4501 superatur.
1115 4426 1187 4497 Quid
1211 4426 1283 4482 enim
1301 4427 1391 4482 verius
1408 4424 1499 4482 dicere
1527 4426 1625 4498 potuit,
1654 4445 1740 4502 quarn

941 4501 968 4555 id
984 4501 1056 4570 qnod
1071 4500 1107 4555 ait
1120 4497 1238 4572 quodam
1263 4497 1341 4552 loco:
1367 4495 1456 4552 Omne
1474 4498 1614 4567 corporale
1646 4500 1738 4569 passi·

941 4572 993 4626 bile
1012 4572 1075 4627 esti
1091 4570 1189 4626 Debuit
1203 4584 1268 4638 ergo
1282 4575 1385 4623 mutare
1396 4567 1568 4639 sententiam,
1590 4582 1645 4640 qua
1659 4570 1738 4638 paulo

939 4643 1068 4712 superius
1091 4642 1194 4697 dixerat
1217 4641 1298 4695 etiam
1323 4640 1408 4695 Deum
1435 4653 1535 4709 corpus
1557 4654 1628 4696 asse.
1645 4639 1685 4695 Ne
1703 4656 1739 4696 ue

939 4713 1143 4768 enimarbitror
1165 4727 1226 4768 eum
1255 4711 1293 4765 ita
1319 4707 1492 4780 desipuisse,
1522 4716 1553 4766 ut
1580 4708 1660 4764 etiam
1686 4657 1740 4765 bn

939 4792 1061 4839 naturam
1084 4783 1239 4854 passibilem
1258 4781 1392 4839 crederet.
1412 4799 1423 4829 ι
1447 4778 1570 4836 Proiecto
1588 4779 1661 4835 enim
1688 4779 1740 4836 boc

937 4857 1023 4911 voluit
1037 4855 1197 4926 Septimius,
1218 4854 1322 4909 animas
1348 4851 1468 4924 quidem,
1483 4867 1514 4906 ac
1541 4852 1627 4907 Deum
1649 4849 1740 4921 ipsum

938 4941 998 4983 esse
1018 4940 1144 4998 corpora,
1159 4926 1207 4982 sed
1222 4940 1337 4996 corpora
1351 4923 1392 4978 sui
1406 4922 1526 4997 generis,
1541 4922 1594 4979 hoe
1609 4927 1662 4991 est,
1677 4937 1739 4978 cum

936 5013 1044 5052 suarum
1078 4996 1273 5067 proprietatum
1327 4995 1429 5065 privato
1476 4994 1641 5050 discrimine.
1681 4993 1741 5064 Quo

936 5067 1179 5150 saussigniticavit
1205 5067 1267 5123 talia
1295 5081 1324 5121 se
1347 5080 1462 5137 corpora
1489 5064 1651 5148 intelligere,
1680 5081 1741 5138 quae

936 5155 985 5194 nee
1013 5153 1110 5193 ammae
1136 5137 1268 5211 dignitati,
1295 5150 1346 5193 nec
1372 5135 1510 5205 maiestati
1536 5138 1635 5195 divrnae
1657 5139 1740 5210 quid-

934 5224 1016 5282 quam
1039 5209 1169 5266 olficiant.
1187 5211 1279 5280 ltaque
1301 5222 1351 5264 nec
1374 5214 1520 5278 propterea
1538 5209 1589 5265 Dei
1615 5215 1740 5263 naturam

933 5297 992 5336 esse
1012 5282 1176 5351 passibilem,
1192 5280 1314 5350 quamvis
1329 5288 1473 5351 propterea
1486 5280 1521 5335 sit
1533 5281 1629 5336 animae
1644 5290 1740 5334 natura

934 5353 1081 5424 passibilis.
1106 5354 1213 5410 Etenim
1239 5366 1299 5408 esse
1326 5351 1422 5407 animae
1447 5366 1547 5421 eorpus
1574 5349 1617 5406 sui
1630 5348 1740 5419 generis

936 5441 984 5495 per
996 5425 1070 5498 quod
1084 5425 1220 5496 patiatur3
1236 5439 1296 5479 esse
1323 5432 1413 5479 antem
1428 5422 1486 5479 Deo
1501 5435 1608 5493 quoque
1640 5432 1741 5489 corpus

937 5495 977 5621 qni
992 5496 1111 5570 generis,
1122 5498 1224 5553 lrocest
1235 5494 1331 5567 divini,
1341 5496 1463 5565 adeoque
1476 5490 1611 5564 passionis
1632 5504 1740 5560 expers.

963 5582 1002 5623 tn.
