3840 6134
147 329 201 392 i'll

828 333 924 394 thau
947 331 991 395 ot
1010 333 1125 395 thllh.

1747 335 1800 398 722

149 457 216 516 mibi
231 454 371 514 exhibebit
385 471 492 512 sensum
506 471 561 514 non
576 456 774 531 intelligentem
790 461 864 531 quod
883 476 947 517 sen·
962 448 986 527 fl
1002 463 1203 533 persuasionem
1218 461 1287 534 (23).
1305 461 1356 520 Sed
1371 465 1404 520 de
1418 464 1486 534 ooo,
1501 479 1552 522 suo
1567 480 1675 538 quoque
1690 479 1798 538 campo,

148 545 192 616 tit,
207 553 256 602 aut
280 544 445 601 intellectam
467 559 521 599 non
545 545 705 601 sentientem
720 548 792 615 quod
812 547 947 617 intelligit,

146 645 178 692 ut
193 633 294 706 probet
307 633 422 706 alterurn
445 632 503 688 sine
518 634 543 671 ³⁷
558 634 643 691 altero
658 636 761 705 posset
776 634 804 691 Si
818 650 949 708 corpora-

146 721 185 778 lia
198 721 311 794 quidem
327 721 492 786 sentiuntur,
510 720 689 792 incorporalia
710 737 775 778 vero
790 724 947 795 intelligun-

145 820 199 881 tur,
216 826 309 866 rerum
330 824 430 881 genera
444 809 551 867 diversa
569 818 643 874 sunt,
660 825 713 866 non
728 811 866 868 domicilia
879 829 946 869 sen-

143 907 233 955 susat
247 896 411 962 intellectus,
428 900 521 967 idest,
537 913 592 953 uon
612 898 702 954 anima
718 908 745 953 et
759 900 877 958 animus.
894 901 947 957 De·

142 987 269 1059 niquea
293 1001 346 1059 quo
371 989 522 1042 sent'untur
544 987 721 1057 corporalia?
735 988 763 1044 Si
787 991 821 1043 ab
842 989 945 1058 animo,

144 1089 212 1149 ergo
224 1077 282 1147 jam
296 1083 323 1132 et
337 1076 471 1132 sensualis
485 1085 526 1132 est
540 1077 660 1142 animus,
676 1093 729 1132 non
745 1087 848 1133 tantum
863 1079 945 1134 intel·

145 1163 271 1220 lectualis
286 1180 293 1217 :
310 1179 372 1217 nam
395 1164 458 1218 dum
484 1162 622 1236 intelligit,
643 1164 739 1232 sentit;
766 1165 826 1238 quia
852 1167 875 1221 si
892 1183 946 1223 non

142 1253 238 1322 sentit,
257 1267 309 1308 neo
333 1250 468 1323 intelligit.
489 1251 516 1306 Si
536 1266 602 1306 nero
626 1252 660 1306 ab
681 1253 773 1308 anima
796 1254 947 1324 corporalia

141 1339 309 1406 sentiuntur,
338 1338 395 1408 iam
419 1354 486 1409 ergo
509 1339 696 1396 intellectualis
717 1350 758 1397 est
780 1343 819 1398 vis
839 1343 944 1412 animat,

141 1444 199 1484 non
214 1435 319 1483 tantum
345 1427 478 1482 sensualis
502 1445 508 1481 :
534 1443 598 1483 narn
612 1430 677 1483 dum
694 1430 783 1496 sentit,
801 1429 943 1504 intelligit3

140 1514 207 1586 quia
220 1515 244 1572 si
259 1530 313 1570 non
327 1514 467 1588 intelligit,
484 1531 534 1570 nec
554 1516 645 1572 sentit.
664 1516 786 1586 Proinde,
802 1535 884 1590 aquo
900 1519 943 1573 in-

139 1606 304 1679 telliguntur
317 1605 523 1675 incorporalia?
544 1604 568 1661 si
582 1605 616 1659 ab
641 1607 741 1675 auimo,
758 1606 804 1663 ubi
823 1608 872 1663 erit
886 1607 944 1663 arri-

139 1693 210 1751 ma?
224 1694 248 1748 si
272 1694 307 1748 ab
321 1693 422 1753 anima.
440 1692 487 1747 uhi
511 1693 561 1747 erit
577 1694 707 1750 animust
724 1692 792 1764 Quae
815 1695 884 1750 enim
902 1695 945 1750 di-

140 1788 229 1850 stant,
244 1781 340 1838 abasse
357 1781 474 1837 invicem
497 1781 607 1850 debent,
627 1795 689 1838 cum
714 1782 770 1837 suis
789 1784 944 1840 muneribus
961 1755 983 1834 Β

145 1878 306 1939 operantur.
320 1870 432 1925 Putabis
457 1869 566 1941 quidem
591 1871 686 1924 abesse
700 1869 820 1926 animum
835 1871 869 1926 ab
885 1871 944 1927 ani·

143 1972 205 2028 ma,
222 1957 248 2012 si
271 1961 374 2029 quando
393 1959 485 2013 animo
509 1958 545 2011 ita
568 1955 711 2025 allicimur,
738 1967 768 2014 nt
795 1960 948 2016 nesciamus

140 2060 197 2101 nos
213 2046 313 2103 vidisse
326 2047 404 2119 quid,
420 2047 461 2103 vel
484 2047 607 2112 audisse,
623 2047 687 2116 qnia
710 2047 774 2103 alibi
790 2048 868 2104 luerit
886 2048 947 2104 ani-

138 2150 203 2189 mus
218 2135 291 2206 (2ι);
306 2136 377 2191 adeo
399 2134 572 2203 contendam,
590 2135 646 2190 imo
663 2135 750 2208 ipsam
765 2138 881 2192 animam
899 2152 947 2192 nec

136 2222 254 2290 uidisse,
270 2240 318 2280 nec
342 2224 463 2292 audisse,
479 2225 545 2294 quia
568 2222 633 2278 alibi
656 2224 738 2280 luerit
760 2241 820 2279 eum
840 2241 887 2279 sua
908 2226 942 2300 vi,

138 2310 168 2365 id
184 2318 240 2379 est,
256 2312 362 2368 animo.
380 2313 447 2367 Nam
463 2319 566 2368 etcum
581 2312 712 2367 dementit
727 2313 945 2379 homo,demen-

136 2399 171 2453 tit
186 2398 292 2464 anima,
313 2413 367 2454 non
391 2399 595 2471 peregrinante,
616 2399 665 2457 sed
683 2400 864 2470 compatiente
884 2411 946 2457 trino

133 2486 244 2542 animo.
256 2485 400 2555 Caeterum,
412 2488 511 2544 animae
526 2488 713 2560 principaliter
728 2505 808 2544 casus
822 2498 865 2546 est
876 2491 942 2561 (22)»

132 2575 199 2631 lloc
221 2573 286 2631 inde
311 2576 440 2646 firmatur,
457 2578 540 2647 quod,
556 2578 646 2634 anirna
668 2578 799 2651 digressa,
818 2596 867 2636 nec
886 2579 945 2634 ani-

131 2679 202 2719 mus
225 2663 255 2718 in
270 2664 381 2720 homine
403 2664 555 2721 inveniatur
571 2684 577 2720 :
595 2667 632 2721 ita
651 2667 721 2722 illam
738 2667 836 2738 ubique
851 2669 943 2740 sequi-

130 2758 193 2818 tur,
210 2767 225 2805 a
239 2767 295 2824 qua
309 2769 360 2808 nec
379 2753 406 2808 in
422 2752 475 2808 bne
490 2755 673 2810 subremanet.
689 2754 755 2809 Cum
771 2770 835 2811 nero
850 2756 944 2828 sequi·

129 2848 183 2896 tur
199 2849 229 2895 et
243 2839 386 2911 addicitur,
397 2842 510 2914 perinde
521 2844 673 2898 intellectus
687 2845 782 2898 animae
797 2845 941 2911 addicitur,

1001 552 1172 623 experiemur
1191 568 1251 607 cum
1270 554 1405 610 hereticis
1423 555 1492 624 (at).
1518 556 1595 610 Nunc
1610 556 1644 610 de
1663 557 1752 612 anima
1767 556 1801 612 ti·
1900 560 1906 571 ’

1002 642 1085 712 tulus,
1100 650 1128 698 et
1141 641 1280 699 intellectu
1299 658 1352 698 non
1376 643 1502 698 insidiose
1522 642 1691 713 praeterendo
1711 647 1798 702 locus.

1000 729 1067 785 Nam
1090 729 1140 786 etsi
1164 729 1270 802 potiora
1294 737 1437 802 suntque
1461 731 1598 787 intellectu
1621 733 1799 806 attinguntur,

1001 827 1030 873 ut
1049 817 1190 890 spiritalia,
1208 835 1289 890 quam
1303 835 1363 891 quae
1378 835 1468 888 sensu,
1484 828 1515 876 ut
1535 821 1694 892 corporalia,
1711 838 1801 878 rerum

1000 907 1051 962 erit
1071 907 1200 976 praelatio,
1223 907 1412 963 sublimiorum
1439 907 1542 964 scilicet
1565 910 1695 965 adversus
1713 893 1801 965 humi·

999 994 1091 1059 liores,
1108 1012 1163 1049 non
1186 996 1339 1051 intellectus
1358 997 1487 1051 adversus
1511 1013 1632 1052 sensum.
1658 996 1800 1066 Quomodo

1002 1084 1072 1139 enirn
1089 1082 1248 1153 praeieratur
1262 1083 1352 1140 sensui
1370 1083 1427 1151 (25)
1442 1082 1604 1150 intellectus,
1620 1100 1703 1156 aquo
1717 1084 1800 1140 inior·

999 1182 1088 1228 matur
1102 1172 1136 1226 ad
1151 1172 1336 1246 cognitionem
1349 1171 1518 1228 veritatum?
1540 1172 1569 1227 Si
1586 1173 1658 1228 enirn
1672 1173 1800 1230 ueritates

1001 1276 1050 1330 per
1073 1259 1204 1330 imagines
1227 1259 1475 1330 adprehenduntur,
1490 1258 1516 1313 id
1536 1269 1576 1314 est
1591 1260 1736 1316 invisibilia
1751 1277 1799 1330 per

998 1348 1113 1404 visibilia
1128 1357 1287 1415 noscuntur,
1303 1348 1366 1419 quia
1390 1356 1416 1403 et
1441 1348 1587 1418 apiostolus
1602 1349 1680 1405 nobis
1705 1348 1800 1404 scribit

995 1436 1088 1504 (Rom.
1101 1437 1173 1501 aab)
1184 1454 1190 1490 :
1200 1436 1355 1492 invisibilia
1365 1437 1444 1491 enim
1454 1438 1539 1507 ejusa
1548 1437 1709 1494 conditione
1718 1454 1804 1494 mum·

998 1522 1027 1577 di
1042 1522 1076 1580 dc
1089 1525 1297 1594 factitamentis
1321 1524 1470 1580 intellecta
1490 1524 1645 1590 uisuntur‚·
1669 1531 1695 1579 et
1719 1523 1794 1582 Pluto

997 1607 1129 1665 hereticis
1144 1629 1150 1666 ε
1168 1612 1264 1667 Facies
1277 1611 1465 1678 occultorum,
1475 1625 1508 1664 ea
1522 1627 1585 1681 quoe
1598 1615 1755 1683 apparent;
1769 1616 1798 1665 et

997 1711 1109 1753 necesse
1124 1705 1167 1752 est
1180 1696 1289 1752 omuino
1306 1700 1377 1751 bunc
1396 1697 1525 1751 muudum
1550 1697 1695 1771 imaginem
1708 1713 1799 1769 quam-

998 1784 1060 1840 dam
1075 1800 1136 1840 esse
1146 1785 1257 1840 alterius
1266 1785 1389 1856 alicujus.
1403 1785 1429 1822 ⁸⁸
1438 1783 1551 1839 Videtur
1565 1782 1716 1841 intellectus
1727 1787 1798 1843 duce

1000 1873 1038 1929 uti
1054 1890 1147 1939 sensu,
1161 1882 1189 1929 et
1202 1881 1318 1939 auctore,
1334 1882 1361 1928 et
1383 1872 1525 1944 principali
1549 1871 1732 1944 tundamento,
1749 1891 1798 1932 nec

1001 1961 1060 2016 sine
1074 1960 1120 2017 illo
1142 1961 1269 2017 veritates
1293 1977 1373 2030 posse
1396 1959 1518 2034 contingi
1542 1977 1549 2014 :
1573 1960 1710 2029 quomodo
1731 1978 1797 2033 ergo

1002 2049 1091 2120 potior
1105 2050 1157 2104 erit
1170 2064 1202 2105 eo
1223 2065 1270 2119 per
1283 2064 1363 2120 quem
1380 2059 1431 2114 est,
1446 2064 1500 2115 ouo
1515 2056 1585 2123 eget,
1606 2049 1648 2104 cui
1664 2047 1744 2105 debet
1757 2058 1799 2106 to·

1001 2148 1059 2193 tum
1076 2138 1148 2208 quod
1167 2136 1295 2207 attingit?
1310 2138 1347 2192 lta
1365 2143 1511 2207 utrumque
1531 2135 1723 2192 concluditur:
1749 2154 1797 2194 ne·

1001 2241 1055 2297 que
1083 2223 1281 2295 praeterendum
1309 2224 1400 2280 serrsui
1423 2224 1610 2291 intellectum;
1639 2240 1687 2296 per
1715 2241 1795 2296 quem

999 2313 1072 2370 enim
1086 2313 1152 2383 quid
1162 2319 1277 2379 constat,
1292 2311 1402 2367 interius
1415 2312 1476 2382 ipso
1491 2320 1552 2382 est;
1568 2327 1656 2382 neque
1668 2328 1797 2383 separan-

999 2403 1065 2459 dum
1076 2418 1091 2458 a
1102 2418 1183 2458 sensu
1200 2419 1206 2460 :
1224 2419 1269 2473 per
1282 2402 1354 2473 quod
1369 2401 1440 2456 enirn
1451 2400 1514 2473 quid
1528 2409 1580 2468 est,
1592 2415 1652 2455 cum
1668 2399 1727 2470 ipso
1742 2408 1794 2460 est.

1278 2544 1390 2602 CAPUT
1431 2544 1509 2600 XIX.

1034 2669 1088 2726 Sed
1103 2685 1137 2726 ne
1160 2667 1201 2723 illi
1224 2667 1333 2740 quidam
1357 2668 1545 2738 praetereundi,
1563 2667 1609 2739 qui
1625 2667 1667 2726 vel
1687 2667 1796 2724 modico

997 2757 1128 2828 temporis
1148 2757 1260 2813 viduant
1284 2757 1399 2811 animam
1423 2755 1574 2811 intellectu.
1594 2754 1711 2811 Proinde
1725 2755 1797 2809 enim

996 2843 1066 2899 niam
1083 2855 1206 2900 sternunt
1221 2853 1314 2912 postea
1329 2842 1473 2898 inducendi
1488 2844 1557 2913 ejus,
1573 2843 1643 2897 sicut
1656 2848 1684 2896 et
1697 2841 1723 2880 ⁹⁰
1737 2841 1797 2897 ani-

135 2943 228 3001 quanr
246 2930 365 3001 sequitur
387 2930 493 2985 animus
511 2930 554 2986 eui
574 2930 706 2987 addicitur
725 2932 887 2988 intellectus.
904 2934 944 2989 Sit
996 2932 1043 2998 mi,
1055 2948 1072 2988 a
1084 2949 1138 3002 quo
1153 2931 1259 2988 scilicet
1272 2930 1296 2968 ⁹¹
1312 2930 1451 3000 proveniat
1466 2931 1628 2986 intellectus.
1639 2929 1739 2986 Volunt
1753 2928 1796 2985 in·

127 3032 214 3072 nunc
227 3023 256 3071 et
280 3018 370 3087 potior
392 3033 475 3075 sensu
496 3019 658 3084 intellectus,
674 3027 702 3075 et
717 3020 805 3091 potior
820 3021 943 3092 cognitor
959 2998 982 3076 ὓ
997 3021 1110 3078 lantiam
1129 3021 1185 3075 sola
1199 3020 1288 3074 anima
1302 3020 1506 3090 continerique
1518 3017 1796 3084 tantummodovinat‚

126 3112 375 3162 sacmmemmnm
395 3124 401 3161 :
422 3107 569 3162 dummodo
584 3114 611 3162 et
626 3106 684 3178 ipse
699 3108 809 3178 propria
824 3109 865 3167 nis
879 3113 942 3165 ani-

125 3210 204 3263 mae,
226 3194 300 3265 quod
323 3203 351 3250 et
375 3211 481 3258 sensus,
503 3195 568 3249 nihil
584 3210 644 3250 mea
666 3195 788 3261 interest,
809 3197 862 3253 nisi
882 3214 942 3254 cum

127 3282 241 3340 idaiam
256 3281 398 3354 praefertur
420 3282 515 3339 sensui
540 3283 703 3354 intellectus,
719 3292 748 3340 ut
762 3301 795 3341 ex
810 3287 862 3342 boc
874 3303 945 3358 quo-

129 3388 193 3446 que
210 3372 360 3441 separatior
382 3373 520 3437 habeatur,
536 3369 626 3428 680
648 3388 704 3445 quo
719 3374 807 3443 potior
820 3374 946 3430 adfirma-

128 3469 191 3517 tnr.
210 3460 288 3515 Tunc
300 3459 365 3515 mihi
380 3470 438 3529 post
455 3458 644 3526 differentiam,
664 3463 747 3516 etiam
764 3463 882 3534 praelatio
905 3478 946 3518 re·

129 3547 280 3606 tundenda
294 3558 346 3619 est,
370 3555 533 3618 perventuro
556 3549 583 3587 ³⁸
601 3565 687 3621 usque
708 3550 740 3604 ad
762 3552 873 3622 potioris
896 3551 947 3607 Dei

995 3126 1048 3166 non
1068 3117 1097 3165 nt
1112 3104 1212 3180 pariter
1226 3108 1325 3179 sapiat;
1343 3108 1406 3176 quia
1429 3123 1480 3161 nea
1501 3107 1592 3162 omnia
1606 3108 1712 3177 sapiant
1735 3122 1796 3180 quae

996 3199 1087 3254 vivant
1103 3215 1109 3253 :
1126 3196 1252 3268 denique,
1268 3196 1380 3250 arbores
1395 3194 1497 3259 nivere,
1514 3211 1565 3249 nee
1586 3204 1673 3251 tamen
1687 3209 1796 3266 saperes

998 3287 1145 3342 secundum
1167 3283 1349 3350 Aristotelem,
1367 3293 1394 3338 et
1408 3283 1430 3338 si
1445 3283 1508 3354 quis
1527 3282 1597 3338 alius
1616 3282 1796 3338 substantiam

998 3375 1143 3430 animalem
1166 3375 1222 3444 (26)
1236 3375 1262 3428 in
1277 3372 1405 3427 uninersa
1422 3371 1614 3440 communicat,
1637 3386 1698 3442 quae
1722 3370 1796 3440 apud

999 3478 1050 3519 nos
1071 3464 1098 3518 in
1118 3461 1226 3517 homine
1245 3460 1350 3531 prinam
1369 3475 1413 3514 res
1428 3467 1480 3527 cst,
1495 3474 1550 3514 nou
1565 3457 1647 3513 modu
1660 3454 1741 3513 ost
1765 3464 1795 3512 ut

1000 3551 1050 3607 Dei
1063 3566 1142 3622 opus,
1156 3548 1229 3621 quod
1252 3556 1278 3603 et
1301 3554 1408 3616 caetera,
1423 3548 1471 3604 sed
1493 3552 1523 3602 ut
1546 3545 1597 3600 Dei
1613 3544 1702 3612 ssatus,
1722 3545 1794 3615 quod

171 3741 201 3782 θ’)
212 3742 251 3798 Es
267 3741 327 3799 cod.
344 3743 478 3813 agobard.
494 3742 520 3780 ⁸⁸
533 3744 811 3815 Perventuraquoque
824 3649 918 3804 ἕζὶιιῗ
932 3653 1103 3804 muggam
1113 3745 1185 3816 quod
1201 3744 1252 3801 sibi
1267 3742 1331 3800 add.
1352 3741 1438 3797 Fran.
1454 3739 1523 3812 quod
1539 3739 1592 3796 sibi
1614 3743 1696 3797 Pam.
1716 3739 1741 3777 ⁹⁰
1755 3741 1792 3796 Et

126 3815 195 3873 del.
212 3816 280 3872 lan.
296 3813 320 3851 ⁹¹
336 3814 381 3870 Sic
397 3824 425 3870 ut
435 3814 527 3870 anima
537 3815 644 3871 scilieet
658 3818 743 3873 Fran.

831 3911 1081 3978 Commentarius.

171 4016 234 4089 (21)
252 4017 324 4085 Quia
345 4016 413 4072 alibi
432 4017 522 4084 suerat
545 4018 668 4074 animus.
692 4021 750 4074 lluc
772 4018 886 4089 pertinet
905 4035 939 4074 ex

128 4097 218 4161 parte
233 4087 300 4143 illud
315 4087 344 4141 B.
361 4087 486 4158 Gregorii
497 4088 578 4159 Nyss.
596 4089 642 4142 lih.
655 4105 684 4144 tv
699 4090 803 4145 l’bilos.
820 4104 880 4159 cap.
897 4093 912 4143 3
931 4106 938 4144 :

138 4183 152 4209 ι
170 4159 222 4213 Vel
245 4173 305 4213 oum
333 4174 408 4212 rnerrs
429 4158 488 4212 aliis
508 4159 631 4227 intendit,
655 4167 685 4214 ut
711 4161 777 4216 dum
801 4160 941 4228 proposuit

136 4230 208 4300 quis
221 4229 332 4284 arnicum
348 4231 504 4293 corrveuire,
518 4240 545 4285 et
566 4230 622 4299 jam
642 4233 807 4286 allocuturus
823 4230 940 4299 preterit

133 4315 216 4363 curn,
233 4313 265 4353 eo
277 4299 349 4371 quod
372 4316 448 4354 mens
473 4301 532 4354 aliis
550 4301 724 4366 distrahatur,
740 4316 827 4371 neque
841 4300 884 4356 hic
899 4309 940 4355 est
957 4306 980 4383 ῃ

129 4384 220 4428 error
234 4370 318 4435 nisus,
335 4372 382 4425 sed
398 4371 558 4427 intellectus.
577 4393 591 4418 »
607 4372 676 4426 Part.

170 4444 232 4511 (22)
245 4443 498 4498 Ceterumanime
505 4443 709 4513 principaliter
723 4445 863 4496 casuscst.
876 4441 939 4496 Ver-

128 4512 171 4570 ba
186 4514 249 4568 haec
264 4529 296 4567 ex
311 4527 404 4566 eornm
429 4512 564 4568 sententia
584 4512 690 4566 adferre
713 4512 831 4579 videtur,
847 4511 893 4583 qui
908 4511 941 4565 ab

127 4585 231 4640 anima
245 4583 365 4637 animum
381 4583 592 4657 distinguebant,
609 4583 679 4639 sicut
695 4581 776 4637 etiam
791 4581 845 4644 illa,
871 4582 943 4654 quod

98 4716 102 4722 ,
125 4656 241 4714 anima
255 4654 388 4726 digressa,
403 4662 454 4711 etc.
481 4655 683 4710 verumetiam
708 4652 772 4708 illud
795 4668 942 4724 argumen-

128 4736 197 4783 tum
214 4740 273 4779 suac
296 4725 416 4795 opinioni
437 4724 622 4781 accommodat
637 4724 812 4795 sequentibus
826 4723 916 4779 verbis
933 4741 940 4778 :

127 4800 324 4856 Gumucrose
341 4799 484 4863 citonato.
502 4797 729 4852 Pata-Anime
740 4795 941 4868 principaliter·

125 4884 224 4925 casus
240 4870 292 4923 est.
334 4883 368 4922 un
383 4884 415 4922 ex
430 4883 525 4921 eorum
539 4867 670 4921 sententia
683 4867 810 4938 loquitur,
823 4865 869 4936 qui
883 4866 942 4919 ani·

126 4953 218 4996 nrum
243 4937 279 4991 ab
301 4938 390 4991 anima
417 4937 620 5009 distinguebant
648 4938 769 5001 omnino,
794 4947 823 4989 ut
842 4936 942 5006 putavit

125 5006 290 5076 Pamelius,
311 5010 357 5062 sed
382 5024 415 5063 et
438 5024 487 5062 sua
511 5013 641 5063 adversus
663 5008 745 5063 illos:
768 5022 830 5062 nam
852 5008 942 5061 anima

129 5078 273 5137 incolumi
302 5079 419 5134 animum
443 5087 470 5134 et
492 5088 609 5135 mentem
633 5078 722 5149 perire
745 5078 889 5142 dicebant,
914 5086 941 5131 et

129 5165 221 5220 posse
236 5150 354 5218 cadero;
370 5150 550 5206 tertullianus
570 5165 635 5206 vero
659 5150 715 5204 vult
737 5148 810 5221 quod
824 5149 940 5203 aninmm

133 5228 272 5292 sequatur
289 5221 407 5286 animus,
428 5227 455 5275 et
474 5227 604 5291 pereunte
624 5222 711 5276 eninm
732 5229 758 5275 et
773 5221 895 5288 cadente,
913 5230 941 5275 ut

135 5291 336 5363 principaliori,
359 5298 471 5349 corruat
495 5301 558 5348 tunc
581 5293 663 5346 etiam
685 5292 791 5346 animus
809 5291 941 5347 subnixus

135 5363 248 5417 anime.
269 5364 335 5418 Lac.

156 5425 237 5505 ’(23)
252 5435 374 5492 Potionis
395 5433 445 5490 Dei
457 5433 683 5506 persuasionem.
701 5431 860 5501 Perstringit
873 5435 941 5488 llar-

139 5504 259 5560 cionitas
279 5512 308 5560 et
329 5505 397 5560 alios
412 5504 611 5568 Gnosticorum,
628 5503 673 5574 qui
688 5504 781 5574 plures
794 5505 865 5560 Deos
878 5520 941 5558 corr·

140 5575 289 5648 fingentes,
304 5592 386 5631 unum
401 5576 480 5631 alteri
493 5575 682 5643 preferebant,
693 5579 794 5630 bonnm
809 5575 887 5629 mulo.
902 5576 940 5629 De

141 5645 182 5701 lis
197 5655 289 5701 tamen
302 5646 412 5718 copiose
426 5647 460 5702 ad
474 5646 561 5701 libros
570 5650 672 5704 contra
679 5647 861 5704 Marcionem.
872 5645 939 5700 Lac.

1030 4019 1087 4089 (24)
1099 4020 1150 4077 Sed
1165 4020 1198 4075 dc
1213 4022 1266 4075 Deo
1280 4032 1329 4074 suo
1343 4031 1448 4089 qaoque
1462 4032 1594 4142 cunafflo...
1611 4032 1677 4072 cum
1693 4019 1789 4082 lieret,

995 4091 1102 4145 Videtur
1121 4091 1240 4146 indicare
1257 4088 1340 4143 libros
1364 4103 1430 4142 suos
1444 4087 1505 4143 adu.
1548 4089 1702 4152 arcionem,
1718 4090 1792 4160 quod

992 4163 1048 4230 jum
1063 4162 1249 4225 meditabatur,
1266 4159 1312 4229 qni
1337 4157 1406 4213 inira
1426 4157 1569 4212 habentur.
1592 4160 1661 4212 Nam
1687 4159 1790 4227 primus

996 4239 1024 4286 et
1039 4232 1170 4285 sectrndns
1185 4227 1357 4298 peculiariter
1371 4229 1404 4280 de
1419 4229 1474 4281 Deo
1487 4227 1632 4282 disserunt.
1649 4229 1718 4284 Patt.

1031 4301 1087 4372 (25)
1102 4299 1239 4370 Quornodo
1259 4299 1335 4354 enim
1348 4301 1522 4369 preferatur
1536 4300 1639 4353 sensui.
1655 4297 1730 4353 Solet
1745 4314 1790 4352 ar·

996 4370 1108 4426 tiliciose
1122 4369 1304 4426 Tertullianus
1315 4384 1346 4420 ex
1357 4366 1456 4421 fiducie
1465 4366 1578 4438 ingenii,
1589 4374 1618 4420 ut
1629 4368 1791 4438 persuadeat

995 4445 1066 4514 quod
1083 4452 1183 4497 rectum
1198 4450 1249 4504 eat,
1266 4437 1294 4491 in
1315 4437 1475 4493 contrariam
1492 4447 1519 4491 et
1532 4436 1668 4506 obliquam
1688 4449 1790 4509 partem

995 4522 1159 4584 vergerent
1184 4510 1231 4582 qui
1249 4524 1359 4564 curvam
1381 4523 1484 4578 virgam
1506 4505 1636 4579 dirigunt,
1655 4508 1681 4561 in
1701 4523 1791 4581 oppo-

996 4586 1078 4637 situm
1095 4589 1241 4653 torquent:
1262 4580 1299 4635 ita
1323 4579 1365 4635 hic
1388 4593 1545 4649 peraequare
1558 4578 1664 4633 videtur
1677 4594 1790 4636 sensum

996 4653 1144 4710 intellectui
1159 4653 1289 4709 universus
1303 4666 1360 4713 eus,
1376 4650 1421 4721 qrti
1437 4649 1549 4702 niminm
1563 4646 1640 4702 illum
1655 4650 1790 4718 deprime·

995 4725 1068 4788 bant,
1082 4729 1153 4780 trunc
1166 4723 1338 4779 extollebant.
1350 4722 1450 4777 Verum
1461 4719 1524 4774 licet
1538 4718 1709 4773 facultatibus
1723 4719 1750 4773 in
1761 4738 1790 4776 se

997 4796 1099 4849 collatis
1118 4795 1242 4853 invicem,
1264 4792 1358 4849 serrsui
1381 4799 1491 4860 ptraestet
1514 4789 1682 4868 intellectus-3
1700 4791 1788 4846 relatis

995 4869 1027 4919 ad
1042 4866 1157 4937 primam
1172 4865 1289 4921 radicem
1304 4872 1331 4918 et
1345 4862 1486 4934 originem,
1502 4869 1531 4916 ut
1546 4861 1599 4916 hoc
1612 4867 1698 4928 capite
1715 4870 1787 4915 retu·

995 4936 1034 5001 lit,
1049 4945 1143 4991 neutra
1153 4946 1269 5006 praestat,
1281 4951 1339 4989 curu
1355 4934 1493 5004 utriusque
1508 4932 1569 4987 lons
1583 4940 1611 4986 et
1621 4930 1787 4987 domicilium

994 5006 1123 5078 originale
1142 5011 1234 5065 eadem
1254 5022 1296 5061 res
1319 5009 1362 5073 sit,
1378 5020 1474 5075 nempe
1496 5002 1586 5057 anima
1601 5020 1608 5056 ε
1625 5018 1678 5058 non
1697 5003 1788 5059 anima

994 5087 1021 5133 et
1039 5079 1146 5134 animus
1165 5090 1194 5135 ut
1209 5095 1252 5133 res
1275 5076 1397 5141 diversae,
1415 5079 1450 5131 uti
1473 5073 1601 5131 contrarii
1617 5072 1722 5130 fueraut
1737 5090 1785 5131 ar·

995 5150 1095 5204 bitrati.
1118 5151 1157 5206 Eo
1172 5151 1252 5206 etiam
1271 5146 1363 5203 referri
1388 5154 1500 5215 possunt
1524 5145 1698 5214 probationes
1720 5163 1786 5217 quas

995 5222 1084 5276 sublit
1098 5222 1288 5287 Tertullianus,
1305 5230 1334 5273 nt
1348 5217 1492 5298 necessitas
1507 5232 1634 5298 serranum
1645 5219 1787 5298 quam—'ha-

995 5294 1036 5349 bel
1052 5295 1209 5360 intellectus,
1225 5298 1415 5363 argumentum
1437 5295 1472 5343 stt
1492 5295 1602 5343 urrrtatrs
1617 5304 1743 5358 principii
1759 5298 1787 5343 ct

995 5364 1103 5430 radicis,
1119 5380 1151 5419 ac
1166 5362 1279 5432 proinde
1289 5361 1448 5433 equalitatis
1461 5358 1590 5431 originis.
1608 5357 1673 5439 hac.
1724 5424 1729 5435 Ι

1030 5438 1087 5505 (26)
1100 5435 1297 5492 Substantiam
1311 5433 1474 5488 animalem.
1490 5430 1672 5507 Substantiam
1687 5441 1789 5506 anama-

994 5504 1046 5560 lem
1075 5522 1124 5576 pro
1152 5506 1272 5578 potentia
1298 5505 1405 5559 animali
1428 5518 1476 5557 seu
1502 5504 1653 5571 vegetation
1680 5506 1787 5567 accipit.

995 5577 1064 5633 Pani.
