<?xml version="1.0" encoding="UTF-8"?>
<!DOCTYPE html PUBLIC "-//W3C//DTD XHTML 1.0 Transitional//EN"
    "http://www.w3.org/TR/xhtml1/DTD/xhtml1-transitional.dtd">
<html xmlns="http://www.w3.org/1999/xhtml" xml:lang="en" lang="en">
 <head>
  <title>
</title>
<meta http-equiv="Content-Type" content="text/html;charset=utf-8" />
  <meta name='ocr-system' content='tesseract 3.04.00' />
  <meta name='ocr-capabilities' content='ocr_page ocr_carea ocr_par ocr_line ocrx_word'/>
</head>
<body>
  <div class='ocr_page' id='page_1' title='image "./patrologiaecurs51unkngoog/patrologiaecurs51unkngoog_0150.png"; bbox 0 0 3840 6134; ppageno 0'>
   <div class='ocr_carea' id='block_1_1' title="bbox 42 299 1710 374">
    <p class='ocr_par' dir='ltr' id='par_1_1' title="bbox 42 299 1710 374">
     <span class='ocr_line' id='line_1_1' title="bbox 42 299 1710 374; baseline -0.004 -11"><span class='ocrx_word' id='word_1_1' title='bbox 42 301 120 363; x_wconf 77' lang='lat' dir='ltr'><strong>aas</strong></span> <span class='ocrx_word' id='word_1_2' title='bbox 685 299 1099 362; x_wconf 77' lang='lat' dir='ltr'><strong>orationumciotvaii.</strong></span> <span class='ocrx_word' id='word_1_3' title='bbox 1655 311 1710 374; x_wconf 76' lang='lat'><strong>290</strong></span> 
     </span>
    </p>
   </div>
   <div class='ocr_carea' id='block_1_2' title="bbox 46 424 1708 2363">
    <p class='ocr_par' dir='ltr' id='par_1_2' title="bbox 46 424 1708 2363">
     <span class='ocr_line' id='line_1_2' title="bbox 55 424 1708 519; baseline 0.007 -35"><span class='ocrx_word' id='word_1_4' title='bbox 55 427 104 484; x_wconf 84' lang='lat' dir='ltr'><strong>ille</strong></span> <span class='ocrx_word' id='word_1_5' title='bbox 118 425 253 483; x_wconf 88' lang='lat' dir='ltr'><strong>mundum</strong></span> <span class='ocrx_word' id='word_1_6' title='bbox 266 440 300 481; x_wconf 85' lang='lat' dir='ltr'><strong>ex</strong></span> <span class='ocrx_word' id='word_1_7' title='bbox 320 424 412 497; x_wconf 89' lang='lat' dir='ltr'><strong>aliqua</strong></span> <span class='ocrx_word' id='word_1_8' title='bbox 438 424 550 482; x_wconf 91' lang='lat' dir='ltr'><strong>materia</strong></span> <span class='ocrx_word' id='word_1_9' title='bbox 564 425 720 495; x_wconf 75' lang='lat' dir='ltr'><strong>subiacente</strong></span> <span class='ocrx_word' id='word_1_10' title='bbox 746 425 858 482; x_wconf 92' lang='lat' dir='ltr'><strong>molitus</strong></span> <span class='ocrx_word' id='word_1_11' title='bbox 872 439 898 519; x_wconf 54' lang='grc' dir='ltr'><strong>Α</strong></span> <span class='ocrx_word' id='word_1_12' title='bbox 914 434 943 482; x_wconf 90' lang='lat' dir='ltr'><strong>et</strong></span> <span class='ocrx_word' id='word_1_13' title='bbox 956 425 1180 498; x_wconf 86' lang='lat' dir='ltr'><strong>incorporalibus,</strong></span> <span class='ocrx_word' id='word_1_14' title='bbox 1196 425 1398 487; x_wconf 86' lang='lat' dir='ltr'><strong>exanimalilius</strong></span> <span class='ocrx_word' id='word_1_15' title='bbox 1413 439 1440 488; x_wconf 91' lang='lat' dir='ltr'><strong>et</strong></span> <span class='ocrx_word' id='word_1_16' title='bbox 1457 431 1658 505; x_wconf 87' lang='lat' dir='ltr'><strong>inanimalibus,</strong></span> <span class='ocrx_word' id='word_1_17' title='bbox 1674 454 1708 495; x_wconf 86' lang='lat' dir='ltr'><strong>ex</strong></span> 
     </span>
     <span class='ocr_line' id='line_1_3' title="bbox 55 514 1707 596; baseline 0.008 -25"><span class='ocrx_word' id='word_1_18' title='bbox 55 525 110 582; x_wconf 80' lang='lat' dir='ltr'><strong>est,</strong></span> <span class='ocrx_word' id='word_1_19' title='bbox 128 515 235 584; x_wconf 90' lang='lat' dir='ltr'><strong>innata,</strong></span> <span class='ocrx_word' id='word_1_20' title='bbox 256 523 283 570; x_wconf 91' lang='lat' dir='ltr'><strong>et</strong></span> <span class='ocrx_word' id='word_1_21' title='bbox 301 514 411 579; x_wconf 87' lang='lat' dir='ltr'><strong>inlecta,</strong></span> <span class='ocrx_word' id='word_1_22' title='bbox 427 524 455 570; x_wconf 92' lang='lat' dir='ltr'><strong>et</strong></span> <span class='ocrx_word' id='word_1_23' title='bbox 467 516 661 587; x_wconf 85' lang='lat' dir='ltr'><strong>contemporali</strong></span> <span class='ocrx_word' id='word_1_24' title='bbox 679 516 749 582; x_wconf 89' lang='lat' dir='ltr'><strong>Deo,</strong></span> <span class='ocrx_word' id='word_1_25' title='bbox 764 530 857 588; x_wconf 88' lang='lat' dir='ltr'><strong>quein-</strong></span> <span class='ocrx_word' id='word_1_26' title='bbox 913 515 1054 571; x_wconf 83' lang='lat' dir='ltr'><strong>vocalibus</strong></span> <span class='ocrx_word' id='word_1_27' title='bbox 1081 524 1108 572; x_wconf 91' lang='lat' dir='ltr'><strong>et</strong></span> <span class='ocrx_word' id='word_1_28' title='bbox 1133 517 1227 582; x_wconf 88' lang='lat' dir='ltr'><strong>mutis,</strong></span> <span class='ocrx_word' id='word_1_29' title='bbox 1247 531 1280 573; x_wconf 86' lang='lat' dir='ltr'><strong>eii</strong></span> <span class='ocrx_word' id='word_1_30' title='bbox 1307 518 1454 576; x_wconf 83' lang='lat' dir='ltr'>mobilibus</span> <span class='ocrx_word' id='word_1_31' title='bbox 1481 532 1510 578; x_wconf 91' lang='lat' dir='ltr'><strong>et</strong></span> <span class='ocrx_word' id='word_1_32' title='bbox 1536 526 1649 596; x_wconf 85' lang='lat' dir='ltr'><strong>stativis,</strong></span> <span class='ocrx_word' id='word_1_33' title='bbox 1673 544 1707 584; x_wconf 80' lang='lat' dir='ltr'><strong>ex</strong></span> 
     </span>
     <span class='ocr_line' id='line_1_4' title="bbox 53 604 1704 682; baseline 0.005 -20"><span class='ocrx_word' id='word_1_34' title='bbox 53 607 207 663; x_wconf 76' lang='lat' dir='ltr'><strong>admodum</strong></span> <span class='ocrx_word' id='word_1_35' title='bbox 228 615 256 663; x_wconf 89' lang='lat' dir='ltr'><strong>et</strong></span> <span class='ocrx_word' id='word_1_36' title='bbox 275 606 300 644; x_wconf 76' lang='lat'><strong>⁶⁶</strong></span> <span class='ocrx_word' id='word_1_37' title='bbox 315 606 348 661; x_wconf 88' lang='lat' dir='ltr'><strong>de</strong></span> <span class='ocrx_word' id='word_1_38' title='bbox 372 605 498 662; x_wconf 86' lang='lat' dir='ltr'><strong>Creatore</strong></span> <span class='ocrx_word' id='word_1_39' title='bbox 514 606 632 662; x_wconf 82' lang='lat' dir='ltr'>Marcion</span> <span class='ocrx_word' id='word_1_40' title='bbox 648 606 739 670; x_wconf 74' lang='lat' dir='ltr'><strong>senat,</strong></span> <span class='ocrx_word' id='word_1_41' title='bbox 755 605 857 677; x_wconf 79' lang='lat' dir='ltr'><strong>redigis</strong></span> <span class='ocrx_word' id='word_1_42' title='bbox 910 604 1121 677; x_wconf 73' lang='lat' dir='ltr'><strong>genitalibus-ot</strong></span> <span class='ocrx_word' id='word_1_43' title='bbox 1134 605 1281 672; x_wconf 88' lang='lat' dir='ltr'><strong>sterilibus,</strong></span> <span class='ocrx_word' id='word_1_44' title='bbox 1296 623 1331 661; x_wconf 86' lang='lat' dir='ltr'><strong>aii</strong></span> <span class='ocrx_word' id='word_1_45' title='bbox 1355 608 1437 664; x_wconf 88' lang='lat' dir='ltr'><strong>aridis</strong></span> <span class='ocrx_word' id='word_1_46' title='bbox 1451 616 1477 665; x_wconf 92' lang='lat' dir='ltr'><strong>et</strong></span> <span class='ocrx_word' id='word_1_47' title='bbox 1491 612 1608 668; x_wconf 88' lang='lat' dir='ltr'><strong>succidis</strong></span> <span class='ocrx_word' id='word_1_48' title='bbox 1622 614 1658 682; x_wconf 77' lang='lat'><strong>⁶⁸,</strong></span> <span class='ocrx_word' id='word_1_49' title='bbox 1672 632 1704 671; x_wconf 86' lang='lat' dir='ltr'><strong>ex</strong></span> 
     </span>
     <span class='ocr_line' id='line_1_5' title="bbox 52 691 1704 769; baseline 0.004 -17"><span class='ocrx_word' id='word_1_50' title='bbox 52 706 82 752; x_wconf 76' lang='lat' dir='ltr'><strong>aa</strong></span> <span class='ocrx_word' id='word_1_51' title='bbox 93 697 150 752; x_wconf 92' lang='lat' dir='ltr'><strong>lioc</strong></span> <span class='ocrx_word' id='word_1_52' title='bbox 163 695 200 750; x_wconf 81' lang='lat' dir='ltr'><strong>ad</strong></span> <span class='ocrx_word' id='word_1_53' title='bbox 218 695 387 764; x_wconf 86' lang='lat' dir='ltr'><strong>majestatem</strong></span> <span class='ocrx_word' id='word_1_54' title='bbox 400 695 464 759; x_wconf 91' lang='lat' dir='ltr'><strong>loci,</strong></span> <span class='ocrx_word' id='word_1_55' title='bbox 475 694 522 765; x_wconf 88' lang='lat' dir='ltr'><strong>qui</strong></span> <span class='ocrx_word' id='word_1_56' title='bbox 532 702 558 750; x_wconf 88' lang='lat' dir='ltr'><strong>et</strong></span> <span class='ocrx_word' id='word_1_57' title='bbox 568 695 648 750; x_wconf 86' lang='lat' dir='ltr'><strong>deuio</strong></span> <span class='ocrx_word' id='word_1_58' title='bbox 663 703 691 750; x_wconf 90' lang='lat' dir='ltr'><strong>et</strong></span> <span class='ocrx_word' id='word_1_59' title='bbox 704 693 855 763; x_wconf 87' lang='lat' dir='ltr'><strong>materiam,</strong></span> <span class='ocrx_word' id='word_1_60' title='bbox 910 691 1004 748; x_wconf 80' lang='lat' dir='ltr'><strong>calidis</strong></span> <span class='ocrx_word' id='word_1_61' title='bbox 1018 700 1045 748; x_wconf 87' lang='lat' dir='ltr'><strong>et</strong></span> <span class='ocrx_word' id='word_1_62' title='bbox 1059 693 1173 766; x_wconf 75' lang='lat' dir='ltr'><strong>frigidis.</strong></span> <span class='ocrx_word' id='word_1_63' title='bbox 1192 694 1238 750; x_wconf 85' lang='lat' dir='ltr'><strong>Sic</strong></span> <span class='ocrx_word' id='word_1_64' title='bbox 1251 704 1278 751; x_wconf 85' lang='lat' dir='ltr'><strong>et</strong></span> <span class='ocrx_word' id='word_1_65' title='bbox 1294 695 1432 752; x_wconf 88' lang='lat' dir='ltr'><strong>hominem</strong></span> <span class='ocrx_word' id='word_1_66' title='bbox 1454 697 1545 769; x_wconf 91' lang='lat' dir='ltr'><strong>ipsum</strong></span> <span class='ocrx_word' id='word_1_67' title='bbox 1562 701 1704 761; x_wconf 85' lang='lat' dir='ltr'><strong>diversitas</strong></span> 
     </span>
     <span class='ocr_line' id='line_1_6' title="bbox 57 782 1705 858; baseline 0.004 -16"><span class='ocrx_word' id='word_1_68' title='bbox 57 785 129 842; x_wconf 81' lang='lat' dir='ltr'><strong>duos</strong></span> <span class='ocrx_word' id='word_1_69' title='bbox 157 784 238 849; x_wconf 87' lang='lat' dir='ltr'><strong>deos,</strong></span> <span class='ocrx_word' id='word_1_70' title='bbox 256 782 347 840; x_wconf 87' lang='lat' dir='ltr'><strong>clusit.</strong></span> <span class='ocrx_word' id='word_1_71' title='bbox 376 784 537 841; x_wconf 85' lang='lat' dir='ltr'><strong>Etmatcria</strong></span> <span class='ocrx_word' id='word_1_72' title='bbox 560 784 632 840; x_wconf 85' lang='lat' dir='ltr'><strong>enini</strong></span> <span class='ocrx_word' id='word_1_73' title='bbox 654 784 739 852; x_wconf 87' lang='lat' dir='ltr'><strong>Deus,</strong></span> <span class='ocrx_word' id='word_1_74' title='bbox 757 798 855 839; x_wconf 90' lang='lat' dir='ltr'><strong>secun·</strong></span> <span class='ocrx_word' id='word_1_75' title='bbox 911 782 1078 851; x_wconf 73' lang='lat' dir='ltr'><strong>temperavit,</strong></span> <span class='ocrx_word' id='word_1_76' title='bbox 1100 794 1156 838; x_wconf 88' lang='lat' dir='ltr'><strong>tam</strong></span> <span class='ocrx_word' id='word_1_77' title='bbox 1175 783 1202 838; x_wconf 93' lang='lat' dir='ltr'><strong>in</strong></span> <span class='ocrx_word' id='word_1_78' title='bbox 1223 799 1348 855; x_wconf 89' lang='lat' dir='ltr'><strong>corpore,</strong></span> <span class='ocrx_word' id='word_1_79' title='bbox 1377 786 1501 858; x_wconf 84' lang='lat' dir='ltr'><strong>quamin</strong></span> <span class='ocrx_word' id='word_1_80' title='bbox 1525 805 1617 846; x_wconf 90' lang='lat' dir='ltr'><strong>sensu.</strong></span> <span class='ocrx_word' id='word_1_81' title='bbox 1643 793 1705 849; x_wconf 77' lang='lat' dir='ltr'><strong>Alia</strong></span> 
     </span>
     <span class='ocr_line' id='line_1_7' title="bbox 46 870 1705 947; baseline 0.003 -17"><span class='ocrx_word' id='word_1_82' title='bbox 46 874 122 930; x_wconf 72' lang='lat' dir='ltr'><strong>lum</strong></span> <span class='ocrx_word' id='word_1_83' title='bbox 146 871 263 929; x_wconf 81' lang='lat' dir='ltr'><strong>formam</strong></span> <span class='ocrx_word' id='word_1_84' title='bbox 295 871 453 936; x_wconf 88' lang='lat' dir='ltr'><strong>divinitatis,</strong></span> <span class='ocrx_word' id='word_1_85' title='bbox 465 871 556 928; x_wconf 90' lang='lat' dir='ltr'><strong>innato</strong></span> <span class='ocrx_word' id='word_1_86' title='bbox 594 873 709 936; x_wconf 89' lang='lat' dir='ltr'><strong>scilicet,</strong></span> <span class='ocrx_word' id='word_1_87' title='bbox 734 882 760 929; x_wconf 89' lang='lat' dir='ltr'><strong>et</strong></span> <span class='ocrx_word' id='word_1_88' title='bbox 784 870 854 927; x_wconf 89' lang='lat' dir='ltr'><strong>inle-</strong></span> <span class='ocrx_word' id='word_1_89' title='bbox 908 870 1030 926; x_wconf 90' lang='lat' dir='ltr'><strong>membra</strong></span> <span class='ocrx_word' id='word_1_90' title='bbox 1051 870 1140 938; x_wconf 83' lang='lat' dir='ltr'><strong>fortia,</strong></span> <span class='ocrx_word' id='word_1_91' title='bbox 1162 871 1214 926; x_wconf 92' lang='lat' dir='ltr'><strong>alia</strong></span> <span class='ocrx_word' id='word_1_92' title='bbox 1234 870 1363 930; x_wconf 86' lang='lat' dir='ltr'><strong>infirma:</strong></span> <span class='ocrx_word' id='word_1_93' title='bbox 1383 874 1435 931; x_wconf 86' lang='lat' dir='ltr'><strong>alia</strong></span> <span class='ocrx_word' id='word_1_94' title='bbox 1450 876 1572 947; x_wconf 83' lang='lat' dir='ltr'><strong>bonesti,</strong></span> <span class='ocrx_word' id='word_1_95' title='bbox 1594 879 1646 935; x_wconf 88' lang='lat' dir='ltr'><strong>alia</strong></span> <span class='ocrx_word' id='word_1_96' title='bbox 1660 879 1705 935; x_wconf 89' lang='lat' dir='ltr'><strong>in·</strong></span> 
     </span>
     <span class='ocr_line' id='line_1_8' title="bbox 56 959 1706 1038; baseline 0.002 -18"><span class='ocrx_word' id='word_1_97' title='bbox 56 971 110 1029; x_wconf 84' lang='lat' dir='ltr'><strong>ati,</strong></span> <span class='ocrx_word' id='word_1_98' title='bbox 124 969 153 1018; x_wconf 84' lang='lat' dir='ltr'><strong>et</strong></span> <span class='ocrx_word' id='word_1_99' title='bbox 166 968 282 1017; x_wconf 68' lang='lat' dir='ltr'><strong>ewino.</strong></span> <span class='ocrx_word' id='word_1_100' title='bbox 297 961 351 1016; x_wconf 77' lang='lat' dir='ltr'><strong>Aut</strong></span> <span class='ocrx_word' id='word_1_101' title='bbox 374 961 398 1016; x_wconf 90' lang='lat' dir='ltr'><strong>si</strong></span> <span class='ocrx_word' id='word_1_102' title='bbox 416 960 451 1017; x_wconf 90' lang='lat' dir='ltr'><strong>de</strong></span> <span class='ocrx_word' id='word_1_103' title='bbox 470 961 555 1018; x_wconf 89' lang='lat' dir='ltr'><strong>nihilo</strong></span> <span class='ocrx_word' id='word_1_104' title='bbox 578 962 690 1019; x_wconf 89' lang='lat' dir='ltr'><strong>molitus</strong></span> <span class='ocrx_word' id='word_1_105' title='bbox 714 972 756 1018; x_wconf 86' lang='lat' dir='ltr'><strong>est</strong></span> <span class='ocrx_word' id='word_1_106' title='bbox 776 976 854 1017; x_wconf 89' lang='lat' dir='ltr'><strong>mun-</strong></span> <span class='ocrx_word' id='word_1_107' title='bbox 908 959 1034 1015; x_wconf 88' lang='lat' dir='ltr'><strong>honesta:</strong></span> <span class='ocrx_word' id='word_1_108' title='bbox 1050 959 1105 1015; x_wconf 88' lang='lat' dir='ltr'><strong>alia</strong></span> <span class='ocrx_word' id='word_1_109' title='bbox 1118 960 1236 1033; x_wconf 72' lang='lat' dir='ltr'><strong>gemina,</strong></span> <span class='ocrx_word' id='word_1_110' title='bbox 1247 962 1300 1018; x_wconf 87' lang='lat' dir='ltr'><strong>alia</strong></span> <span class='ocrx_word' id='word_1_111' title='bbox 1314 962 1393 1021; x_wconf 87' lang='lat' dir='ltr'><strong>unica</strong></span> <span class='ocrx_word' id='word_1_112' title='bbox 1405 981 1412 1018; x_wconf 78' lang='lat' dir='ltr'><em>z</em></span> <span class='ocrx_word' id='word_1_113' title='bbox 1424 964 1478 1019; x_wconf 92' lang='lat' dir='ltr'><strong>alia</strong></span> <span class='ocrx_word' id='word_1_114' title='bbox 1490 967 1637 1038; x_wconf 88' lang='lat' dir='ltr'><strong>comparia,</strong></span> <span class='ocrx_word' id='word_1_115' title='bbox 1653 969 1706 1024; x_wconf 88' lang='lat' dir='ltr'><strong>alia</strong></span> 
     </span>
     <span class='ocr_line' id='line_1_9' title="bbox 53 1046 1708 1124; baseline 0.004 -17"><span class='ocrx_word' id='word_1_116' title='bbox 53 1052 133 1118; x_wconf 78' lang='lat' dir='ltr'><strong>dnm,</strong></span> <span class='ocrx_word' id='word_1_117' title='bbox 159 1051 215 1107; x_wconf 91' lang='lat' dir='ltr'><strong>lioc</strong></span> <span class='ocrx_word' id='word_1_118' title='bbox 241 1056 269 1105; x_wconf 88' lang='lat' dir='ltr'><strong>et</strong></span> <span class='ocrx_word' id='word_1_119' title='bbox 299 1049 336 1106; x_wconf 87' lang='lat' dir='ltr'><strong>de</strong></span> <span class='ocrx_word' id='word_1_120' title='bbox 363 1049 489 1106; x_wconf 85' lang='lat' dir='ltr'><strong>creatore</strong></span> <span class='ocrx_word' id='word_1_121' title='bbox 517 1050 618 1107; x_wconf 76' lang='lat' dir='ltr'><strong>sentim</strong></span> <span class='ocrx_word' id='word_1_122' title='bbox 651 1058 774 1123; x_wconf 77' lang='lat' dir='ltr'><strong>cogetur,</strong></span> <span class='ocrx_word' id='word_1_123' title='bbox 809 1048 854 1106; x_wconf 91' lang='lat' dir='ltr'><strong>cui</strong></span> <span class='ocrx_word' id='word_1_124' title='bbox 908 1046 1154 1117; x_wconf 90' lang='lat' dir='ltr'><strong>disparia.Proinde</strong></span> <span class='ocrx_word' id='word_1_125' title='bbox 1164 1057 1190 1105; x_wconf 90' lang='lat' dir='ltr'><strong>et</strong></span> <span class='ocrx_word' id='word_1_126' title='bbox 1200 1049 1227 1105; x_wconf 92' lang='lat' dir='ltr'><strong>in</strong></span> <span class='ocrx_word' id='word_1_127' title='bbox 1242 1066 1323 1107; x_wconf 88' lang='lat' dir='ltr'><strong>sensu</strong></span> <span class='ocrx_word' id='word_1_128' title='bbox 1337 1067 1411 1110; x_wconf 91' lang='lat' dir='ltr'><strong>nunc</strong></span> <span class='ocrx_word' id='word_1_129' title='bbox 1423 1054 1526 1124; x_wconf 85' lang='lat' dir='ltr'><strong>taetitia,</strong></span> <span class='ocrx_word' id='word_1_130' title='bbox 1538 1072 1610 1114; x_wconf 90' lang='lat' dir='ltr'><strong>nunc</strong></span> <span class='ocrx_word' id='word_1_131' title='bbox 1619 1058 1708 1114; x_wconf 84' lang='lat' dir='ltr'><strong>anitie-</strong></span> 
     </span>
     <span class='ocr_line' id='line_1_10' title="bbox 55 1137 1704 1209; baseline 0.005 -13"><span class='ocrx_word' id='word_1_132' title='bbox 55 1138 196 1196; x_wconf 67' lang='lat' dir='ltr'><strong>lateriani</strong></span> <span class='ocrx_word' id='word_1_133' title='bbox 224 1137 331 1207; x_wconf 79' lang='lat' dir='ltr'><strong>subiicit</strong></span> <span class='ocrx_word' id='word_1_134' title='bbox 366 1137 394 1192; x_wconf 92' lang='lat' dir='ltr'><strong>in</strong></span> <span class='ocrx_word' id='word_1_135' title='bbox 424 1137 573 1194; x_wconf 89' lang='lat' dir='ltr'><strong>substantia</strong></span> <span class='ocrx_word' id='word_1_136' title='bbox 598 1138 704 1193; x_wconf 89' lang='lat' dir='ltr'><strong>mundi.</strong></span> <span class='ocrx_word' id='word_1_137' title='bbox 743 1138 796 1194; x_wconf 89' lang='lat' dir='ltr'><strong>Sod</strong></span> <span class='ocrx_word' id='word_1_138' title='bbox 820 1154 854 1195; x_wconf 79' lang='lat' dir='ltr'><strong>aa</strong></span> <span class='ocrx_word' id='word_1_139' title='bbox 908 1142 969 1202; x_wconf 83' lang='lat' dir='ltr'><strong>tas;</strong></span> <span class='ocrx_word' id='word_1_140' title='bbox 985 1139 1355 1207; x_wconf 87' lang='lat' dir='ltr'><strong>nuncamor,nuncodiiim;</strong></span> <span class='ocrx_word' id='word_1_141' title='bbox 1376 1142 1704 1209; x_wconf 71' lang='lat' dir='ltr'><strong>urriciranuncteutvas.</strong></span> 
     </span>
     <span class='ocr_line' id='line_1_11' title="bbox 53 1222 1706 1295; baseline 0.005 -11"><span class='ocrx_word' id='word_1_142' title='bbox 53 1227 205 1284; x_wconf 75' lang='lat' dir='ltr'><strong>meriaci</strong></span> <span class='ocrx_word' id='word_1_143' title='bbox 220 1225 263 1282; x_wconf 89' lang='lat' dir='ltr'><strong>ille</strong></span> <span class='ocrx_word' id='word_1_144' title='bbox 276 1224 375 1281; x_wconf 86' lang='lat' dir='ltr'><strong>iecisse</strong></span> <span class='ocrx_word' id='word_1_145' title='bbox 389 1225 512 1294; x_wconf 86' lang='lat' dir='ltr'><strong>debebit;</strong></span> <span class='ocrx_word' id='word_1_146' title='bbox 530 1226 625 1282; x_wconf 88' lang='lat' dir='ltr'><strong>eadem</strong></span> <span class='ocrx_word' id='word_1_147' title='bbox 640 1227 743 1282; x_wconf 88' lang='lat' dir='ltr'><strong>ratione</strong></span> <span class='ocrx_word' id='word_1_148' title='bbox 757 1241 853 1282; x_wconf 89' lang='lat' dir='ltr'><strong>occur·</strong></span> <span class='ocrx_word' id='word_1_149' title='bbox 907 1222 987 1292; x_wconf 87' lang='lat' dir='ltr'><strong>Quod</strong></span> <span class='ocrx_word' id='word_1_150' title='bbox 1002 1225 1026 1280; x_wconf 91' lang='lat' dir='ltr'><strong>si</strong></span> <span class='ocrx_word' id='word_1_151' title='bbox 1039 1225 1077 1280; x_wconf 92' lang='lat' dir='ltr'><strong>ita</strong></span> <span class='ocrx_word' id='word_1_152' title='bbox 1095 1236 1145 1295; x_wconf 89' lang='lat' dir='ltr'><strong>est,</strong></span> <span class='ocrx_word' id='word_1_153' title='bbox 1163 1233 1191 1282; x_wconf 90' lang='lat' dir='ltr'><strong>ut</strong></span> <span class='ocrx_word' id='word_1_154' title='bbox 1211 1227 1309 1284; x_wconf 84' lang='lat' dir='ltr'><strong>aemula</strong></span> <span class='ocrx_word' id='word_1_155' title='bbox 1323 1230 1393 1287; x_wconf 86' lang='lat' dir='ltr'><strong>inter</strong></span> <span class='ocrx_word' id='word_1_156' title='bbox 1407 1247 1438 1287; x_wconf 89' lang='lat' dir='ltr'><strong>se</strong></span> <span class='ocrx_word' id='word_1_157' title='bbox 1452 1233 1619 1291; x_wconf 88' lang='lat' dir='ltr'><strong>conditionis</strong></span> <span class='ocrx_word' id='word_1_158' title='bbox 1644 1236 1706 1293; x_wconf 90' lang='lat' dir='ltr'><strong>uni-</strong></span> 
     </span>
     <span class='ocr_line' id='line_1_12' title="bbox 53 1313 1706 1392; baseline 0.005 -20"><span class='ocrx_word' id='word_1_159' title='bbox 53 1323 129 1372; x_wconf 83' lang='lat' dir='ltr'><strong>reute</strong></span> <span class='ocrx_word' id='word_1_160' title='bbox 143 1315 185 1371; x_wconf 91' lang='lat' dir='ltr'><strong>illi</strong></span> <span class='ocrx_word' id='word_1_161' title='bbox 204 1330 313 1389; x_wconf 84' lang='lat' dir='ltr'><strong>quoque</strong></span> <span class='ocrx_word' id='word_1_162' title='bbox 325 1315 394 1385; x_wconf 89' lang='lat' dir='ltr'><strong>Deo,</strong></span> <span class='ocrx_word' id='word_1_163' title='bbox 419 1331 481 1386; x_wconf 83' lang='lat' dir='ltr'><strong>quae</strong></span> <span class='ocrx_word' id='word_1_164' title='bbox 508 1318 691 1385; x_wconf 89' lang='lat' dir='ltr'><strong>opponeretur</strong></span> <span class='ocrx_word' id='word_1_165' title='bbox 719 1313 852 1380; x_wconf 88' lang='lat' dir='ltr'><strong>Creatori,</strong></span> <span class='ocrx_word' id='word_1_166' title='bbox 906 1315 1018 1370; x_wconf 75' lang='lat' dir='ltr'><strong>versitas</strong></span> <span class='ocrx_word' id='word_1_167' title='bbox 1033 1314 1085 1368; x_wconf 86' lang='lat' dir='ltr'><strong>isto</strong></span> <span class='ocrx_word' id='word_1_168' title='bbox 1105 1315 1243 1371; x_wconf 87' lang='lat' dir='ltr'><strong>modulata</strong></span> <span class='ocrx_word' id='word_1_169' title='bbox 1261 1317 1304 1385; x_wconf 87' lang='lat' dir='ltr'><strong>sit,</strong></span> <span class='ocrx_word' id='word_1_170' title='bbox 1319 1320 1374 1390; x_wconf 84' lang='lat' dir='ltr'><strong>jani</strong></span> <span class='ocrx_word' id='word_1_171' title='bbox 1397 1319 1482 1392; x_wconf 80' lang='lat' dir='ltr'><strong>igitur</strong></span> <span class='ocrx_word' id='word_1_172' title='bbox 1505 1332 1532 1378; x_wconf 89' lang='lat' dir='ltr'><strong>ct</strong></span> <span class='ocrx_word' id='word_1_173' title='bbox 1553 1323 1706 1382; x_wconf 76' lang='lat' dir='ltr'><strong>visibilibus</strong></span> 
     </span>
     <span class='ocr_line' id='line_1_13' title="bbox 53 1401 1703 1484; baseline 0.005 -24"><span class='ocrx_word' id='word_1_174' title='bbox 53 1413 80 1460; x_wconf 85' lang='lat' dir='ltr'><strong>at</strong></span> <span class='ocrx_word' id='word_1_175' title='bbox 100 1419 181 1476; x_wconf 78' lang='lat' dir='ltr'><strong>arque</strong></span> <span class='ocrx_word' id='word_1_176' title='bbox 209 1404 279 1459; x_wconf 88' lang='lat' dir='ltr'><strong>Deo.</strong></span> <span class='ocrx_word' id='word_1_177' title='bbox 313 1402 404 1476; x_wconf 75' lang='lat' dir='ltr'><strong>Atque</strong></span> <span class='ocrx_word' id='word_1_178' title='bbox 430 1405 466 1458; x_wconf 88' lang='lat' dir='ltr'><strong>ita</strong></span> <span class='ocrx_word' id='word_1_179' title='bbox 491 1411 544 1459; x_wconf 90' lang='lat' dir='ltr'><strong>tres</strong></span> <span class='ocrx_word' id='word_1_180' title='bbox 562 1403 669 1459; x_wconf 88' lang='lat' dir='ltr'><strong>iuterim</strong></span> <span class='ocrx_word' id='word_1_181' title='bbox 696 1402 762 1458; x_wconf 90' lang='lat' dir='ltr'><strong>mihi</strong></span> <span class='ocrx_word' id='word_1_182' title='bbox 787 1402 854 1459; x_wconf 85' lang='lat' dir='ltr'><strong>deos</strong></span> <span class='ocrx_word' id='word_1_183' title='bbox 907 1401 1052 1458; x_wconf 87' lang='lat' dir='ltr'><strong>invisibilia</strong></span> <span class='ocrx_word' id='word_1_184' title='bbox 1077 1403 1219 1474; x_wconf 74' lang='lat' dir='ltr'><strong>debentur,</strong></span> <span class='ocrx_word' id='word_1_185' title='bbox 1234 1420 1288 1462; x_wconf 92' lang='lat' dir='ltr'><strong>non</strong></span> <span class='ocrx_word' id='word_1_186' title='bbox 1316 1405 1391 1463; x_wconf 90' lang='lat' dir='ltr'><strong>alteri</strong></span> <span class='ocrx_word' id='word_1_187' title='bbox 1415 1411 1518 1469; x_wconf 89' lang='lat' dir='ltr'><strong>auctori</strong></span> <span class='ocrx_word' id='word_1_188' title='bbox 1541 1412 1703 1484; x_wconf 85' lang='lat' dir='ltr'><strong>deputanda,</strong></span> 
     </span>
     <span class='ocr_line' id='line_1_14' title="bbox 54 1490 1704 1563; baseline 0.005 -14"><span class='ocrx_word' id='word_1_189' title='bbox 54 1507 167 1550; x_wconf 79' lang='lat' dir='ltr'><strong>mera</strong></span> <span class='ocrx_word' id='word_1_190' title='bbox 203 1491 358 1560; x_wconf 73' lang='lat' dir='ltr'><strong>undonis,</strong></span> <span class='ocrx_word' id='word_1_191' title='bbox 382 1492 531 1561; x_wconf 84' lang='lat' dir='ltr'><strong>Fautorem,</strong></span> <span class='ocrx_word' id='word_1_192' title='bbox 561 1499 588 1546; x_wconf 87' lang='lat' dir='ltr'><strong>et</strong></span> <span class='ocrx_word' id='word_1_193' title='bbox 625 1492 737 1559; x_wconf 86' lang='lat' dir='ltr'><strong>Locum,</strong></span> <span class='ocrx_word' id='word_1_194' title='bbox 761 1500 788 1547; x_wconf 93' lang='lat' dir='ltr'><strong>et</strong></span> <span class='ocrx_word' id='word_1_195' title='bbox 801 1492 854 1546; x_wconf 83' lang='lat' dir='ltr'><strong>lla-</strong></span> <span class='ocrx_word' id='word_1_196' title='bbox 907 1505 988 1562; x_wconf 88' lang='lat' dir='ltr'><strong>quani</strong></span> <span class='ocrx_word' id='word_1_197' title='bbox 1021 1490 1065 1545; x_wconf 90' lang='lat' dir='ltr'><strong>cui</strong></span> <span class='ocrx_word' id='word_1_198' title='bbox 1100 1498 1126 1546; x_wconf 92' lang='lat' dir='ltr'><strong>ct</strong></span> <span class='ocrx_word' id='word_1_199' title='bbox 1159 1491 1255 1548; x_wconf 85' lang='lat' dir='ltr'><strong>aemula</strong></span> <span class='ocrx_word' id='word_1_200' title='bbox 1282 1509 1386 1561; x_wconf 88' lang='lat' dir='ltr'><strong>corum,</strong></span> <span class='ocrx_word' id='word_1_201' title='bbox 1419 1495 1510 1563; x_wconf 88' lang='lat' dir='ltr'><strong>ipsum</strong></span> <span class='ocrx_word' id='word_1_202' title='bbox 1549 1498 1704 1557; x_wconf 84' lang='lat' dir='ltr'><strong>Creatorem</strong></span> 
     </span>
     <span class='ocr_line' id='line_1_15' title="bbox 55 1577 1706 1658; baseline 0.005 -21"><span class='ocrx_word' id='word_1_203' title='bbox 55 1579 158 1637; x_wconf 74' lang='lat' dir='ltr'><strong>loriam</strong></span> <span class='ocrx_word' id='word_1_204' title='bbox 187 1579 306 1636; x_wconf 87' lang='lat' dir='ltr'><strong>Proinde</strong></span> <span class='ocrx_word' id='word_1_205' title='bbox 334 1580 486 1636; x_wconf 84' lang='lat' dir='ltr'><strong>Creatorem</strong></span> <span class='ocrx_word' id='word_1_206' title='bbox 510 1579 538 1635; x_wconf 92' lang='lat' dir='ltr'><strong>in</strong></span> <span class='ocrx_word' id='word_1_207' title='bbox 566 1578 626 1636; x_wconf 94' lang='lat' dir='ltr'><strong>loco</strong></span> <span class='ocrx_word' id='word_1_208' title='bbox 653 1579 725 1646; x_wconf 87' lang='lat' dir='ltr'><strong>iacit,</strong></span> <span class='ocrx_word' id='word_1_209' title='bbox 758 1579 851 1653; x_wconf 88' lang='lat' dir='ltr'><strong>utique</strong></span> <span class='ocrx_word' id='word_1_210' title='bbox 905 1577 1042 1633; x_wconf 77' lang='lat' dir='ltr'><strong>diversum</strong></span> <span class='ocrx_word' id='word_1_211' title='bbox 1061 1578 1178 1635; x_wconf 85' lang='lat' dir='ltr'><strong>notantia</strong></span> <span class='ocrx_word' id='word_1_212' title='bbox 1197 1579 1231 1644; x_wconf 75' lang='lat'><strong>⁶⁹,</strong></span> <span class='ocrx_word' id='word_1_213' title='bbox 1247 1581 1389 1650; x_wconf 82' lang='lat' dir='ltr'><strong>jubentem</strong></span> <span class='ocrx_word' id='word_1_214' title='bbox 1415 1599 1478 1653; x_wconf 76' lang='lat' dir='ltr'><strong>qnae</strong></span> <span class='ocrx_word' id='word_1_215' title='bbox 1506 1586 1654 1658; x_wconf 88' lang='lat' dir='ltr'><strong>prohibuit,</strong></span> <span class='ocrx_word' id='word_1_216' title='bbox 1678 1597 1706 1645; x_wconf 90' lang='lat' dir='ltr'><strong>at</strong></span> 
     </span>
     <span class='ocr_line' id='line_1_16' title="bbox 56 1666 1705 1740; baseline 0.004 -14"><span class='ocrx_word' id='word_1_217' title='bbox 56 1668 148 1726; x_wconf 81' lang='lat' dir='ltr'><strong>eadem</strong></span> <span class='ocrx_word' id='word_1_218' title='bbox 173 1667 333 1726; x_wconf 80' lang='lat' dir='ltr'><strong>conditione</strong></span> <span class='ocrx_word' id='word_1_219' title='bbox 347 1667 548 1732; x_wconf 71' lang='lat' dir='ltr'><strong>censendozet</strong></span> <span class='ocrx_word' id='word_1_220' title='bbox 562 1666 701 1724; x_wconf 89' lang='lat' dir='ltr'><strong>materiam</strong></span> <span class='ocrx_word' id='word_1_221' title='bbox 715 1667 741 1724; x_wconf 90' lang='lat' dir='ltr'><strong>el</strong></span> <span class='ocrx_word' id='word_1_222' title='bbox 768 1667 853 1740; x_wconf 87' lang='lat' dir='ltr'><strong>subji·</strong></span> <span class='ocrx_word' id='word_1_223' title='bbox 908 1666 1095 1737; x_wconf 75' lang='lat' dir='ltr'><strong>prohibentem</strong></span> <span class='ocrx_word' id='word_1_224' title='bbox 1123 1685 1183 1739; x_wconf 83' lang='lat' dir='ltr'><strong>quie</strong></span> <span class='ocrx_word' id='word_1_225' title='bbox 1219 1668 1302 1738; x_wconf 84' lang='lat' dir='ltr'><strong>jussit</strong></span> <span class='ocrx_word' id='word_1_226' title='bbox 1338 1672 1531 1740; x_wconf 71' lang='lat' dir='ltr'><strong>percutientem</strong></span> <span class='ocrx_word' id='word_1_227' title='bbox 1555 1685 1581 1732; x_wconf 91' lang='lat' dir='ltr'><strong>et</strong></span> <span class='ocrx_word' id='word_1_228' title='bbox 1608 1692 1705 1733; x_wconf 75' lang='lat' dir='ltr'><strong>sanan</strong></span> 
     </span>
     <span class='ocr_line' id='line_1_17' title="bbox 57 1755 1704 1835; baseline 0.004 -21"><span class='ocrx_word' id='word_1_229' title='bbox 57 1757 97 1825; x_wconf 78' lang='lat' dir='ltr'><strong>dt,</strong></span> <span class='ocrx_word' id='word_1_230' title='bbox 118 1758 221 1830; x_wconf 86' lang='lat' dir='ltr'><strong>utique</strong></span> <span class='ocrx_word' id='word_1_231' title='bbox 242 1757 362 1813; x_wconf 88' lang='lat' dir='ltr'><strong>innatam</strong></span> <span class='ocrx_word' id='word_1_232' title='bbox 388 1767 414 1814; x_wconf 93' lang='lat' dir='ltr'><strong>et</strong></span> <span class='ocrx_word' id='word_1_233' title='bbox 440 1756 578 1826; x_wconf 83' lang='lat' dir='ltr'><strong>iniectam,</strong></span> <span class='ocrx_word' id='word_1_234' title='bbox 603 1767 630 1814; x_wconf 91' lang='lat' dir='ltr'><strong>et</strong></span> <span class='ocrx_word' id='word_1_235' title='bbox 662 1757 714 1812; x_wconf 90' lang='lat' dir='ltr'><strong>hoc</strong></span> <span class='ocrx_word' id='word_1_236' title='bbox 742 1757 851 1814; x_wconf 89' lang='lat' dir='ltr'><strong>nomine</strong></span> <span class='ocrx_word' id='word_1_237' title='bbox 909 1763 972 1810; x_wconf 89' lang='lat' dir='ltr'><strong>tem.</strong></span> <span class='ocrx_word' id='word_1_238' title='bbox 988 1755 1041 1811; x_wconf 87' lang='lat' dir='ltr'><strong>Cur</strong></span> <span class='ocrx_word' id='word_1_239' title='bbox 1054 1755 1082 1810; x_wconf 93' lang='lat' dir='ltr'><strong>in</strong></span> <span class='ocrx_word' id='word_1_240' title='bbox 1095 1757 1146 1813; x_wconf 91' lang='lat' dir='ltr'><strong>hac</strong></span> <span class='ocrx_word' id='word_1_241' title='bbox 1160 1756 1219 1813; x_wconf 89' lang='lat' dir='ltr'><strong>sola</strong></span> <span class='ocrx_word' id='word_1_242' title='bbox 1233 1757 1324 1828; x_wconf 88' lang='lat' dir='ltr'><strong>specie</strong></span> <span class='ocrx_word' id='word_1_243' title='bbox 1339 1757 1498 1814; x_wconf 77' lang='lat' dir='ltr'><strong>uniformem</strong></span> <span class='ocrx_word' id='word_1_244' title='bbox 1513 1776 1574 1817; x_wconf 91' lang='lat' dir='ltr'><strong>eum</strong></span> <span class='ocrx_word' id='word_1_245' title='bbox 1587 1765 1704 1835; x_wconf 90' lang='lat' dir='ltr'><strong>capiunt,</strong></span> 
     </span>
     <span class='ocr_line' id='line_1_18' title="bbox 58 1840 1706 1918; baseline 0.004 -15"><span class='ocrx_word' id='word_1_246' title='bbox 58 1853 193 1912; x_wconf 67' lang='lat' dir='ltr'><strong>eternam</strong></span> <span class='ocrx_word' id='word_1_247' title='bbox 218 1853 246 1902; x_wconf 88' lang='lat' dir='ltr'><strong>ut</strong></span> <span class='ocrx_word' id='word_1_248' title='bbox 268 1847 395 1903; x_wconf 85' lang='lat' dir='ltr'><strong>Domino.</strong></span> <span class='ocrx_word' id='word_1_249' title='bbox 423 1845 554 1916; x_wconf 77' lang='lat' dir='ltr'><strong>Amplius,</strong></span> <span class='ocrx_word' id='word_1_250' title='bbox 589 1853 616 1902; x_wconf 87' lang='lat' dir='ltr'><strong>et</strong></span> <span class='ocrx_word' id='word_1_251' title='bbox 638 1845 738 1901; x_wconf 88' lang='lat' dir='ltr'><strong>malum</strong></span> <span class='ocrx_word' id='word_1_252' title='bbox 767 1843 853 1903; x_wconf 59' lang='lat'><strong>26⁴1</strong></span> <span class='ocrx_word' id='word_1_253' title='bbox 908 1840 993 1901; x_wconf 63' lang='grc'><strong>965</strong></span> <span class='ocrx_word' id='word_1_254' title='bbox 1009 1842 1157 1900; x_wconf 86' lang='lat' dir='ltr'><strong>visibilium</strong></span> <span class='ocrx_word' id='word_1_255' title='bbox 1175 1845 1345 1901; x_wconf 87' lang='lat' dir='ltr'><strong>solummodo</strong></span> <span class='ocrx_word' id='word_1_256' title='bbox 1360 1854 1388 1901; x_wconf 89' lang='lat' dir='ltr'><strong>et</strong></span> <span class='ocrx_word' id='word_1_257' title='bbox 1402 1846 1482 1903; x_wconf 90' lang='lat' dir='ltr'><strong>vitani</strong></span> <span class='ocrx_word' id='word_1_258' title='bbox 1497 1855 1523 1904; x_wconf 91' lang='lat' dir='ltr'><strong>et</strong></span> <span class='ocrx_word' id='word_1_259' title='bbox 1538 1859 1662 1918; x_wconf 88' lang='lat' dir='ltr'><strong>mortem,</strong></span> <span class='ocrx_word' id='word_1_260' title='bbox 1678 1861 1706 1909; x_wconf 92' lang='lat' dir='ltr'><strong>et</strong></span> 
     </span>
     <span class='ocr_line' id='line_1_19' title="bbox 59 1933 1705 2008; baseline 0.003 -15"><span class='ocrx_word' id='word_1_261' title='bbox 59 1934 176 1993; x_wconf 76' lang='lat' dir='ltr'><strong>miens</strong></span> <span class='ocrx_word' id='word_1_262' title='bbox 194 1936 342 2008; x_wconf 86' lang='lat' dir='ltr'><strong>depulsus,</strong></span> <span class='ocrx_word' id='word_1_263' title='bbox 371 1935 493 1990; x_wconf 89' lang='lat' dir='ltr'><strong>innatum</strong></span> <span class='ocrx_word' id='word_1_264' title='bbox 510 1934 618 2000; x_wconf 86' lang='lat' dir='ltr'><strong>innatae,</strong></span> <span class='ocrx_word' id='word_1_265' title='bbox 653 1934 784 1990; x_wconf 86' lang='lat' dir='ltr'><strong>iniectum</strong></span> <span class='ocrx_word' id='word_1_266' title='bbox 807 1934 852 1988; x_wconf 92' lang='lat' dir='ltr'><strong>in·</strong></span> <span class='ocrx_word' id='word_1_267' title='bbox 908 1933 977 1988; x_wconf 90' lang='lat' dir='ltr'><strong>mala</strong></span> <span class='ocrx_word' id='word_1_268' title='bbox 1005 1942 1031 1988; x_wconf 91' lang='lat' dir='ltr'><strong>et</strong></span> <span class='ocrx_word' id='word_1_269' title='bbox 1053 1934 1260 2005; x_wconf 71' lang='lat' dir='ltr'><strong>pacemlllcoli.</strong></span> <span class='ocrx_word' id='word_1_270' title='bbox 1290 1949 1329 2002; x_wconf 86' lang='lat' dir='ltr'><strong>rit,</strong></span> <span class='ocrx_word' id='word_1_271' title='bbox 1355 1936 1414 2004; x_wconf 79' lang='lat' dir='ltr'><strong>li;</strong></span> <span class='ocrx_word' id='word_1_272' title='bbox 1436 1937 1488 1992; x_wconf 83' lang='lat' dir='ltr'><strong>lso.</strong></span> <span class='ocrx_word' id='word_1_273' title='bbox 1513 1951 1579 2006; x_wconf 82' lang='lat' dir='ltr'><strong>xiv,</strong></span> <span class='ocrx_word' id='word_1_274' title='bbox 1601 1940 1650 2008; x_wconf 80' lang='lat' dir='ltr'><strong>ll‘l</strong></span> <span class='ocrx_word' id='word_1_275' title='bbox 1673 1943 1705 1998; x_wconf 84' lang='lat' dir='ltr'><strong>lit</strong></span> 
     </span>
     <span class='ocr_line' id='line_1_20' title="bbox 60 2021 1705 2095; baseline 0.002 -14"><span class='ocrx_word' id='word_1_276' title='bbox 60 2023 141 2095; x_wconf 66' lang='lat' dir='ltr'><strong>bue,</strong></span> <span class='ocrx_word' id='word_1_277' title='bbox 173 2032 204 2082; x_wconf 90' lang='lat' dir='ltr'><strong>et</strong></span> <span class='ocrx_word' id='word_1_278' title='bbox 242 2033 373 2080; x_wconf 84' lang='lat' dir='ltr'><strong>aeterimm</strong></span> <span class='ocrx_word' id='word_1_279' title='bbox 408 2031 527 2093; x_wconf 78' lang='lat' dir='ltr'><strong>eternae,</strong></span> <span class='ocrx_word' id='word_1_280' title='bbox 556 2030 687 2094; x_wconf 84' lang='lat' dir='ltr'><strong>quantum</strong></span> <span class='ocrx_word' id='word_1_281' title='bbox 710 2023 769 2092; x_wconf 87' lang='lat' dir='ltr'><strong>jam</strong></span> <span class='ocrx_word' id='word_1_282' title='bbox 792 2023 854 2079; x_wconf 91' lang='lat' dir='ltr'><strong>binc</strong></span> <span class='ocrx_word' id='word_1_283' title='bbox 908 2021 1010 2094; x_wconf 86' lang='lat' dir='ltr'><strong>utique,</strong></span> <span class='ocrx_word' id='word_1_284' title='bbox 1026 2023 1058 2092; x_wconf 76' lang='lat' dir='ltr'><strong>{si</strong></span> <span class='ocrx_word' id='word_1_285' title='bbox 1088 2023 1133 2078; x_wconf 91' lang='lat' dir='ltr'><strong>illa</strong></span> <span class='ocrx_word' id='word_1_286' title='bbox 1160 2023 1305 2080; x_wconf 88' lang='lat' dir='ltr'><strong>invisibilia</strong></span> <span class='ocrx_word' id='word_1_287' title='bbox 1324 2024 1430 2093; x_wconf 83' lang='lat' dir='ltr'><strong>majora</strong></span> <span class='ocrx_word' id='word_1_288' title='bbox 1463 2034 1525 2081; x_wconf 83' lang='lat' dir='ltr'><strong>sunt</strong></span> <span class='ocrx_word' id='word_1_289' title='bbox 1554 2026 1705 2085; x_wconf 82' lang='lat' dir='ltr'><strong>visibilibus</strong></span> 
     </span>
     <span class='ocr_line' id='line_1_21' title="bbox 58 2110 1706 2189; baseline 0.001 -17"><span class='ocrx_word' id='word_1_290' title='bbox 58 2111 129 2172; x_wconf 73' lang='lat' dir='ltr'><strong>imm</strong></span> <span class='ocrx_word' id='word_1_291' title='bbox 153 2111 230 2170; x_wconf 84' lang='lat' dir='ltr'><strong>iecit.</strong></span> <span class='ocrx_word' id='word_1_292' title='bbox 260 2114 350 2170; x_wconf 84' lang='lat' dir='ltr'><strong>Habes</strong></span> <span class='ocrx_word' id='word_1_293' title='bbox 378 2112 461 2184; x_wconf 79' lang='lat' dir='ltr'><strong>igitur</strong></span> <span class='ocrx_word' id='word_1_294' title='bbox 477 2112 504 2167; x_wconf 92' lang='lat' dir='ltr'><strong>iii</strong></span> <span class='ocrx_word' id='word_1_295' title='bbox 515 2111 701 2183; x_wconf 89' lang='lat' dir='ltr'><strong>superioribus</strong></span> <span class='ocrx_word' id='word_1_296' title='bbox 715 2117 769 2168; x_wconf 89' lang='lat' dir='ltr'><strong>tres</strong></span> <span class='ocrx_word' id='word_1_297' title='bbox 790 2112 853 2167; x_wconf 90' lang='lat' dir='ltr'><strong>sub-</strong></span> <span class='ocrx_word' id='word_1_298' title='bbox 908 2110 1041 2168; x_wconf 88' lang='lat' dir='ltr'><strong>creaturis</strong></span> <span class='ocrx_word' id='word_1_299' title='bbox 1056 2126 1105 2168; x_wconf 89' lang='lat' dir='ltr'><strong>suo</strong></span> <span class='ocrx_word' id='word_1_300' title='bbox 1124 2112 1184 2168; x_wconf 90' lang='lat' dir='ltr'><strong>loco</strong></span> <span class='ocrx_word' id='word_1_301' title='bbox 1199 2112 1316 2184; x_wconf 81' lang='lat' dir='ltr'><strong>magnis,</strong></span> <span class='ocrx_word' id='word_1_302' title='bbox 1333 2113 1372 2170; x_wconf 87' lang='lat' dir='ltr'><strong>sio</strong></span> <span class='ocrx_word' id='word_1_303' title='bbox 1385 2129 1492 2187; x_wconf 88' lang='lat' dir='ltr'><strong>quoque</strong></span> <span class='ocrx_word' id='word_1_304' title='bbox 1510 2117 1636 2189; x_wconf 73' lang='lat' dir='ltr'><strong>congruit</strong></span> <span class='ocrx_word' id='word_1_305' title='bbox 1648 2119 1706 2188; x_wconf 74' lang='lat' dir='ltr'><strong>eius</strong></span> 
     </span>
     <span class='ocr_line' id='line_1_22' title="bbox 56 2199 1704 2279; baseline 0.002 -18"><span class='ocrx_word' id='word_1_306' title='bbox 56 2202 165 2261; x_wconf 69' lang='lat' dir='ltr'><strong>mauu</strong></span> <span class='ocrx_word' id='word_1_307' title='bbox 198 2202 360 2269; x_wconf 82' lang='lat' dir='ltr'><strong>divinitatis,</strong></span> <span class='ocrx_word' id='word_1_308' title='bbox 392 2201 420 2257; x_wconf 93' lang='lat' dir='ltr'><strong>ia</strong></span> <span class='ocrx_word' id='word_1_309' title='bbox 447 2199 622 2258; x_wconf 81' lang='lat' dir='ltr'><strong>inferioribus</strong></span> <span class='ocrx_word' id='word_1_310' title='bbox 653 2210 779 2272; x_wconf 86' lang='lat' dir='ltr'><strong>quatuor.</strong></span> <span class='ocrx_word' id='word_1_311' title='bbox 808 2199 854 2256; x_wconf 86' lang='lat' dir='ltr'><strong>His</strong></span> <span class='ocrx_word' id='word_1_312' title='bbox 908 2217 970 2258; x_wconf 88' lang='lat' dir='ltr'><strong>esse</strong></span> <span class='ocrx_word' id='word_1_313' title='bbox 999 2204 1102 2272; x_wconf 81' lang='lat' dir='ltr'><strong>majora</strong></span> <span class='ocrx_word' id='word_1_314' title='bbox 1129 2203 1209 2272; x_wconf 76' lang='lat' dir='ltr'><strong>cuius</strong></span> <span class='ocrx_word' id='word_1_315' title='bbox 1235 2210 1263 2259; x_wconf 90' lang='lat' dir='ltr'><strong>et</strong></span> <span class='ocrx_word' id='word_1_316' title='bbox 1282 2219 1400 2275; x_wconf 75' lang='lat' dir='ltr'><strong>magna3</strong></span> <span class='ocrx_word' id='word_1_317' title='bbox 1429 2203 1492 2277; x_wconf 84' lang='lat' dir='ltr'><strong>quia</strong></span> <span class='ocrx_word' id='word_1_318' title='bbox 1519 2220 1568 2262; x_wconf 90' lang='lat' dir='ltr'><strong>nco</strong></span> <span class='ocrx_word' id='word_1_319' title='bbox 1595 2221 1704 2279; x_wconf 71' lang='lat' dir='ltr'><strong>magna,</strong></span> 
     </span>
     <span class='ocr_line' id='line_1_23' title="bbox 57 2288 1704 2363; baseline 0.002 -14"><span class='ocrx_word' id='word_1_320' title='bbox 57 2304 109 2349; x_wconf 84' lang='lat' dir='ltr'><strong>tani</strong></span> <span class='ocrx_word' id='word_1_321' title='bbox 136 2291 278 2349; x_wconf 65' lang='lat' dir='ltr'><strong>meduna</strong></span> <span class='ocrx_word' id='word_1_322' title='bbox 304 2301 331 2348; x_wconf 91' lang='lat' dir='ltr'><strong>et</strong></span> <span class='ocrx_word' id='word_1_323' title='bbox 362 2290 403 2347; x_wconf 89' lang='lat' dir='ltr'><strong>sui</strong></span> <span class='ocrx_word' id='word_1_324' title='bbox 431 2290 540 2356; x_wconf 85' lang='lat' dir='ltr'><strong>Christi,</strong></span> <span class='ocrx_word' id='word_1_325' title='bbox 565 2289 633 2346; x_wconf 91' lang='lat' dir='ltr'><strong>alter</strong></span> <span class='ocrx_word' id='word_1_326' title='bbox 658 2289 704 2362; x_wconf 84' lang='lat' dir='ltr'><strong>qui</strong></span> <span class='ocrx_word' id='word_1_327' title='bbox 732 2288 855 2360; x_wconf 89' lang='lat' dir='ltr'><strong>apparuit</strong></span> <span class='ocrx_word' id='word_1_328' title='bbox 907 2290 1008 2347; x_wconf 85' lang='lat' dir='ltr'><strong>aeduin</strong></span> <span class='ocrx_word' id='word_1_329' title='bbox 1036 2291 1148 2362; x_wconf 85' lang='lat' dir='ltr'><strong>majora,</strong></span> <span class='ocrx_word' id='word_1_330' title='bbox 1178 2291 1204 2347; x_wconf 93' lang='lat' dir='ltr'><strong>ei</strong></span> <span class='ocrx_word' id='word_1_331' title='bbox 1230 2299 1385 2363; x_wconf 88' lang='lat' dir='ltr'><strong>competant</strong></span> <span class='ocrx_word' id='word_1_332' title='bbox 1411 2293 1489 2362; x_wconf 87' lang='lat' dir='ltr'><strong>cujiis</strong></span> <span class='ocrx_word' id='word_1_333' title='bbox 1520 2308 1568 2350; x_wconf 88' lang='lat' dir='ltr'><strong>nec</strong></span> <span class='ocrx_word' id='word_1_334' title='bbox 1600 2295 1704 2353; x_wconf 88' lang='lat' dir='ltr'><strong>modica</strong></span> 
     </span>
    </p>
   </div>
   <div class='ocr_carea' id='block_1_3' title="bbox 59 2377 1080 2534">
    <p class='ocr_par' dir='ltr' id='par_1_3' title="bbox 59 2377 1080 2534">
     <span class='ocr_line' id='line_1_24' title="bbox 59 2377 1080 2453; baseline 0.001 -18"><span class='ocrx_word' id='word_1_335' title='bbox 59 2377 102 2435; x_wconf 83' lang='lat' dir='ltr'><strong>tib</strong></span> <span class='ocrx_word' id='word_1_336' title='bbox 129 2378 260 2446; x_wconf 73' lang='lat' dir='ltr'><strong>Tiberio,</strong></span> <span class='ocrx_word' id='word_1_337' title='bbox 283 2377 352 2434; x_wconf 90' lang='lat' dir='ltr'><strong>alter</strong></span> <span class='ocrx_word' id='word_1_338' title='bbox 377 2377 424 2450; x_wconf 89' lang='lat' dir='ltr'><strong>qui</strong></span> <span class='ocrx_word' id='word_1_339' title='bbox 450 2393 467 2433; x_wconf 89' lang='lat' dir='ltr'><strong>a</strong></span> <span class='ocrx_word' id='word_1_340' title='bbox 494 2378 621 2435; x_wconf 89' lang='lat' dir='ltr'><strong>Creatore</strong></span> <span class='ocrx_word' id='word_1_341' title='bbox 649 2377 851 2450; x_wconf 86' lang='lat' dir='ltr'><strong>repromittitur,</strong></span> <span class='ocrx_word' id='word_1_342' title='bbox 910 2388 1080 2453; x_wconf 79' lang='lat' dir='ltr'><strong>comparent.</strong></span> 
     </span>
     <span class='ocr_line' id='line_1_25' title="bbox 60 2460 852 2534; baseline -0.005 -12"><span class='ocrx_word' id='word_1_343' title='bbox 60 2461 225 2522; x_wconf 69' lang='lat' dir='ltr'><strong>linteam</strong></span> <span class='ocrx_word' id='word_1_344' title='bbox 245 2463 305 2534; x_wconf 86' lang='lat' dir='ltr'><strong>jiim</strong></span> <span class='ocrx_word' id='word_1_345' title='bbox 331 2461 456 2519; x_wconf 77' lang='lat' dir='ltr'><strong>innuen</strong></span> <span class='ocrx_word' id='word_1_346' title='bbox 482 2461 602 2518; x_wconf 87' lang='lat' dir='ltr'><strong>llaroion</strong></span> <span class='ocrx_word' id='word_1_347' title='bbox 628 2460 731 2534; x_wconf 90' lang='lat' dir='ltr'><strong>patitur</strong></span> <span class='ocrx_word' id='word_1_348' title='bbox 757 2460 852 2518; x_wconf 88' lang='lat' dir='ltr'><strong>abeis</strong></span> 
     </span>
    </p>
   </div>
   <div class='ocr_carea' id='block_1_4' title="bbox 59 2520 1706 4405">
    <p class='ocr_par' dir='ltr' id='par_1_4' title="bbox 59 2520 1706 4405">
     <span class='ocr_line' id='line_1_26' title="bbox 60 2520 1420 2624; baseline 0 -15"><span class='ocrx_word' id='word_1_349' title='bbox 60 2550 177 2624; x_wconf 60' lang='lat' dir='ltr'><strong>p&#39;duos</strong></span> <span class='ocrx_word' id='word_1_350' title='bbox 207 2551 289 2609; x_wconf 89' lang='lat' dir='ltr'><strong>illum</strong></span> <span class='ocrx_word' id='word_1_351' title='bbox 316 2550 498 2608; x_wconf 87' lang='lat' dir='ltr'><strong>deosinicrre</strong></span> <span class='ocrx_word' id='word_1_352' title='bbox 525 2559 705 2621; x_wconf 83' lang='lat' dir='ltr'><strong>praesumunt,</strong></span> <span class='ocrx_word' id='word_1_353' title='bbox 720 2566 781 2609; x_wconf 94' lang='lat' dir='ltr'><strong>cum</strong></span> <span class='ocrx_word' id='word_1_354' title='bbox 803 2565 852 2609; x_wconf 91' lang='lat' dir='ltr'><strong>no·</strong></span> <span class='ocrx_word' id='word_1_355' title='bbox 1189 2520 1306 2579; x_wconf 56' lang='lat' dir='ltr'>CAPUT</span> <span class='ocrx_word' id='word_1_356' title='bbox 1333 2522 1420 2580; x_wconf 60' lang='lat' dir='ltr'><strong>XVII·</strong></span> 
     </span>
     <span class='ocr_line' id='line_1_27' title="bbox 62 2639 1704 2718; baseline 0.004 -19"><span class='ocrx_word' id='word_1_357' title='bbox 62 2655 110 2699; x_wconf 80' lang='lat' dir='ltr'><strong>trin</strong></span> <span class='ocrx_word' id='word_1_358' title='bbox 122 2639 260 2714; x_wconf 56' lang='lat' dir='ltr'><strong>menet,</strong></span> <span class='ocrx_word' id='word_1_359' title='bbox 278 2641 343 2698; x_wconf 88' lang='lat' dir='ltr'><strong>licet</strong></span> <span class='ocrx_word' id='word_1_360' title='bbox 360 2639 494 2697; x_wconf 89' lang='lat' dir='ltr'><strong>nesciens.</strong></span> <span class='ocrx_word' id='word_1_361' title='bbox 943 2640 999 2699; x_wconf 91' lang='lat' dir='ltr'><strong>lloc</strong></span> <span class='ocrx_word' id='word_1_362' title='bbox 1013 2642 1173 2715; x_wconf 85' lang='lat' dir='ltr'><strong>compressi,</strong></span> <span class='ocrx_word' id='word_1_363' title='bbox 1194 2651 1341 2713; x_wconf 89' lang='lat' dir='ltr'><strong>erumpunt</strong></span> <span class='ocrx_word' id='word_1_364' title='bbox 1359 2643 1450 2702; x_wconf 89' lang='lat' dir='ltr'><strong>dicere</strong></span> <span class='ocrx_word' id='word_1_365' title='bbox 1475 2645 1544 2718; x_wconf 69' lang='lat' dir='ltr'><strong>llil:</strong></span> <span class='ocrx_word' id='word_1_366' title='bbox 1562 2665 1576 2700; x_wconf 77' lang='lat' dir='ltr'><strong>a</strong></span> <span class='ocrx_word' id='word_1_367' title='bbox 1599 2646 1704 2706; x_wconf 85' lang='lat' dir='ltr'><strong>Sulflcit</strong></span> 
     </span>
     <span class='ocr_line' id='line_1_28' title="bbox 351 2730 1704 2838; baseline 0.006 -52"><span class='ocrx_word' id='word_1_368' title='bbox 351 2780 463 2838; x_wconf 60' lang='lat' dir='ltr'>CAPUT</span> <span class='ocrx_word' id='word_1_369' title='bbox 482 2779 546 2836; x_wconf 60' lang='lat' dir='ltr'><strong>XVI</strong></span> <span class='ocrx_word' id='word_1_370' title='bbox 903 2731 1015 2829; x_wconf 76' lang='lat' dir='ltr'><strong>,unicum</strong></span> <span class='ocrx_word' id='word_1_371' title='bbox 1029 2733 1083 2787; x_wconf 90' lang='lat' dir='ltr'><strong>boc</strong></span> <span class='ocrx_word' id='word_1_372' title='bbox 1096 2745 1165 2802; x_wconf 90' lang='lat' dir='ltr'><strong>opus</strong></span> <span class='ocrx_word' id='word_1_373' title='bbox 1178 2730 1236 2788; x_wconf 90' lang='lat' dir='ltr'><strong>Deo</strong></span> <span class='ocrx_word' id='word_1_374' title='bbox 1250 2741 1357 2800; x_wconf 86' lang='lat' dir='ltr'><strong>nostro,</strong></span> <span class='ocrx_word' id='word_1_375' title='bbox 1378 2732 1450 2807; x_wconf 89' lang='lat' dir='ltr'><strong>quod</strong></span> <span class='ocrx_word' id='word_1_376' title='bbox 1471 2734 1609 2792; x_wconf 89' lang='lat' dir='ltr'><strong>hominem</strong></span> <span class='ocrx_word' id='word_1_377' title='bbox 1632 2736 1704 2795; x_wconf 90' lang='lat' dir='ltr'><strong>liba·</strong></span> 
     </span>
     <span class='ocr_line' id='line_1_29' title="bbox 549 2820 1703 2892; baseline 0.006 -19"><span class='ocrx_word' id='word_1_378' title='bbox 549 2820 557 2835; x_wconf 84' lang='lat'>‘</span> <span class='ocrx_word' id='word_1_379' title='bbox 908 2830 977 2876; x_wconf 90' lang='lat' dir='ltr'><strong>ravit</strong></span> <span class='ocrx_word' id='word_1_380' title='bbox 997 2835 1104 2876; x_wconf 89' lang='lat' dir='ltr'><strong>summa</strong></span> <span class='ocrx_word' id='word_1_381' title='bbox 1131 2827 1159 2875; x_wconf 92' lang='lat' dir='ltr'><strong>et</strong></span> <span class='ocrx_word' id='word_1_382' title='bbox 1184 2820 1320 2892; x_wconf 82' lang='lat' dir='ltr'><strong>praecipua</strong></span> <span class='ocrx_word' id='word_1_383' title='bbox 1343 2821 1462 2878; x_wconf 86' lang='lat' dir='ltr'><strong>bonitate</strong></span> <span class='ocrx_word' id='word_1_384' title='bbox 1491 2838 1551 2890; x_wconf 88' lang='lat' dir='ltr'><strong>sua,</strong></span> <span class='ocrx_word' id='word_1_385' title='bbox 1570 2833 1598 2881; x_wconf 90' lang='lat' dir='ltr'><strong>ct</strong></span> <span class='ocrx_word' id='word_1_386' title='bbox 1615 2825 1703 2880; x_wconf 91' lang='lat' dir='ltr'><strong>onini-</strong></span> 
     </span>
     <span class='ocr_line' id='line_1_30' title="bbox 85 2903 1702 2982; baseline 0.005 -20"><span class='ocrx_word' id='word_1_387' title='bbox 85 2906 147 2965; x_wconf 78' lang='lat' dir='ltr'><strong>b&#39;on</strong></span> <span class='ocrx_word' id='word_1_388' title='bbox 187 2913 364 2979; x_wconf 80' lang='lat' dir='ltr'><strong>comparente</strong></span> <span class='ocrx_word' id='word_1_389' title='bbox 387 2905 469 2979; x_wconf 72' lang='lat' dir='ltr'><strong>igitur</strong></span> <span class='ocrx_word' id='word_1_390' title='bbox 494 2903 596 2962; x_wconf 88' lang='lat' dir='ltr'><strong>mundo</strong></span> <span class='ocrx_word' id='word_1_391' title='bbox 626 2905 689 2973; x_wconf 92' lang='lat' dir='ltr'><strong>alio,</strong></span> <span class='ocrx_word' id='word_1_392' title='bbox 713 2906 781 2965; x_wconf 91' lang='lat' dir='ltr'><strong>sicul</strong></span> <span class='ocrx_word' id='word_1_393' title='bbox 805 2924 854 2966; x_wconf 92' lang='lat' dir='ltr'><strong>neo</strong></span> <span class='ocrx_word' id='word_1_394' title='bbox 907 2909 958 2964; x_wconf 89' lang='lat' dir='ltr'><strong>bus</strong></span> <span class='ocrx_word' id='word_1_395' title='bbox 972 2907 1080 2965; x_wconf 89' lang='lat' dir='ltr'><strong>locustis</strong></span> <span class='ocrx_word' id='word_1_396' title='bbox 1098 2909 1296 2979; x_wconf 86' lang='lat' dir='ltr'><strong>anteponenda.</strong></span> <span class='ocrx_word' id='word_1_397' title='bbox 1315 2930 1326 2960; x_wconf 78' lang='lat' dir='ltr'><strong>i</strong></span> <span class='ocrx_word' id='word_1_398' title='bbox 1343 2909 1367 2967; x_wconf 91' lang='grc' dir='ltr'>Ο</span> <span class='ocrx_word' id='word_1_399' title='bbox 1386 2911 1474 2966; x_wconf 89' lang='lat' dir='ltr'><strong>Deum</strong></span> <span class='ocrx_word' id='word_1_400' title='bbox 1493 2913 1632 2982; x_wconf 80' lang='lat' dir='ltr'><strong>majorem,</strong></span> <span class='ocrx_word' id='word_1_401' title='bbox 1654 2928 1702 2970; x_wconf 89' lang='lat' dir='ltr'><strong>ca·</strong></span> 
     </span>
     <span class='ocr_line' id='line_1_31' title="bbox 60 2994 1704 3084; baseline 0.005 -33"><span class='ocrx_word' id='word_1_402' title='bbox 60 2994 114 3053; x_wconf 83' lang='lat' dir='ltr'><strong>ltoo</strong></span> <span class='ocrx_word' id='word_1_403' title='bbox 141 2997 219 3067; x_wconf 76' lang='lat' dir='ltr'><strong>eius,</strong></span> <span class='ocrx_word' id='word_1_404' title='bbox 240 3010 407 3067; x_wconf 81' lang='lat' dir='ltr'><strong>consequens</strong></span> <span class='ocrx_word' id='word_1_405' title='bbox 421 3004 461 3051; x_wconf 87' lang='lat' dir='ltr'><strong>est</strong></span> <span class='ocrx_word' id='word_1_406' title='bbox 475 3002 504 3051; x_wconf 92' lang='lat' dir='ltr'><strong>ut</strong></span> <span class='ocrx_word' id='word_1_407' title='bbox 530 2995 598 3052; x_wconf 88' lang='lat' dir='ltr'><strong>duas</strong></span> <span class='ocrx_word' id='word_1_408' title='bbox 620 2994 725 3065; x_wconf 90' lang='lat' dir='ltr'><strong>species</strong></span> <span class='ocrx_word' id='word_1_409' title='bbox 753 3012 853 3070; x_wconf 78' lang='lat' dir='ltr'><strong>rarum,</strong></span> <span class='ocrx_word' id='word_1_410' title='bbox 871 2998 947 3084; x_wconf 67' lang='lat' dir='ltr'><strong>ejus</strong></span> <span class='ocrx_word' id='word_1_411' title='bbox 963 3006 1016 3052; x_wconf 90' lang='lat' dir='ltr'><strong>tarn</strong></span> <span class='ocrx_word' id='word_1_412' title='bbox 1036 3012 1161 3068; x_wconf 78' lang='lat' dir='ltr'><strong>magnum</strong></span> <span class='ocrx_word' id='word_1_413' title='bbox 1175 3012 1244 3068; x_wconf 90' lang='lat' dir='ltr'><strong>opus</strong></span> <span class='ocrx_word' id='word_1_414' title='bbox 1263 3013 1316 3053; x_wconf 87' lang='lat' dir='ltr'><strong>noo</strong></span> <span class='ocrx_word' id='word_1_415' title='bbox 1332 2999 1420 3070; x_wconf 91' lang='lat' dir='ltr'><strong>potuit</strong></span> <span class='ocrx_word' id='word_1_416' title='bbox 1432 2999 1561 3068; x_wconf 88' lang='lat' dir='ltr'><strong>inveniri,</strong></span> <span class='ocrx_word' id='word_1_417' title='bbox 1577 3017 1659 3077; x_wconf 87' lang='lat' dir='ltr'><strong>quain</strong></span> <span class='ocrx_word' id='word_1_418' title='bbox 1676 3003 1704 3059; x_wconf 91' lang='lat' dir='ltr'><strong>iii</strong></span> 
     </span>
     <span class='ocr_line' id='line_1_32' title="bbox 64 3081 1703 3160; baseline 0.005 -22"><span class='ocrx_word' id='word_1_419' title='bbox 64 3082 224 3139; x_wconf 78' lang='lat' dir='ltr'><strong>visibiliaet</strong></span> <span class='ocrx_word' id='word_1_420' title='bbox 239 3083 389 3148; x_wconf 83' lang='lat' dir='ltr'><strong>invisibilia,</strong></span> <span class='ocrx_word' id='word_1_421' title='bbox 419 3083 523 3140; x_wconf 90' lang='lat' dir='ltr'><strong>duobus</strong></span> <span class='ocrx_word' id='word_1_422' title='bbox 538 3081 692 3140; x_wconf 83' lang='lat' dir='ltr'><strong>auctoribus</strong></span> <span class='ocrx_word' id='word_1_423' title='bbox 720 3084 779 3140; x_wconf 93' lang='lat' dir='ltr'><strong>deis</strong></span> <span class='ocrx_word' id='word_1_424' title='bbox 804 3085 850 3142; x_wconf 93' lang='lat' dir='ltr'><strong>di·</strong></span> <span class='ocrx_word' id='word_1_425' title='bbox 906 3087 1016 3143; x_wconf 90' lang='lat' dir='ltr'><strong>homine</strong></span> <span class='ocrx_word' id='word_1_426' title='bbox 1034 3084 1078 3141; x_wconf 92' lang='lat' dir='ltr'><strong>dei</strong></span> <span class='ocrx_word' id='word_1_427' title='bbox 1098 3084 1224 3142; x_wconf 90' lang='lat' dir='ltr'><strong>minoris!</strong></span> <span class='ocrx_word' id='word_1_428' title='bbox 1246 3085 1400 3157; x_wconf 84' lang='lat' dir='ltr'><strong>Enimvero,</strong></span> <span class='ocrx_word' id='word_1_429' title='bbox 1422 3089 1498 3160; x_wconf 87' lang='lat' dir='ltr'><strong>prius</strong></span> <span class='ocrx_word' id='word_1_430' title='bbox 1517 3098 1558 3146; x_wconf 88' lang='lat' dir='ltr'><strong>est</strong></span> <span class='ocrx_word' id='word_1_431' title='bbox 1586 3101 1615 3148; x_wconf 87' lang='lat' dir='ltr'><strong>ui</strong></span> <span class='ocrx_word' id='word_1_432' title='bbox 1641 3107 1703 3148; x_wconf 91' lang='lat' dir='ltr'><strong>euni</strong></span> 
     </span>
     <span class='ocr_line' id='line_1_33' title="bbox 65 3168 1704 3249; baseline 0.005 -23"><span class='ocrx_word' id='word_1_433' title='bbox 65 3168 270 3236; x_wconf 71' lang='lat' dir='ltr'><strong>rideanetista</strong></span> <span class='ocrx_word' id='word_1_434' title='bbox 293 3186 341 3229; x_wconf 89' lang='lat' dir='ltr'><strong>suo</strong></span> <span class='ocrx_word' id='word_1_435' title='bbox 367 3168 587 3229; x_wconf 90' lang='lat' dir='ltr'><strong>Deoinvisibilia</strong></span> <span class='ocrx_word' id='word_1_436' title='bbox 610 3171 767 3230; x_wconf 79' lang='lat' dir='ltr'><strong>defendant.</strong></span> <span class='ocrx_word' id='word_1_437' title='bbox 783 3172 851 3242; x_wconf 88' lang='lat' dir='ltr'><strong>Quis</strong></span> <span class='ocrx_word' id='word_1_438' title='bbox 906 3175 1091 3246; x_wconf 88' lang='lat' dir='ltr'><strong>probescsso,</strong></span> <span class='ocrx_word' id='word_1_439' title='bbox 1107 3187 1231 3244; x_wconf 87' lang='lat' dir='ltr'><strong>perquae</strong></span> <span class='ocrx_word' id='word_1_440' title='bbox 1254 3173 1343 3228; x_wconf 90' lang='lat' dir='ltr'><strong>Deum</strong></span> <span class='ocrx_word' id='word_1_441' title='bbox 1367 3176 1478 3244; x_wconf 87' lang='lat' dir='ltr'><strong>probari</strong></span> <span class='ocrx_word' id='word_1_442' title='bbox 1502 3185 1627 3248; x_wconf 89' lang='lat' dir='ltr'><strong>oportet:</strong></span> <span class='ocrx_word' id='word_1_443' title='bbox 1658 3195 1704 3249; x_wconf 88' lang='lat' dir='ltr'><strong>per</strong></span> 
     </span>
     <span class='ocr_line' id='line_1_34' title="bbox 60 3259 1706 3338; baseline 0.005 -24"><span class='ocrx_word' id='word_1_444' title='bbox 60 3267 146 3316; x_wconf 85' lang='lat' dir='ltr'><strong>intem</strong></span> <span class='ocrx_word' id='word_1_445' title='bbox 173 3261 272 3331; x_wconf 77' lang='lat' dir='ltr'><strong>poerit</strong></span> <span class='ocrx_word' id='word_1_446' title='bbox 283 3259 417 3318; x_wconf 89' lang='lat' dir='ltr'><strong>inducere</strong></span> <span class='ocrx_word' id='word_1_447' title='bbox 444 3260 471 3315; x_wconf 91' lang='lat' dir='ltr'><strong>in</strong></span> <span class='ocrx_word' id='word_1_448' title='bbox 498 3259 629 3326; x_wconf 89' lang='lat' dir='ltr'><strong>animum,</strong></span> <span class='ocrx_word' id='word_1_449' title='bbox 658 3259 711 3315; x_wconf 92' lang='lat' dir='ltr'><strong>nisi</strong></span> <span class='ocrx_word' id='word_1_450' title='bbox 740 3262 851 3332; x_wconf 86' lang='lat' dir='ltr'><strong>spiritua</strong></span> <span class='ocrx_word' id='word_1_451' title='bbox 906 3279 998 3336; x_wconf 88' lang='lat' dir='ltr'><strong>opera,</strong></span> <span class='ocrx_word' id='word_1_452' title='bbox 1024 3269 1088 3320; x_wconf 92' lang='lat' dir='ltr'><strong>tunc</strong></span> <span class='ocrx_word' id='word_1_453' title='bbox 1111 3261 1209 3318; x_wconf 91' lang='lat' dir='ltr'><strong>deinde</strong></span> <span class='ocrx_word' id='word_1_454' title='bbox 1231 3259 1369 3317; x_wconf 83' lang='lat' dir='ltr'><strong>beneficia.</strong></span> <span class='ocrx_word' id='word_1_455' title='bbox 1389 3261 1480 3319; x_wconf 91' lang='lat' dir='ltr'><strong>Primo</strong></span> <span class='ocrx_word' id='word_1_456' title='bbox 1507 3263 1580 3318; x_wconf 88' lang='lat' dir='ltr'><strong>enim</strong></span> <span class='ocrx_word' id='word_1_457' title='bbox 1608 3266 1706 3338; x_wconf 82' lang='lat' dir='ltr'><strong>quaeri·</strong></span> 
     </span>
     <span class='ocr_line' id='line_1_35' title="bbox 59 3340 1703 3424; baseline 0.001 -17"><span class='ocrx_word' id='word_1_458' title='bbox 59 3349 207 3416; x_wconf 78' lang='lat' dir='ltr'><strong>hereticos,</strong></span> <span class='ocrx_word' id='word_1_459' title='bbox 237 3351 300 3422; x_wconf 74' lang='lat' dir='ltr'><strong>eius</strong></span> <span class='ocrx_word' id='word_1_460' title='bbox 327 3366 386 3407; x_wconf 89' lang='lat' dir='ltr'><strong>esse</strong></span> <span class='ocrx_word' id='word_1_461' title='bbox 409 3350 551 3407; x_wconf 80' lang='lat' dir='ltr'><strong>invisibilia</strong></span> <span class='ocrx_word' id='word_1_462' title='bbox 579 3350 624 3422; x_wconf 89' lang='lat' dir='ltr'><strong>qui</strong></span> <span class='ocrx_word' id='word_1_463' title='bbox 651 3350 717 3406; x_wconf 88' lang='lat' dir='ltr'><strong>nibil</strong></span> <span class='ocrx_word' id='word_1_464' title='bbox 744 3340 852 3410; x_wconf 85' lang='lat' dir='ltr'><strong>visibile</strong></span> <span class='ocrx_word' id='word_1_465' title='bbox 907 3360 948 3408; x_wconf 89' lang='lat' dir='ltr'><strong>tor</strong></span> <span class='ocrx_word' id='word_1_466' title='bbox 958 3367 994 3407; x_wconf 89' lang='lat' dir='ltr'><strong>an</strong></span> <span class='ocrx_word' id='word_1_467' title='bbox 1006 3351 1056 3418; x_wconf 86' lang='lat' dir='ltr'><strong>sit;</strong></span> <span class='ocrx_word' id='word_1_468' title='bbox 1071 3358 1099 3406; x_wconf 90' lang='lat' dir='ltr'><strong>et</strong></span> <span class='ocrx_word' id='word_1_469' title='bbox 1113 3350 1160 3418; x_wconf 85' lang='lat' dir='ltr'><strong>ita,</strong></span> <span class='ocrx_word' id='word_1_470' title='bbox 1171 3349 1260 3421; x_wconf 88' lang='lat' dir='ltr'><strong>qualis</strong></span> <span class='ocrx_word' id='word_1_471' title='bbox 1275 3349 1452 3407; x_wconf 75' lang='lat' dir='ltr'><strong>siadltcrum</strong></span> <span class='ocrx_word' id='word_1_472' title='bbox 1463 3350 1497 3408; x_wconf 91' lang='lat' dir='ltr'><strong>do</strong></span> <span class='ocrx_word' id='word_1_473' title='bbox 1512 3352 1649 3424; x_wconf 87' lang='lat' dir='ltr'><strong>operibus,</strong></span> <span class='ocrx_word' id='word_1_474' title='bbox 1666 3354 1703 3409; x_wconf 93' lang='lat' dir='ltr'><strong>al·</strong></span> 
     </span>
     <span class='ocr_line' id='line_1_36' title="bbox 59 3437 1701 3514; baseline 0 -18"><span class='ocrx_word' id='word_1_475' title='bbox 59 3439 225 3511; x_wconf 74' lang='lat' dir='ltr'><strong>peruicerit,</strong></span> <span class='ocrx_word' id='word_1_476' title='bbox 253 3454 336 3513; x_wconf 90' lang='lat' dir='ltr'><strong>qoam</strong></span> <span class='ocrx_word' id='word_1_477' title='bbox 363 3442 423 3511; x_wconf 85' lang='lat' dir='ltr'><strong>ejiis</strong></span> <span class='ocrx_word' id='word_1_478' title='bbox 437 3440 482 3511; x_wconf 90' lang='lat' dir='ltr'><strong>qui</strong></span> <span class='ocrx_word' id='word_1_479' title='bbox 497 3437 613 3497; x_wconf 88' lang='lat' dir='ltr'><strong>visibilia</strong></span> <span class='ocrx_word' id='word_1_480' title='bbox 640 3450 777 3512; x_wconf 80' lang='lat' dir='ltr'><strong>operatus,</strong></span> <span class='ocrx_word' id='word_1_481' title='bbox 806 3442 851 3497; x_wconf 89' lang='lat' dir='ltr'><strong>iu·</strong></span> <span class='ocrx_word' id='word_1_482' title='bbox 906 3441 994 3497; x_wconf 83' lang='lat' dir='ltr'><strong>terum</strong></span> <span class='ocrx_word' id='word_1_483' title='bbox 1017 3442 1052 3497; x_wconf 92' lang='lat' dir='ltr'><strong>de</strong></span> <span class='ocrx_word' id='word_1_484' title='bbox 1070 3437 1209 3496; x_wconf 82' lang='lat' dir='ltr'><strong>beneficiis</strong></span> <span class='ocrx_word' id='word_1_485' title='bbox 1223 3438 1397 3510; x_wconf 78' lang='lat' dir='ltr'><strong>dignoscetur</strong></span> <span class='ocrx_word' id='word_1_486' title='bbox 1425 3439 1460 3494; x_wconf 66' lang='lat'><strong>³⁰.</strong></span> <span class='ocrx_word' id='word_1_487' title='bbox 1488 3439 1631 3514; x_wconf 81' lang='lat' dir='ltr'><strong>Ceterum,</strong></span> <span class='ocrx_word' id='word_1_488' title='bbox 1646 3457 1701 3499; x_wconf 92' lang='lat' dir='ltr'><strong>non</strong></span> 
     </span>
     <span class='ocr_line' id='line_1_37' title="bbox 59 3526 1702 3605; baseline 0 -18"><span class='ocrx_word' id='word_1_489' title='bbox 59 3528 196 3605; x_wconf 59' lang='lat' dir='ltr'><strong>sibilium</strong></span> <span class='ocrx_word' id='word_1_490' title='bbox 214 3544 326 3603; x_wconf 89' lang='lat' dir='ltr'><strong>quoque</strong></span> <span class='ocrx_word' id='word_1_491' title='bbox 339 3527 422 3585; x_wconf 85' lang='lat' dir='ltr'><strong>fidem</strong></span> <span class='ocrx_word' id='word_1_492' title='bbox 435 3527 542 3597; x_wconf 86' lang='lat' dir='ltr'><strong>iecerit,</strong></span> <span class='ocrx_word' id='word_1_493' title='bbox 567 3544 629 3585; x_wconf 87' lang='lat' dir='ltr'><strong>cuin</strong></span> <span class='ocrx_word' id='word_1_494' title='bbox 643 3529 743 3599; x_wconf 83' lang='lat' dir='ltr'><strong>justius</strong></span> <span class='ocrx_word' id='word_1_495' title='bbox 763 3532 851 3589; x_wconf 90' lang='lat' dir='ltr'><strong>multo</strong></span> <span class='ocrx_word' id='word_1_496' title='bbox 906 3529 970 3601; x_wconf 90' lang='lat' dir='ltr'><strong>quia</strong></span> <span class='ocrx_word' id='word_1_497' title='bbox 983 3529 1110 3584; x_wconf 81' lang='lat' dir='ltr'><strong>liberasse</strong></span> <span class='ocrx_word' id='word_1_498' title='bbox 1123 3526 1221 3583; x_wconf 90' lang='lat' dir='ltr'><strong>dicitur</strong></span> <span class='ocrx_word' id='word_1_499' title='bbox 1234 3526 1383 3597; x_wconf 88' lang='lat' dir='ltr'><strong>hominem,</strong></span> <span class='ocrx_word' id='word_1_500' title='bbox 1399 3527 1459 3584; x_wconf 84' lang='lat' dir='ltr'><strong>iileo</strong></span> <span class='ocrx_word' id='word_1_501' title='bbox 1474 3544 1535 3585; x_wconf 87' lang='lat' dir='ltr'><strong>esse</strong></span> <span class='ocrx_word' id='word_1_502' title='bbox 1548 3544 1610 3585; x_wconf 88' lang='lat' dir='ltr'><strong>eum</strong></span> <span class='ocrx_word' id='word_1_503' title='bbox 1624 3545 1702 3587; x_wconf 86' lang='lat' dir='ltr'><strong>cons·</strong></span> 
     </span>
     <span class='ocr_line' id='line_1_38' title="bbox 61 3614 1699 3692; baseline 0.001 -19"><span class='ocrx_word' id='word_1_504' title='bbox 61 3615 237 3692; x_wconf 74' lang='lat' dir='ltr'><strong>tituliquibus</strong></span> <span class='ocrx_word' id='word_1_505' title='bbox 263 3618 438 3691; x_wconf 85' lang='lat' dir='ltr'><strong>exemplariis</strong></span> <span class='ocrx_word' id='word_1_506' title='bbox 465 3635 596 3689; x_wconf 90' lang='lat' dir='ltr'><strong>annuere,</strong></span> <span class='ocrx_word' id='word_1_507' title='bbox 627 3636 709 3691; x_wconf 87' lang='lat' dir='ltr'><strong>quam</strong></span> <span class='ocrx_word' id='word_1_508' title='bbox 741 3620 851 3678; x_wconf 80' lang='lat' dir='ltr'><strong>nollisl</strong></span> <span class='ocrx_word' id='word_1_509' title='bbox 882 3625 963 3689; x_wconf 69' lang='lat' dir='ltr'><strong>„tal3</strong></span> <span class='ocrx_word' id='word_1_510' title='bbox 978 3616 1059 3673; x_wconf 89' lang='lat' dir='ltr'><strong>sedai</strong></span> <span class='ocrx_word' id='word_1_511' title='bbox 1068 3633 1129 3674; x_wconf 88' lang='lat' dir='ltr'><strong>csse</strong></span> <span class='ocrx_word' id='word_1_512' title='bbox 1143 3615 1302 3681; x_wconf 89' lang='lat' dir='ltr'><strong>constiterit,</strong></span> <span class='ocrx_word' id='word_1_513' title='bbox 1315 3622 1379 3671; x_wconf 89' lang='lat' dir='ltr'><strong>tunc</strong></span> <span class='ocrx_word' id='word_1_514' title='bbox 1392 3624 1418 3672; x_wconf 89' lang='lat' dir='ltr'><strong>et</strong></span> <span class='ocrx_word' id='word_1_515' title='bbox 1434 3614 1563 3673; x_wconf 82' lang='lat' dir='ltr'><strong>liberasse</strong></span> <span class='ocrx_word' id='word_1_516' title='bbox 1578 3618 1699 3689; x_wconf 86' lang='lat' dir='ltr'><strong>dicetur;</strong></span> 
     </span>
     <span class='ocr_line' id='line_1_39' title="bbox 63 3701 1702 3782; baseline 0.001 -22"><span class='ocrx_word' id='word_1_517' title='bbox 63 3701 207 3765; x_wconf 73' lang='lat' dir='ltr'><strong>ldebirnns</strong></span> <span class='ocrx_word' id='word_1_518' title='bbox 220 3716 252 3765; x_wconf 86' lang='lat' dir='ltr'><strong>et</strong></span> <span class='ocrx_word' id='word_1_519' title='bbox 283 3708 430 3782; x_wconf 76' lang='lat' dir='ltr'><strong>Apostolus</strong></span> <span class='ocrx_word' id='word_1_520' title='bbox 443 3709 558 3780; x_wconf 79' lang='lat' dir='ltr'><strong>(dolosi.</strong></span> <span class='ocrx_word' id='word_1_521' title='bbox 574 3725 596 3777; x_wconf 88' lang='lat' dir='ltr'><strong>i,</strong></span> <span class='ocrx_word' id='word_1_522' title='bbox 612 3709 658 3779; x_wconf 81' lang='lat' dir='ltr'><strong>lo)</strong></span> <span class='ocrx_word' id='word_1_523' title='bbox 673 3710 719 3766; x_wconf 90' lang='lat' dir='ltr'><strong>cui</strong></span> <span class='ocrx_word' id='word_1_524' title='bbox 745 3709 849 3767; x_wconf 89' lang='lat' dir='ltr'><strong>auctori</strong></span> <span class='ocrx_word' id='word_1_525' title='bbox 905 3716 933 3765; x_wconf 84' lang='lat' dir='ltr'><strong>et</strong></span> <span class='ocrx_word' id='word_1_526' title='bbox 947 3715 976 3762; x_wconf 91' lang='lat' dir='ltr'><strong>ut</strong></span> <span class='ocrx_word' id='word_1_527' title='bbox 995 3723 1029 3762; x_wconf 92' lang='lat' dir='ltr'><strong>aii</strong></span> <span class='ocrx_word' id='word_1_528' title='bbox 1041 3705 1193 3763; x_wconf 87' lang='lat' dir='ltr'><strong>liberaverit</strong></span> <span class='ocrx_word' id='word_1_529' title='bbox 1206 3712 1330 3777; x_wconf 80' lang='lat' dir='ltr'><strong>constet3</strong></span> <span class='ocrx_word' id='word_1_530' title='bbox 1346 3706 1410 3777; x_wconf 88' lang='lat' dir='ltr'><strong>quia</strong></span> <span class='ocrx_word' id='word_1_531' title='bbox 1424 3706 1542 3778; x_wconf 87' lang='lat' dir='ltr'><strong>potuerit</strong></span> <span class='ocrx_word' id='word_1_532' title='bbox 1552 3714 1659 3774; x_wconf 82' lang='lat' dir='ltr'><strong>stesso,</strong></span> <span class='ocrx_word' id='word_1_533' title='bbox 1675 3716 1702 3764; x_wconf 88' lang='lat' dir='ltr'><strong>et</strong></span> 
     </span>
     <span class='ocr_line' id='line_1_40' title="bbox 64 3793 1698 3870; baseline 0 -14"><span class='ocrx_word' id='word_1_534' title='bbox 64 3793 196 3856; x_wconf 68' lang='lat' dir='ltr'><strong>divisibilia</strong></span> <span class='ocrx_word' id='word_1_535' title='bbox 215 3796 343 3868; x_wconf 83' lang='lat' dir='ltr'><strong>deputet,</strong></span> <span class='ocrx_word' id='word_1_536' title='bbox 372 3813 435 3853; x_wconf 89' lang='lat' dir='ltr'><strong>cum</strong></span> <span class='ocrx_word' id='word_1_537' title='bbox 454 3804 482 3854; x_wconf 92' lang='lat' dir='ltr'><strong>et</strong></span> <span class='ocrx_word' id='word_1_538' title='bbox 506 3798 584 3854; x_wconf 91' lang='lat' dir='ltr'><strong>illum</strong></span> <span class='ocrx_word' id='word_1_539' title='bbox 612 3797 849 3870; x_wconf 78' lang='lat' dir='ltr'><strong>exploraverimus.</strong></span> <span class='ocrx_word' id='word_1_540' title='bbox 905 3811 960 3853; x_wconf 94' lang='lat' dir='ltr'><strong>non</strong></span> <span class='ocrx_word' id='word_1_541' title='bbox 980 3795 1120 3853; x_wconf 83' lang='lat' dir='ltr'><strong>liberasse.</strong></span> <span class='ocrx_word' id='word_1_542' title='bbox 1145 3793 1289 3864; x_wconf 88' lang='lat' dir='ltr'><strong>Quomodo</strong></span> <span class='ocrx_word' id='word_1_543' title='bbox 1307 3809 1382 3867; x_wconf 75' lang='lat' dir='ltr'><strong>crgo,</strong></span> <span class='ocrx_word' id='word_1_544' title='bbox 1398 3794 1463 3867; x_wconf 90' lang='lat' dir='ltr'><strong>quia</strong></span> <span class='ocrx_word' id='word_1_545' title='bbox 1477 3794 1608 3853; x_wconf 85' lang='lat' dir='ltr'><strong>liberasse</strong></span> <span class='ocrx_word' id='word_1_546' title='bbox 1620 3795 1698 3856; x_wconf 87' lang='lat' dir='ltr'><strong>dice·</strong></span> 
     </span>
     <span class='ocr_line' id='line_1_41' title="bbox 65 3880 1702 3956; baseline 0.004 -19"><span class='ocrx_word' id='word_1_547' title='bbox 65 3880 132 3941; x_wconf 80' lang='lat' dir='ltr'><strong>lituo</strong></span> <span class='ocrx_word' id='word_1_548' title='bbox 158 3885 235 3941; x_wconf 91' lang='lat' dir='ltr'><strong>enini</strong></span> <span class='ocrx_word' id='word_1_549' title='bbox 271 3885 459 3941; x_wconf 88' lang='lat' dir='ltr'><strong>communibus</strong></span> <span class='ocrx_word' id='word_1_550' title='bbox 497 3885 645 3956; x_wconf 86' lang='lat' dir='ltr'><strong>plurimum</strong></span> <span class='ocrx_word' id='word_1_551' title='bbox 670 3887 798 3943; x_wconf 86' lang='lat' dir='ltr'><strong>sensibus</strong></span> <span class='ocrx_word' id='word_1_552' title='bbox 824 3894 852 3944; x_wconf 90' lang='lat' dir='ltr'><strong>et</strong></span> <span class='ocrx_word' id='word_1_553' title='bbox 905 3892 957 3953; x_wconf 91' lang='lat' dir='ltr'><strong>tur,</strong></span> <span class='ocrx_word' id='word_1_554' title='bbox 986 3885 1065 3941; x_wconf 87' lang='lat' dir='ltr'><strong>etiam</strong></span> <span class='ocrx_word' id='word_1_555' title='bbox 1079 3899 1139 3942; x_wconf 88' lang='lat' dir='ltr'><strong>esse</strong></span> <span class='ocrx_word' id='word_1_556' title='bbox 1161 3884 1296 3955; x_wconf 86' lang='lat' dir='ltr'><strong>credetur,</strong></span> <span class='ocrx_word' id='word_1_557' title='bbox 1312 3901 1374 3940; x_wconf 88' lang='lat' dir='ltr'><strong>cum</strong></span> <span class='ocrx_word' id='word_1_558' title='bbox 1389 3884 1509 3955; x_wconf 86' lang='lat' dir='ltr'><strong>potuerit</strong></span> <span class='ocrx_word' id='word_1_559' title='bbox 1531 3893 1558 3941; x_wconf 90' lang='lat' dir='ltr'><strong>ct</strong></span> <span class='ocrx_word' id='word_1_560' title='bbox 1586 3901 1656 3952; x_wconf 86' lang='lat' dir='ltr'><strong>esse,</strong></span> <span class='ocrx_word' id='word_1_561' title='bbox 1673 3894 1702 3944; x_wconf 90' lang='lat' dir='ltr'><strong>et</strong></span> 
     </span>
     <span class='ocr_line' id='line_1_42' title="bbox 65 3972 1704 4049; baseline 0.001 -19"><span class='ocrx_word' id='word_1_562' title='bbox 65 3972 332 4042; x_wconf 62' lang='lat' dir='ltr'><strong>cummaioribus</strong></span> <span class='ocrx_word' id='word_1_563' title='bbox 365 3973 616 4042; x_wconf 63' lang='lat' dir='ltr'><strong>jussissemus</strong></span> <span class='ocrx_word' id='word_1_564' title='bbox 652 3976 850 4048; x_wconf 81' lang='lat' dir='ltr'><strong>scripturaram</strong></span> <span class='ocrx_word' id='word_1_565' title='bbox 904 3989 959 4031; x_wconf 91' lang='lat' dir='ltr'><strong>non</strong></span> <span class='ocrx_word' id='word_1_566' title='bbox 973 3974 1125 4031; x_wconf 86' lang='lat' dir='ltr'><strong>liberasse?</strong></span> <span class='ocrx_word' id='word_1_567' title='bbox 1142 3973 1220 4030; x_wconf 92' lang='lat' dir='ltr'><strong>Nunc</strong></span> <span class='ocrx_word' id='word_1_568' title='bbox 1238 3973 1265 4027; x_wconf 92' lang='lat' dir='ltr'><strong>in</strong></span> <span class='ocrx_word' id='word_1_569' title='bbox 1289 3972 1341 4030; x_wconf 88' lang='lat' dir='ltr'><strong>isto</strong></span> <span class='ocrx_word' id='word_1_570' title='bbox 1356 3973 1468 4030; x_wconf 71' lang='lat' dir='ltr'><strong>arficulo</strong></span> <span class='ocrx_word' id='word_1_571' title='bbox 1487 3975 1521 4028; x_wconf 90' lang='lat' dir='ltr'><strong>ab</strong></span> <span class='ocrx_word' id='word_1_572' title='bbox 1544 3974 1629 4049; x_wconf 77' lang='lat' dir='ltr'><strong>ignoti</strong></span> <span class='ocrx_word' id='word_1_573' title='bbox 1654 3976 1704 4033; x_wconf 87' lang='lat' dir='ltr'><strong>Dei</strong></span> 
     </span>
     <span class='ocr_line' id='line_1_43' title="bbox 67 4061 1705 4138; baseline 0.002 -22"><span class='ocrx_word' id='word_1_574' title='bbox 67 4070 160 4132; x_wconf 72' lang='lat' dir='ltr'><strong>meque</strong></span> <span class='ocrx_word' id='word_1_575' title='bbox 186 4061 359 4121; x_wconf 81' lang='lat' dir='ltr'><strong>advocationi</strong></span> <span class='ocrx_word' id='word_1_576' title='bbox 387 4061 538 4136; x_wconf 66' lang='lat' dir='ltr'><strong>(infidam</strong></span> <span class='ocrx_word' id='word_1_577' title='bbox 567 4063 723 4134; x_wconf 87' lang='lat' dir='ltr'><strong>sternimus,</strong></span> <span class='ocrx_word' id='word_1_578' title='bbox 747 4065 848 4123; x_wconf 87' lang='lat' dir='ltr'><strong>confir·</strong></span> <span class='ocrx_word' id='word_1_579' title='bbox 903 4066 1050 4138; x_wconf 84' lang='lat' dir='ltr'><strong>quaestione</strong></span> <span class='ocrx_word' id='word_1_580' title='bbox 1063 4061 1178 4119; x_wconf 85' lang='lat' dir='ltr'><strong>deducto</strong></span> <span class='ocrx_word' id='word_1_581' title='bbox 1200 4061 1235 4132; x_wconf 69' lang='grc' dir='ltr'><strong>Ἡ,</strong></span> <span class='ocrx_word' id='word_1_582' title='bbox 1251 4061 1315 4120; x_wconf 87' lang='lat' dir='ltr'><strong>satis</strong></span> <span class='ocrx_word' id='word_1_583' title='bbox 1338 4061 1457 4120; x_wconf 89' lang='lat' dir='ltr'><strong>constitit</strong></span> <span class='ocrx_word' id='word_1_584' title='bbox 1471 4071 1524 4119; x_wconf 88' lang='lat' dir='ltr'><strong>tani</strong></span> <span class='ocrx_word' id='word_1_585' title='bbox 1539 4063 1605 4119; x_wconf 91' lang='lat' dir='ltr'><strong>nibil</strong></span> <span class='ocrx_word' id='word_1_586' title='bbox 1630 4062 1705 4121; x_wconf 85' lang='lat' dir='ltr'><strong>illum</strong></span> 
     </span>
     <span class='ocr_line' id='line_1_44' title="bbox 68 4149 1704 4226; baseline 0.004 -20"><span class='ocrx_word' id='word_1_587' title='bbox 68 4149 350 4208; x_wconf 67' lang='lat' dir='ltr'><strong>moliminum</strong></span> <span class='ocrx_word' id='word_1_588' title='bbox 367 4152 438 4210; x_wconf 82' lang='lat' dir='ltr'><strong>lianc</strong></span> <span class='ocrx_word' id='word_1_589' title='bbox 458 4153 604 4211; x_wconf 87' lang='lat' dir='ltr'><strong>visibilium</strong></span> <span class='ocrx_word' id='word_1_590' title='bbox 620 4162 649 4212; x_wconf 89' lang='lat' dir='ltr'><strong>ct</strong></span> <span class='ocrx_word' id='word_1_591' title='bbox 675 4154 849 4213; x_wconf 90' lang='lat' dir='ltr'><strong>invisibilium</strong></span> <span class='ocrx_word' id='word_1_592' title='bbox 903 4152 1065 4219; x_wconf 88' lang='lat' dir='ltr'><strong>condidisse,</strong></span> <span class='ocrx_word' id='word_1_593' title='bbox 1076 4167 1155 4223; x_wconf 89' lang='lat' dir='ltr'><strong>quam</strong></span> <span class='ocrx_word' id='word_1_594' title='bbox 1164 4150 1290 4208; x_wconf 85' lang='lat' dir='ltr'><strong>debuisse</strong></span> <span class='ocrx_word' id='word_1_595' title='bbox 1304 4151 1468 4218; x_wconf 84' lang='lat' dir='ltr'><strong>condidisse,</strong></span> <span class='ocrx_word' id='word_1_596' title='bbox 1480 4152 1704 4226; x_wconf 79' lang='lat' dir='ltr'><strong>uticognoscero·</strong></span> 
     </span>
     <span class='ocr_line' id='line_1_45' title="bbox 69 4233 1702 4314; baseline 0.004 -20"><span class='ocrx_word' id='word_1_597' title='bbox 69 4233 122 4294; x_wconf 68' lang='lat' dir='ltr'><strong>deo</strong></span> <span class='ocrx_word' id='word_1_598' title='bbox 147 4238 173 4280; x_wconf 76' lang='lat'><strong>⁶¹</strong></span> <span class='ocrx_word' id='word_1_599' title='bbox 200 4240 326 4298; x_wconf 84' lang='lat' dir='ltr'><strong>Creatori</strong></span> <span class='ocrx_word' id='word_1_600' title='bbox 350 4240 541 4314; x_wconf 87' lang='lat' dir='ltr'><strong>deputandam,</strong></span> <span class='ocrx_word' id='word_1_601' title='bbox 562 4243 643 4300; x_wconf 88' lang='lat' dir='ltr'><strong>sicuti</strong></span> <span class='ocrx_word' id='word_1_602' title='bbox 670 4252 724 4300; x_wconf 88' lang='lat' dir='ltr'><strong>tota</strong></span> <span class='ocrx_word' id='word_1_603' title='bbox 749 4258 848 4314; x_wconf 89' lang='lat' dir='ltr'><strong>opera-</strong></span> <span class='ocrx_word' id='word_1_604' title='bbox 905 4249 991 4298; x_wconf 83' lang='lat' dir='ltr'><strong>birex</strong></span> <span class='ocrx_word' id='word_1_605' title='bbox 1005 4239 1147 4310; x_wconf 87' lang='lat' dir='ltr'><strong>operibus;</strong></span> <span class='ocrx_word' id='word_1_606' title='bbox 1163 4239 1270 4310; x_wconf 85' lang='lat' dir='ltr'><strong>quia,si</strong></span> <span class='ocrx_word' id='word_1_607' title='bbox 1286 4238 1390 4306; x_wconf 88' lang='lat' dir='ltr'><strong>luisset,</strong></span> <span class='ocrx_word' id='word_1_608' title='bbox 1407 4241 1536 4314; x_wconf 69' lang='lat' dir='ltr'><strong>cognosci</strong></span> <span class='ocrx_word' id='word_1_609' title='bbox 1554 4242 1702 4311; x_wconf 82' lang='lat' dir='ltr'><strong>debuisset,</strong></span> 
     </span>
     <span class='ocr_line' id='line_1_46' title="bbox 70 4283 1705 4405; baseline 0.006 -26"><span class='ocrx_word' id='word_1_610' title='bbox 70 4320 173 4396; x_wconf 82' lang='lat' dir='ltr'><strong>tioejm</strong></span> <span class='ocrx_word' id='word_1_611' title='bbox 185 4343 220 4386; x_wconf 82' lang='lat' dir='ltr'><strong>ei</strong></span> <span class='ocrx_word' id='word_1_612' title='bbox 244 4329 441 4388; x_wconf 73' lang='lat' dir='ltr'><strong>ffirersitstibus</strong></span> <span class='ocrx_word' id='word_1_613' title='bbox 455 4338 576 4404; x_wconf 87' lang='lat' dir='ltr'><strong>constat;</strong></span> <span class='ocrx_word' id='word_1_614' title='bbox 601 4346 635 4389; x_wconf 84' lang='lat' dir='ltr'><strong>ex</strong></span> <span class='ocrx_word' id='word_1_615' title='bbox 663 4332 848 4405; x_wconf 89' lang='lat' dir='ltr'><strong>corporalibus</strong></span> <span class='ocrx_word' id='word_1_616' title='bbox 865 4283 888 4363; x_wconf 67' lang='grc' dir='ltr'>ὓ</span> <span class='ocrx_word' id='word_1_617' title='bbox 904 4338 931 4387; x_wconf 90' lang='lat' dir='ltr'><strong>et</strong></span> <span class='ocrx_word' id='word_1_618' title='bbox 944 4330 969 4368; x_wconf 74' lang='lat'><strong>⁷²</strong></span> <span class='ocrx_word' id='word_1_619' title='bbox 983 4328 1076 4400; x_wconf 87' lang='lat' dir='ltr'><strong>utique</strong></span> <span class='ocrx_word' id='word_1_620' title='bbox 1091 4343 1106 4382; x_wconf 95' lang='lat' dir='ltr'><strong>a</strong></span> <span class='ocrx_word' id='word_1_621' title='bbox 1122 4325 1269 4398; x_wconf 87' lang='lat' dir='ltr'><strong>primordio</strong></span> <span class='ocrx_word' id='word_1_622' title='bbox 1283 4343 1388 4383; x_wconf 87' lang='lat' dir='ltr'><strong>rerum:</strong></span> <span class='ocrx_word' id='word_1_623' title='bbox 1404 4328 1482 4384; x_wconf 85' lang='lat' dir='ltr'><strong>Deua</strong></span> <span class='ocrx_word' id='word_1_624' title='bbox 1497 4328 1570 4385; x_wconf 86' lang='lat' dir='ltr'><strong>enim</strong></span> <span class='ocrx_word' id='word_1_625' title='bbox 1584 4345 1639 4388; x_wconf 94' lang='lat' dir='ltr'><strong>non</strong></span> <span class='ocrx_word' id='word_1_626' title='bbox 1654 4331 1705 4388; x_wconf 85' lang='lat' dir='ltr'><strong>de-</strong></span> 
     </span>
    </p>
   </div>
   <div class='ocr_carea' id='block_1_5' title="bbox 742 4455 1008 4520">
    <p class='ocr_par' dir='ltr' id='par_1_5' title="bbox 742 4455 1008 4520">
     <span class='ocr_line' id='line_1_47' title="bbox 742 4455 1008 4520; baseline 0 -3"><span class='ocrx_word' id='word_1_627' title='bbox 742 4455 839 4519; x_wconf 80' lang='lat' dir='ltr'><strong>Variae</strong></span> <span class='ocrx_word' id='word_1_628' title='bbox 853 4458 1008 4520; x_wconf 87' lang='lat' dir='ltr'><strong>lectiones.</strong></span> 
     </span>
    </p>
   </div>
   <div class='ocr_carea' id='block_1_6' title="bbox 95 4569 1702 4638">
    <p class='ocr_par' dir='ltr' id='par_1_6' title="bbox 95 4569 1702 4638">
     <span class='ocr_line' id='line_1_48' title="bbox 95 4569 1702 4638; baseline 0.001 -5"><span class='ocrx_word' id='word_1_629' title='bbox 95 4569 117 4614; x_wconf 56' lang='grc' dir='ltr'><strong>Ν</strong></span> <span class='ocrx_word' id='word_1_630' title='bbox 142 4572 179 4633; x_wconf 80' lang='lat' dir='ltr'><strong>ic</strong></span> <span class='ocrx_word' id='word_1_631' title='bbox 208 4579 305 4634; x_wconf 83' lang='lat' dir='ltr'><strong>omitt.</strong></span> <span class='ocrx_word' id='word_1_632' title='bbox 322 4578 407 4637; x_wconf 79' lang='lat' dir='ltr'><strong>Semi.</strong></span> <span class='ocrx_word' id='word_1_633' title='bbox 436 4577 460 4618; x_wconf 69' lang='lat'><strong>⁶7</strong></span> <span class='ocrx_word' id='word_1_634' title='bbox 486 4578 543 4636; x_wconf 85' lang='lat' dir='ltr'><strong>Deo</strong></span> <span class='ocrx_word' id='word_1_635' title='bbox 572 4579 636 4638; x_wconf 86' lang='lat' dir='ltr'><strong>cod.</strong></span> <span class='ocrx_word' id='word_1_636' title='bbox 674 4580 773 4638; x_wconf 85' lang='lat' dir='ltr'><strong>Wottw.</strong></span> <span class='ocrx_word' id='word_1_637' title='bbox 807 4578 895 4637; x_wconf 88' lang='lat' dir='ltr'><strong>aDeo</strong></span> <span class='ocrx_word' id='word_1_638' title='bbox 924 4576 1039 4637; x_wconf 90' lang='lat' dir='ltr'><strong>creatori</strong></span> <span class='ocrx_word' id='word_1_639' title='bbox 1068 4575 1156 4635; x_wconf 73' lang='lat' dir='ltr'><strong>libera</strong></span> <span class='ocrx_word' id='word_1_640' title='bbox 1185 4575 1210 4614; x_wconf 79' lang='lat'><strong>⁶⁸</strong></span> <span class='ocrx_word' id='word_1_641' title='bbox 1239 4573 1325 4634; x_wconf 86' lang='lat' dir='ltr'><strong>Siccis</strong></span> <span class='ocrx_word' id='word_1_642' title='bbox 1357 4574 1446 4633; x_wconf 84' lang='lat' dir='ltr'><strong>illico.</strong></span> <span class='ocrx_word' id='word_1_643' title='bbox 1471 4574 1495 4616; x_wconf 79' lang='lat'><strong>⁶⁹</strong></span> <span class='ocrx_word' id='word_1_644' title='bbox 1518 4577 1622 4634; x_wconf 87' lang='lat' dir='ltr'><strong>Natant</strong></span> <span class='ocrx_word' id='word_1_645' title='bbox 1650 4582 1702 4634; x_wconf 86' lang='lat' dir='ltr'><strong>Po-</strong></span> 
     </span>
    </p>
   </div>
   <div class='ocr_carea' id='block_1_7' title="bbox 68 4638 1703 4773">
    <p class='ocr_par' dir='ltr' id='par_1_7' title="bbox 68 4638 1703 4773">
     <span class='ocr_line' id='line_1_49' title="bbox 68 4638 1703 4773; baseline 0.001 -69"><span class='ocrx_word' id='word_1_646' title='bbox 68 4638 121 4773; x_wconf 49' lang='lat' dir='ltr'><strong>J&#39;n&#39;ol.</strong></span> <span class='ocrx_word' id='word_1_647' title='bbox 134 4647 160 4687; x_wconf 60' lang='grc' dir='ltr'><strong><em>Ὦ</em></strong></span> <span class='ocrx_word' id='word_1_648' title='bbox 183 4647 237 4704; x_wconf 86' lang='lat' dir='ltr'><strong>Dei</strong></span> <span class='ocrx_word' id='word_1_649' title='bbox 250 4648 417 4722; x_wconf 71' lang='lat' dir='ltr'><strong>dignoscitur</strong></span> <span class='ocrx_word' id='word_1_650' title='bbox 432 4651 538 4710; x_wconf 84' lang='lat' dir='ltr'><strong>Pcoiel.</strong></span> <span class='ocrx_word' id='word_1_651' title='bbox 577 4653 600 4690; x_wconf 72' lang='lat'><strong>7¹</strong></span> <span class='ocrx_word' id='word_1_652' title='bbox 629 4650 751 4709; x_wconf 89' lang='lat' dir='ltr'><strong>Deducta</strong></span> <span class='ocrx_word' id='word_1_653' title='bbox 775 4650 861 4709; x_wconf 82' lang='lat' dir='ltr'><strong>Semi.</strong></span> <span class='ocrx_word' id='word_1_654' title='bbox 886 4649 1009 4707; x_wconf 84' lang='lat' dir='ltr'><strong>deductis</strong></span> <span class='ocrx_word' id='word_1_655' title='bbox 1037 4651 1127 4708; x_wconf 78' lang='lat' dir='ltr'><strong>Vocet.</strong></span> <span class='ocrx_word' id='word_1_656' title='bbox 1142 4648 1275 4705; x_wconf 88' lang='lat' dir='ltr'><strong>deductus</strong></span> <span class='ocrx_word' id='word_1_657' title='bbox 1292 4648 1458 4706; x_wconf 78' lang='lat' dir='ltr'><strong>Gorzieost&#39;a.</strong></span> <span class='ocrx_word' id='word_1_658' title='bbox 1479 4648 1504 4686; x_wconf 72' lang='lat'><strong>³²</strong></span> <span class='ocrx_word' id='word_1_659' title='bbox 1526 4646 1563 4705; x_wconf 83' lang='lat' dir='ltr'><strong>Et</strong></span> <span class='ocrx_word' id='word_1_660' title='bbox 1585 4648 1703 4719; x_wconf 68' lang='lat' dir='ltr'><strong>metu..</strong></span> 
     </span>
    </p>
   </div>
   <div class='ocr_carea' id='block_1_8' title="bbox 756 4821 1005 4884">
    <p class='ocr_par' dir='ltr' id='par_1_8' title="bbox 756 4821 1005 4884">
     <span class='ocr_line' id='line_1_50' title="bbox 756 4821 1005 4884; baseline -0.012 0"><span class='ocrx_word' id='word_1_661' title='bbox 756 4821 1005 4884; x_wconf 87' lang='lat' dir='ltr'><strong>Commentarius.</strong></span> 
     </span>
    </p>
   </div>
   <div class='ocr_carea' id='block_1_9' title="bbox 59 4950 1748 5668">
    <p class='ocr_par' dir='ltr' id='par_1_9' title="bbox 59 4950 1748 5594">
     <span class='ocr_line' id='line_1_51' title="bbox 75 4950 1700 5034; baseline 0.001 -28"><span class='ocrx_word' id='word_1_662' title='bbox 75 4952 146 5029; x_wconf 62' lang='lat' dir='ltr'><strong>,lfll</strong></span> <span class='ocrx_word' id='word_1_663' title='bbox 163 4953 499 5027; x_wconf 73' lang='lat' dir='ltr'><strong>Scripturommoooooe</strong></span> <span class='ocrx_word' id='word_1_664' title='bbox 513 4954 703 5011; x_wconf 82' lang='lat' dir='ltr'><strong>advocationi.</strong></span> <span class='ocrx_word' id='word_1_665' title='bbox 727 4953 850 5011; x_wconf 84' lang='lat' dir='ltr'><strong>llrlvoca·</strong></span> <span class='ocrx_word' id='word_1_666' title='bbox 904 4951 991 5008; x_wconf 87' lang='lat' dir='ltr'><strong>tlnoas</strong></span> <span class='ocrx_word' id='word_1_667' title='bbox 1013 4950 1208 5032; x_wconf 80' lang='lat' dir='ltr'><strong>Omnipotentis</strong></span> <span class='ocrx_word' id='word_1_668' title='bbox 1231 4967 1292 5008; x_wconf 90' lang='lat' dir='ltr'><strong>esse</strong></span> <span class='ocrx_word' id='word_1_669' title='bbox 1306 4968 1375 5034; x_wconf 89' lang='lat' dir='ltr'><strong>opus</strong></span> <span class='ocrx_word' id='word_1_670' title='bbox 1391 4953 1512 5026; x_wconf 71' lang='lat' dir='ltr'><strong>Rapis.»</strong></span> <span class='ocrx_word' id='word_1_671' title='bbox 1533 4952 1587 5010; x_wconf 91' lang='lat' dir='ltr'><strong>Sed</strong></span> <span class='ocrx_word' id='word_1_672' title='bbox 1601 4954 1700 5024; x_wconf 84' lang='lat' dir='ltr'><strong>majori</strong></span> 
     </span>
     <span class='ocr_line' id='line_1_52' title="bbox 66 5023 1702 5097; baseline 0.004 -21"><span class='ocrx_word' id='word_1_673' title='bbox 66 5023 217 5095; x_wconf 87' lang='lat' dir='ltr'><strong>tioproprie</strong></span> <span class='ocrx_word' id='word_1_674' title='bbox 232 5030 274 5077; x_wconf 84' lang='lat' dir='ltr'><strong>cst</strong></span> <span class='ocrx_word' id='word_1_675' title='bbox 293 5025 370 5079; x_wconf 89' lang='lat' dir='ltr'><strong>turba</strong></span> <span class='ocrx_word' id='word_1_676' title='bbox 398 5033 572 5095; x_wconf 88' lang='lat' dir='ltr'><strong>patronorum</strong></span> <span class='ocrx_word' id='word_1_677' title='bbox 586 5033 613 5081; x_wconf 91' lang='lat' dir='ltr'><strong>et</strong></span> <span class='ocrx_word' id='word_1_678' title='bbox 627 5025 787 5089; x_wconf 88' lang='lat' dir='ltr'><strong>amicorum,</strong></span> <span class='ocrx_word' id='word_1_679' title='bbox 801 5026 848 5096; x_wconf 87' lang='lat' dir='ltr'><strong>qui</strong></span> <span class='ocrx_word' id='word_1_680' title='bbox 904 5023 992 5079; x_wconf 86' lang='lat' dir='ltr'><strong>adhuc</strong></span> <span class='ocrx_word' id='word_1_681' title='bbox 1025 5031 1217 5095; x_wconf 79' lang='lat' dir='ltr'><strong>perspicuitate</strong></span> <span class='ocrx_word' id='word_1_682' title='bbox 1246 5024 1274 5077; x_wconf 82' lang='lat' dir='ltr'><strong>lt,</strong></span> <span class='ocrx_word' id='word_1_683' title='bbox 1299 5025 1480 5097; x_wconf 80' lang='lat' dir='ltr'><strong>Hieronymus</strong></span> <span class='ocrx_word' id='word_1_684' title='bbox 1509 5025 1538 5081; x_wconf 90' lang='lat' dir='ltr'><strong>in</strong></span> <span class='ocrx_word' id='word_1_685' title='bbox 1570 5025 1702 5083; x_wconf 81' lang='lat' dir='ltr'><strong>Proaemio</strong></span> 
     </span>
     <span class='ocr_line' id='line_1_53' title="bbox 64 5091 1705 5170; baseline 0.002 -20"><span class='ocrx_word' id='word_1_686' title='bbox 64 5091 132 5150; x_wconf 75' lang='lat' dir='ltr'><strong>iiiii</strong></span> <span class='ocrx_word' id='word_1_687' title='bbox 148 5093 179 5151; x_wconf 94' lang='lat' dir='ltr'><strong>in</strong></span> <span class='ocrx_word' id='word_1_688' title='bbox 190 5093 295 5164; x_wconf 82' lang='lat' dir='ltr'><strong>jndicio</strong></span> <span class='ocrx_word' id='word_1_689' title='bbox 307 5095 415 5150; x_wconf 88' lang='lat' dir='ltr'><strong>adsunt.</strong></span> <span class='ocrx_word' id='word_1_690' title='bbox 431 5095 482 5151; x_wconf 92' lang='lat' dir='ltr'><strong>llic</strong></span> <span class='ocrx_word' id='word_1_691' title='bbox 495 5096 593 5167; x_wconf 90' lang='lat' dir='ltr'><strong>accipit</strong></span> <span class='ocrx_word' id='word_1_692' title='bbox 608 5112 657 5167; x_wconf 88' lang='lat' dir='ltr'><strong>pro</strong></span> <span class='ocrx_word' id='word_1_693' title='bbox 680 5095 847 5153; x_wconf 81' lang='lat' dir='ltr'><strong>defensione.</strong></span> <span class='ocrx_word' id='word_1_694' title='bbox 906 5093 1011 5151; x_wconf 84' lang='lat' dir='ltr'><strong>Conim.</strong></span> <span class='ocrx_word' id='word_1_695' title='bbox 1031 5095 1075 5151; x_wconf 91' lang='lat' dir='ltr'><strong>ad.</strong></span> <span class='ocrx_word' id='word_1_696' title='bbox 1095 5093 1178 5164; x_wconf 73' lang='lat' dir='ltr'><strong>epist.</strong></span> <span class='ocrx_word' id='word_1_697' title='bbox 1189 5095 1224 5147; x_wconf 88' lang='lat' dir='ltr'><strong>ad</strong></span> <span class='ocrx_word' id='word_1_698' title='bbox 1238 5093 1362 5151; x_wconf 80' lang='lat' dir='ltr'><strong>Philum:</strong></span> <span class='ocrx_word' id='word_1_699' title='bbox 1382 5117 1393 5147; x_wconf 89' lang='lat'><strong>‹</strong></span> <span class='ocrx_word' id='word_1_700' title='bbox 1410 5095 1527 5166; x_wconf 85' lang='lat' dir='ltr'><strong>Quodsi</strong></span> <span class='ocrx_word' id='word_1_701' title='bbox 1542 5111 1596 5152; x_wconf 89' lang='lat' dir='ltr'><strong>non</strong></span> <span class='ocrx_word' id='word_1_702' title='bbox 1611 5106 1705 5170; x_wconf 86' lang='lat' dir='ltr'><strong>putant</strong></span> 
     </span>
     <span class='ocr_line' id='line_1_54' title="bbox 63 5159 1702 5244; baseline 0.003 -23"><span class='ocrx_word' id='word_1_703' title='bbox 63 5159 135 5244; x_wconf 56' lang='lat' dir='ltr'><strong>bitin</strong></span> <span class='ocrx_word' id='word_1_704' title='bbox 148 5166 200 5221; x_wconf 90' lang='lat' dir='ltr'><strong>lib.</strong></span> <span class='ocrx_word' id='word_1_705' title='bbox 214 5165 250 5221; x_wconf 85' lang='lat' dir='ltr'><strong>de</strong></span> <span class='ocrx_word' id='word_1_706' title='bbox 260 5168 403 5238; x_wconf 81' lang='lat' dir='ltr'><strong>pollentio</strong></span> <span class='ocrx_word' id='word_1_707' title='bbox 419 5183 426 5220; x_wconf 94' lang='lat'>:</span> <span class='ocrx_word' id='word_1_708' title='bbox 442 5185 456 5218; x_wconf 78' lang='lat' dir='ltr'><strong>s</strong></span> <span class='ocrx_word' id='word_1_709' title='bbox 474 5167 568 5238; x_wconf 87' lang='lat' dir='ltr'><strong>ltaque</strong></span> <span class='ocrx_word' id='word_1_710' title='bbox 588 5168 686 5224; x_wconf 86' lang='lat' dir='ltr'><strong>talibus</strong></span> <span class='ocrx_word' id='word_1_711' title='bbox 696 5176 723 5225; x_wconf 89' lang='lat' dir='ltr'><strong>et</strong></span> <span class='ocrx_word' id='word_1_712' title='bbox 736 5168 852 5224; x_wconf 91' lang='lat' dir='ltr'><strong>advoca·</strong></span> <span class='ocrx_word' id='word_1_713' title='bbox 906 5181 1001 5223; x_wconf 90' lang='lat' dir='ltr'><strong>eorum</strong></span> <span class='ocrx_word' id='word_1_714' title='bbox 1015 5180 1075 5221; x_wconf 90' lang='lat' dir='ltr'><strong>esse</strong></span> <span class='ocrx_word' id='word_1_715' title='bbox 1093 5180 1176 5237; x_wconf 89' lang='lat' dir='ltr'><strong>parva</strong></span> <span class='ocrx_word' id='word_1_716' title='bbox 1190 5180 1306 5235; x_wconf 85' lang='lat' dir='ltr'><strong>quorum</strong></span> <span class='ocrx_word' id='word_1_717' title='bbox 1333 5170 1361 5222; x_wconf 91' lang='lat' dir='ltr'><strong>et</strong></span> <span class='ocrx_word' id='word_1_718' title='bbox 1376 5183 1473 5239; x_wconf 77' lang='lat' dir='ltr'><strong>magua</strong></span> <span class='ocrx_word' id='word_1_719' title='bbox 1497 5176 1568 5234; x_wconf 92' lang='lat' dir='ltr'><strong>sunt,</strong></span> <span class='ocrx_word' id='word_1_720' title='bbox 1590 5170 1702 5226; x_wconf 90' lang='lat' dir='ltr'><strong>alterum</strong></span> 
     </span>
     <span class='ocr_line' id='line_1_55' title="bbox 63 5236 1704 5307; baseline 0.004 -17"><span class='ocrx_word' id='word_1_721' title='bbox 63 5236 233 5301; x_wconf 55' lang='lat' dir='ltr'><strong>matrim</strong></span> <span class='ocrx_word' id='word_1_722' title='bbox 246 5237 412 5306; x_wconf 88' lang='lat' dir='ltr'><strong>promittitur</strong></span> <span class='ocrx_word' id='word_1_723' title='bbox 439 5253 488 5307; x_wconf 93' lang='lat' dir='ltr'><strong>pro</strong></span> <span class='ocrx_word' id='word_1_724' title='bbox 502 5239 727 5295; x_wconf 79' lang='lat' dir='ltr'><strong>consolatione.»</strong></span> <span class='ocrx_word' id='word_1_725' title='bbox 758 5239 851 5294; x_wconf 66' lang='lat' dir='ltr'><strong>Rusio</strong></span> <span class='ocrx_word' id='word_1_726' title='bbox 907 5237 972 5292; x_wconf 91' lang='lat' dir='ltr'><strong>milii</strong></span> <span class='ocrx_word' id='word_1_727' title='bbox 987 5236 1165 5300; x_wconf 89' lang='lat' dir='ltr'><strong>conditorem,</strong></span> <span class='ocrx_word' id='word_1_728' title='bbox 1190 5238 1266 5304; x_wconf 85' lang='lat' dir='ltr'><strong>jirita</strong></span> <span class='ocrx_word' id='word_1_729' title='bbox 1292 5237 1471 5299; x_wconf 85' lang='lat' dir='ltr'><strong>Valentinum.</strong></span> <span class='ocrx_word' id='word_1_730' title='bbox 1488 5240 1649 5296; x_wconf 89' lang='lat' dir='ltr'><strong>lllarcionem</strong></span> <span class='ocrx_word' id='word_1_731' title='bbox 1677 5248 1704 5296; x_wconf 89' lang='lat' dir='ltr'><strong>et</strong></span> 
     </span>
     <span class='ocr_line' id='line_1_56' title="bbox 68 5306 1702 5384; baseline 0.001 -20"><span class='ocrx_word' id='word_1_732' title='bbox 68 5309 143 5384; x_wconf 54' lang='lat'><strong>352)</strong></span> <span class='ocrx_word' id='word_1_733' title='bbox 158 5309 374 5381; x_wconf 68' lang='lat' dir='ltr'><strong>ttacomprcni</strong></span> <span class='ocrx_word' id='word_1_734' title='bbox 400 5314 552 5383; x_wconf 75' lang='lat' dir='ltr'><strong>erumpunt</strong></span> <span class='ocrx_word' id='word_1_735' title='bbox 566 5310 667 5366; x_wconf 84' lang='lat' dir='ltr'><strong>dicere.</strong></span> <span class='ocrx_word' id='word_1_736' title='bbox 688 5309 853 5365; x_wconf 70' lang='lat' dir='ltr'><strong>Marcionites</strong></span> <span class='ocrx_word' id='word_1_737' title='bbox 908 5307 1044 5379; x_wconf 86' lang='lat' dir='ltr'><strong>llpellem,</strong></span> <span class='ocrx_word' id='word_1_738' title='bbox 1055 5306 1187 5375; x_wconf 78' lang='lat' dir='ltr'><strong>formicae,</strong></span> <span class='ocrx_word' id='word_1_739' title='bbox 1202 5307 1344 5375; x_wconf 88' lang='lat' dir='ltr'><strong>vermium,</strong></span> <span class='ocrx_word' id='word_1_740' title='bbox 1368 5309 1496 5376; x_wconf 90' lang='lat' dir='ltr'><strong>culicum,</strong></span> <span class='ocrx_word' id='word_1_741' title='bbox 1511 5311 1675 5369; x_wconf 89' lang='lat' dir='ltr'><strong>locustarum</strong></span> <span class='ocrx_word' id='word_1_742' title='bbox 1693 5329 1702 5376; x_wconf 77' lang='lat'>3</span> 
     </span>
     <span class='ocr_line' id='line_1_57' title="bbox 60 5377 1703 5453; baseline 0.002 -20"><span class='ocrx_word' id='word_1_743' title='bbox 60 5378 195 5442; x_wconf 65' lang='lat' dir='ltr'><strong>menn,</strong></span> <span class='ocrx_word' id='word_1_744' title='bbox 212 5377 262 5450; x_wconf 83' lang='lat' dir='ltr'><strong>qui</strong></span> <span class='ocrx_word' id='word_1_745' title='bbox 285 5381 373 5435; x_wconf 65' lang='lat' dir='ltr'><strong>muni</strong></span> <span class='ocrx_word' id='word_1_746' title='bbox 383 5379 537 5437; x_wconf 86' lang='lat' dir='ltr'><strong>Creatorem</strong></span> <span class='ocrx_word' id='word_1_747' title='bbox 551 5380 724 5453; x_wconf 74' lang='lat' dir='ltr'><strong>sugillabant,</strong></span> <span class='ocrx_word' id='word_1_748' title='bbox 746 5391 778 5437; x_wconf 91' lang='lat' dir='ltr'><strong>ut</strong></span> <span class='ocrx_word' id='word_1_749' title='bbox 792 5395 854 5437; x_wconf 88' lang='lat' dir='ltr'><strong>ver·</strong></span> <span class='ocrx_word' id='word_1_750' title='bbox 908 5380 1021 5435; x_wconf 89' lang='lat' dir='ltr'><strong>alterum</strong></span> <span class='ocrx_word' id='word_1_751' title='bbox 1048 5379 1118 5443; x_wconf 89' lang='lat' dir='ltr'><strong>coeli,</strong></span> <span class='ocrx_word' id='word_1_752' title='bbox 1149 5388 1236 5445; x_wconf 81' lang='lat' dir='ltr'><strong>tarra,</strong></span> <span class='ocrx_word' id='word_1_753' title='bbox 1254 5379 1336 5437; x_wconf 87' lang='lat' dir='ltr'><strong>maris</strong></span> <span class='ocrx_word' id='word_1_754' title='bbox 1364 5391 1392 5437; x_wconf 91' lang='lat' dir='ltr'><strong>et</strong></span> <span class='ocrx_word' id='word_1_755' title='bbox 1417 5383 1576 5453; x_wconf 79' lang='lat' dir='ltr'><strong>angelorum</strong></span> <span class='ocrx_word' id='word_1_756' title='bbox 1604 5382 1703 5437; x_wconf 87' lang='lat' dir='ltr'><strong>debent</strong></span> 
     </span>
     <span class='ocr_line' id='line_1_58' title="bbox 60 5450 1748 5525; baseline 0.001 -20"><span class='ocrx_word' id='word_1_757' title='bbox 60 5450 148 5515; x_wconf 73' lang='lat' dir='ltr'><strong>niam,</strong></span> <span class='ocrx_word' id='word_1_758' title='bbox 167 5450 345 5514; x_wconf 68' lang='lat' dir='ltr'><strong>tomentum,</strong></span> <span class='ocrx_word' id='word_1_759' title='bbox 361 5450 497 5517; x_wconf 88' lang='lat' dir='ltr'><strong>cimicum,</strong></span> <span class='ocrx_word' id='word_1_760' title='bbox 524 5459 575 5508; x_wconf 85' lang='lat' dir='ltr'><strong>etc.</strong></span> <span class='ocrx_word' id='word_1_761' title='bbox 591 5461 750 5508; x_wconf 89' lang='lat' dir='ltr'><strong>creatorem.</strong></span> <span class='ocrx_word' id='word_1_762' title='bbox 766 5452 854 5507; x_wconf 89' lang='lat' dir='ltr'><strong>llruo-</strong></span> <span class='ocrx_word' id='word_1_763' title='bbox 908 5450 1087 5508; x_wconf 86' lang='lat' dir='ltr'><strong>introducere.</strong></span> <span class='ocrx_word' id='word_1_764' title='bbox 1103 5453 1144 5505; x_wconf 81' lang='lat' dir='ltr'><strong>An</strong></span> <span class='ocrx_word' id='word_1_765' title='bbox 1161 5451 1250 5522; x_wconf 89' lang='lat' dir='ltr'><strong>potius</strong></span> <span class='ocrx_word' id='word_1_766' title='bbox 1264 5452 1386 5521; x_wconf 79' lang='lat' dir='ltr'><strong>ejusdem</strong></span> <span class='ocrx_word' id='word_1_767' title='bbox 1405 5453 1533 5523; x_wconf 75' lang='lat' dir='ltr'><strong>potentiae</strong></span> <span class='ocrx_word' id='word_1_768' title='bbox 1555 5462 1595 5508; x_wconf 87' lang='lat' dir='ltr'><strong>est</strong></span> <span class='ocrx_word' id='word_1_769' title='bbox 1618 5453 1648 5506; x_wconf 91' lang='lat' dir='ltr'><strong>in</strong></span> <span class='ocrx_word' id='word_1_770' title='bbox 1740 5514 1748 5525; x_wconf 49' lang='grc'><strong><em>,</em></strong></span> 
     </span>
     <span class='ocr_line' id='line_1_59' title="bbox 59 5517 1703 5594; baseline -0.001 -16"><span class='ocrx_word' id='word_1_771' title='bbox 59 5517 204 5578; x_wconf 79' lang='lat' dir='ltr'><strong>hiusbbu</strong></span> <span class='ocrx_word' id='word_1_772' title='bbox 217 5526 319 5579; x_wconf 78' lang='lat' dir='ltr'><strong>contro</strong></span> <span class='ocrx_word' id='word_1_773' title='bbox 335 5521 437 5580; x_wconf 80' lang='lat' dir='ltr'><strong>Gentes</strong></span> <span class='ocrx_word' id='word_1_774' title='bbox 457 5540 464 5577; x_wconf 93' lang='lat'>:</span> <span class='ocrx_word' id='word_1_775' title='bbox 487 5544 499 5574; x_wconf 76' lang='grc' dir='ltr'><strong><em>ι</em></strong></span> <span class='ocrx_word' id='word_1_776' title='bbox 519 5522 659 5578; x_wconf 86' lang='lat' dir='ltr'><strong>Nouenim</strong></span> <span class='ocrx_word' id='word_1_777' title='bbox 680 5523 855 5594; x_wconf 62' lang='lat' dir='ltr'><strong>sineremus,</strong></span> <span class='ocrx_word' id='word_1_778' title='bbox 908 5522 983 5577; x_wconf 88' lang='lat' dir='ltr'><strong>nium</strong></span> <span class='ocrx_word' id='word_1_779' title='bbox 997 5522 1068 5593; x_wconf 93' lang='lat' dir='ltr'><strong>quod</strong></span> <span class='ocrx_word' id='word_1_780' title='bbox 1084 5521 1229 5591; x_wconf 81' lang='lat' dir='ltr'><strong>majoribus</strong></span> <span class='ocrx_word' id='word_1_781' title='bbox 1244 5521 1407 5593; x_wconf 86' lang='lat' dir='ltr'><strong>exercueris,</strong></span> <span class='ocrx_word' id='word_1_782' title='bbox 1418 5523 1497 5580; x_wconf 89' lang='lat' dir='ltr'><strong>etiam</strong></span> <span class='ocrx_word' id='word_1_783' title='bbox 1512 5520 1648 5583; x_wconf 87' lang='lat' dir='ltr'><strong>iuminor&#39;</strong></span> <span class='ocrx_word' id='word_1_784' title='bbox 1669 5535 1703 5576; x_wconf 80' lang='lat' dir='ltr'><strong>ns</strong></span> 
     </span>
    </p>

    <p class='ocr_par' dir='ltr' id='par_1_10' title="bbox 59 5592 1241 5668">
     <span class='ocr_line' id='line_1_60' title="bbox 59 5592 1241 5668; baseline 0 -18"><span class='ocrx_word' id='word_1_785' title='bbox 59 5592 472 5662; x_wconf 72' lang='lat' dir='ltr'><strong>anau,searabaeos,etmioes,</strong></span> <span class='ocrx_word' id='word_1_786' title='bbox 482 5593 634 5662; x_wconf 81' lang='lat' dir='ltr'><strong>nitedulas,</strong></span> <span class='ocrx_word' id='word_1_787' title='bbox 643 5594 814 5651; x_wconf 90' lang='lat' dir='ltr'><strong>curculiones</strong></span> <span class='ocrx_word' id='word_1_788' title='bbox 828 5602 856 5650; x_wconf 90' lang='lat' dir='ltr'><strong>et</strong></span> <span class='ocrx_word' id='word_1_789' title='bbox 908 5607 963 5651; x_wconf 86' lang='lat' dir='ltr'><strong>noa</strong></span> <span class='ocrx_word' id='word_1_790' title='bbox 981 5608 1092 5668; x_wconf 71' lang='lat' dir='ltr'><strong>negare.</strong></span> <span class='ocrx_word' id='word_1_791' title='bbox 1108 5610 1122 5644; x_wconf 77' lang='lat' dir='ltr'><strong>r</strong></span> <span class='ocrx_word' id='word_1_792' title='bbox 1140 5592 1241 5650; x_wconf 76' lang='lat' dir='ltr'><strong>Lnl&#39;n.</strong></span> 
     </span>
    </p>
   </div>
   <div class='ocr_carea' id='block_1_10' title="bbox 0 0 1936 6132">
    <p class='ocr_par' dir='ltr' id='par_1_11' title="bbox 0 0 1936 6132">
     <span class='ocr_line' id='line_1_61' title="bbox 0 0 1936 6132; baseline 0 0"><span class='ocrx_word' id='word_1_793' title='bbox 0 0 1936 6132; x_wconf 95' lang='lat' dir='ltr'><strong> </strong></span> 
     </span>
    </p>
   </div>
  </div>
 </body>
</html>
