3840 6134
128 275 189 338 tot
259 344 266 349 ,
487 316 493 326 ·
726 276 835 341 cison.
856 280 934 342 inv.
954 279 1191 346 resumtum.
1726 294 1791 357 23,

127 412 211 477 utque
224 403 328 473 optimu
341 418 357 459 a
370 402 428 461 lieo
442 402 530 461 dunt:
546 406 582 463 bt
593 404 668 462 uidit
681 405 753 463 Deus
767 407 833 479 quic
848 406 928 476 bono,
984 425 1018 468 ex
1043 409 1127 468 nihilo
1155 409 1246 483 potins
1272 424 1353 486 quam
1380 426 1413 469 er
1440 414 1568 473 motoria.¹
1586 416 1699 494 Dignius
1728 429 1780 496 est,

128 491 367 552 emmenum
381 495 454 551 lieres
476 494 559 564 (Gerr.
573 509 594 563 r,
609 496 637 561 3,
666 494 722 565 bi),
738 491 932 569 motique
987 501 1073 556 Deum
1088 500 1170 557 etium
1196 499 1329 556 mulorum
1357 507 1496 560 auctorem
1514 503 1630 562 liberum
1657 508 1779 580 credere,

128 595 185 654 qus
209 580 322 651 optime,
352 596 407 638 non
435 589 508 638 certe
535 597 586 654 qua
605 582 674 639 mala
690 597 720 638 ac
735 583 860 655 pessime.
880 585 935 640 De·
988 585 1078 645 8¹0
1093 602 1175 659 qnam
1190 603 1309 645 semum.
1325 586 1499 663 Qnaecnuque
1512 600 1632 663 potestas
1646 595 1681 665 ei,
1697 612 1780 670 quam

128 669 312 729 mutationem
335 668 417 742 igitur
440 670 550 726 admisit
581 671 701 740 materia,
727 678 754 726 et
785 671 808 726 si
831 672 867 727 itn
880 681 931 738 est,
988 677 1121 751 pusillitas
1136 676 1276 750 competit.
1292 677 1321 734 Si
1337 679 1418 736 etsie
1440 680 1616 738 concedimus
1638 687 1780 744 materiam

127 767 233 816 πωπω
267 758 426 815 aeternitatis
457 759 565 815 emisit:
605 767 712 816 mortun
744 767 785 817 est
819 760 934 834 deniquo
985 767 1096 842 quidem
1123 767 1191 825 nihil
1213 768 1279 825 boui
1305 768 1443 842 hahuisse,
1471 770 1617 829 Dominum
1645 788 1726 844 vero,
1757 776 1781 831 si

127 863 177 905 sua
201 847 303 904 torma.
324 847 378 904 Sed
401 849 537 906 aeternitas
552 849 638 906 emitti
661 864 714 905 non
728 859 833 920 potest:
858 851 933 924 quis,
986 855 1051 930 quid
1064 854 1131 912 boni
1143 855 1238 923 edidit,
1268 872 1315 913 sua
1339 856 1438 916 virtute
1466 858 1596 932 edidisse,
1622 859 1681 917 uliae
1704 878 1782 936 aeque

128 936 182 993 pisi
196 935 288 994 ambri
301 951 355 993 non
369 937 470 1009 pessit,
485 937 619 994 aternius
646 952 700 994 non
720 946 770 994 est.
790 937 860 1012 Ergo
884 954 934 996 neo
986 945 1144 1003 oborientur
1157 945 1335 1020 questiones.
1353 946 1455 1018 Primo,
1470 948 1493 1003 si
1513 949 1613 1006 bonum
1627 949 1654 1006 in
1668 952 1782 1009 muteris

129 1027 345 1085 &mulionem
363 1026 450 1098 P⁰l¹¹ii
479 1026 641 1084 Μωὶὸῐθῦθῑ
660 1027 732 1100 quia,
749 1027 771 1082 ⁸5
799 1028 935 1085 aetornitus
987 1035 1096 1094 omnino
1110 1051 1165 1093 non
1189 1036 1320 1110 inlidi),
1346 1052 1401 1094 non
1416 1053 1450 1097 en
1478 1038 1591 1096 matoria
1614 1040 1714 1097 bouum
1737 1040 1781 1098 ia·

132 1123 182 1186 est,
201 1114 342 1171 demutari
350 1114 427 1171 nullo
440 1114 522 1172 modo
537 1124 635 1188 potest.
987 1131 1059 1181 ctum
1073 1132 1123 1195 est,
1146 1125 1218 1199 quod
1245 1125 1359 1183 materia
1373 1125 1477 1185 scilicet
1502 1142 1555 1185 non
1590 1129 1696 1187 hahuit.
1723 1131 1780 1187 lie-

986 1211 1059 1280 hicc,
1076 1211 1099 1267 si
1122 1226 1178 1269 non
1192 1227 1225 1270 ex
1243 1214 1369 1286 materia,
1393 1215 1448 1286 jam
1464 1230 1532 1288 ergo
1544 1232 1578 1272 ex
1596 1215 1654 1274 Deo
1670 1217 1781 1278 lactum.
1820 1216 1828 1227 '

426 1259 537 1318 CAPUT
552 1261 628 1322 xm·
988 1299 1017 1359 Si
1044 1315 1095 1356 nec
1119 1315 1153 1357 err
1179 1300 1246 1375 Deo,
1270 1303 1325 1374 jam
1354 1317 1420 1375 ergo
1441 1318 1473 1360 ex
1493 1303 1578 1361 nihilo
1593 1303 1704 1365 iactum.
1724 1308 1783 1365 Hoc

165 1385 201 1443 Et
216 1390 377 1458 queretur:
405 1384 548 1457 Quomodo
575 1402 609 1442 ex
628 1400 660 1442 ea
685 1385 757 1444 hona
784 1386 851 1444 iactu
870 1388 933 1458 sint,
987 1390 1060 1448 enim
1101 1399 1227 1464 superest
1263 1392 1413 1450 secundum
1445 1393 1624 1468 Hermogenis
1665 1396 1782 1469 disposi-

133 1490 194 1551 qure
219 1491 255 1531 ex
275 1472 459 1531 demutatione
475 1474 549 1531 nullo
567 1475 650 1532 modo
676 1474 746 1532 iactu
760 1477 843 1533 sunt?
857 1476 935 1535 Unde
990 1478 1100 1537 tionem.

132 1565 160 1622 in
187 1563 263 1620 muln
290 1576 321 1618 sc
349 1561 465 1635 pessima
491 1561 556 1620 honi
593 1571 673 1634 etque
702 1564 808 1635 optimi·
822 1567 934 1623 semen?

135 1653 214 1710 Certo
226 1666 280 1708 uec
294 1651 364 1709 bonu
390 1652 471 1708 arbor
497 1651 601 1708 fructus
615 1652 699 1710 mulos
721 1653 786 1720 edit,
807 1654 868 1728 quia
882 1669 933 1713 nec
1295 1622 1409 1682 CAPUT
1423 1623 1486 1681 xv·

136 1740 276 1800 musnet
299 1740 406 1798 bonum
422 1755 474 1797 nec
500 1741 571 1797 mals
584 1743 675 1811 urhor,
690 1742 791 1810 bonos,
804 1745 868 1818 quis
881 1722 972 1802 uecB
1020 1746 1103 1805 Porro
1117 1746 1143 1804 si
1165 1745 1276 1813 bonurn,
1306 1760 1395 1819 neque
1421 1762 1454 1804 ex
1482 1749 1592 1806 materia
1611 1749 1710 1808 iactum
1738 1760 1779 1810 est

138 1829 374 1889 ntemaestnisi
404 1831 531 1902 pessima.
547 1831 600 1887 dut
627 1831 650 1887 si
677 1831 801 1889 dabimus
829 1831 867 1889 illi
882 1834 934 1890 sii·
988 1833 1120 1908 quianon
1134 1841 1193 1892 erst
1219 1832 1321 1903 inille,
1336 1840 1367 1890 ut
1384 1834 1412 1889 iu
1430 1834 1518 1904 mala;
1535 1851 1623 1909 neque
1646 1852 1680 1893 cx
1714 1839 1783 1908 lieo,

138 1920 198 1994 mid
223 1920 310 1976 etium
327 1918 392 1975 boni
405 1919 544 1993 germinis,
558 1921 614 1991 ium
641 1936 697 1978 uon
720 1919 771 1978 erit
797 1922 940 1979 uniformis
992 1923 1058 1995 qnia
1071 1922 1138 1979 nihil
1152 1922 1240 1995 potuit
1268 1923 1373 1979 culleo
1388 1921 1458 1994 lieri,
1475 1923 1546 1981 sicut
1561 1923 1654 1984 delinit
1668 1926 1785 1984 llermo·

138 2017 250 2079 ntnrae,
263 2007 296 2064 id
309 2016 353 2065 est
366 2008 448 2065 malae
461 2009 490 2065 in
503 2017 602 2082 totum,
617 2010 665 2068 sod
679 2018 706 2066 et
720 2017 821 2067 tantum
831 2011 941 2083 duplex,
993 2025 1097 2084 genes:
1114 2009 1251 2067 iurenitnr
1277 2010 1379 2068 honum
1393 2013 1447 2082 iam
1462 2028 1495 2069 ex
1512 2012 1599 2070 nihilo
1614 2012 1726 2085 iactum,
1756 2023 1786 2072 ut

138 2099 219 2157 idat
248 2095 275 2136 ¹¹
291 2098 370 2154 bonu
385 2106 413 2154 et
438 2098 518 2154 melre
543 2108 656 2157 naturae.
673 2099 708 2156 Et
734 2108 870 2174 queretur
883 2100 938 2159 ite·
993 2114 1026 2156 en
1040 2098 1117 2157 nuho
1130 2099 1238 2170 iactum,
1267 2108 1298 2157 ut
1324 2116 1413 2174 usque
1427 2116 1460 2157 en
1487 2102 1610 2171 materia,
1637 2118 1727 2177 neque
1755 2121 1788 2162 ex

138 2203 204 2258 mm,
221 2202 259 2244 en
281 2185 313 2242 iu
340 2187 413 2244 hono
427 2194 455 2245 et
477 2187 548 2246 mulo
563 2189 662 2261 poterit
688 2191 832 2249 convenire
846 2189 898 2249 luci
913 2199 941 2248 et
993 2189 1062 2247 Deo.
1088 2189 1124 2245 itt
1147 2189 1169 2245 si
1198 2190 1298 2247 honum
1313 2204 1344 2247 ex
1360 2189 1457 2261 nihilo,
1483 2206 1532 2247 cur
1546 2206 1601 2247 non
1620 2198 1647 2248 et
1670 2193 1788 2250 mnuml

138 2277 268 2348 tenebris,
298 2274 372 2334 dulci
401 2284 428 2333 et
454 2292 554 2336 emero.
576 2276 632 2334 hut
652 2278 674 2334 si
699 2278 786 2351 potnit
798 2280 941 2353 utriusque
993 2277 1048 2335 imo
1063 2294 1112 2335 cnr
1131 2292 1187 2336 non
1199 2278 1289 2335 omniu
1305 2294 1340 2335 ex
1360 2279 1457 2347 nihilo,
1482 2280 1506 2336 si
1520 2280 1623 2354 ahquid
1637 2297 1670 2337 ex
1683 2281 1797 2340 nihilol

138 2366 278 2425 limum
291 2364 359 2421 honi
383 2374 409 2422 et
423 2364 487 2422 mali
500 2366 678 2440 concurrisse,
702 2375 730 2424 st
744 2367 842 2442 duplex
860 2377 940 2426 natu·
992 2365 1046 2423 nisi
1059 2367 1082 2423 si
1095 2365 1265 2424 iusniiiciens
1278 2365 1329 2424 tuit
1346 2366 1437 2427 dirius
1464 2368 1553 2426 virtus
1575 2369 1701 2426 omnihus
1720 2386 1788 2442 pro-

139 2454 265 2512 minine
285 2451 420 2519 mteriae,
446 2454 587 2511 amborum
615 2455 689 2513 ferax
716 2455 864 2524 fructuum,
881 2457 939 2528 jam
994 2454 1136 2526 ducendis,
1164 2470 1226 2528 qnae
1253 2455 1357 2528 aliquid
1381 2455 1523 2529 protulerit
1553 2473 1586 2514 ex
1615 2456 1710 2515 nihilo.
1734 2458 1790 2518 Aut

139 2543 273 2602 achone
287 2541 351 2614 ipss
377 2540 436 2598 Deo
461 2541 673 2613 deputabuntur,
686 2549 716 2598 nt
742 2558 794 2600 nec
808 2544 877 2600 mala
898 2544 938 2601 illi
993 2544 1063 2602 sier
1077 2544 1191 2601 materia
1213 2543 1287 2600 mala
1309 2544 1411 2602 bonum
1437 2544 1579 2618 processit,
1617 2545 1680 2619 quia
1700 2562 1790 2623 neque

140 2631 308 2705 imputentur
323 2646 333 2685 s
349 2631 400 2687 sed
427 2638 543 2702 utraque
568 2630 675 2702 species
688 2630 723 2687 dc
737 2631 858 2689 materie
871 2647 938 2704 pro·
993 2648 1025 2690 ex
1040 2630 1136 2703 nihilo,
1163 2646 1251 2704 neque
1271 2646 1305 2688 ex
1333 2631 1401 2703 Deo,
1424 2640 1556 2706 sequetur
1579 2643 1609 2692 ut
1622 2649 1656 2690 ex
1671 2648 1787 2692 conver-

140 2722 250 2793 prietnte
269 2727 391 2791 sumpta,
406 2717 441 2773 ad
451 2718 590 2777 maurium
605 2719 760 2793 pertinebit.
775 2719 835 2790 Quo
850 2729 939 2795 pacto,
994 2722 1073 2779 sione
1098 2720 1125 2760 ⁷²
1152 2720 1317 2794 processerit
1344 2722 1474 2794 materie,
1504 2730 1598 2780 contra
1627 2722 1788 2796 denegatam

142 2823 224 2883 teque
245 2806 370 2884 mutim
384 2807 518 2865 honorum
531 2808 589 2865 Deo
616 2807 783 2879 debebimus,
803 2824 854 2868 nec
867 2810 939 2868 iuvi·
994 2810 1412 2869 ecemtuconversionem.1u
1435 2811 1508 2868 unde
1534 2811 1637 2868 honum
1658 2812 1788 2882 constitit,

144 2897 210 2955 dnm
222 2898 375 2968 melorum,
391 2897 454 2970 quia
475 2895 540 2952 nihil
560 2896 594 2954 de
613 2912 663 2955 suo
677 2906 804 2972 oporstus
818 2898 938 2972 ingenio.
992 2899 1048 2973 jam
1073 2900 1184 2975 ncqshit
1211 2900 1398 2975 Hermogenes
1425 2899 1489 2957 inde
1512 2899 1579 2957 illud
1600 2909 1726 2959 constare
1739 2917 1790 2974 po·

438 3039 550 3101 CAPUT
563 3041 626 3101 xlv
957 2990 1089 3090 ciuisse.
1108 2990 1229 3045 Necesse
1246 2997 1287 3045 est
1302 2997 1392 3045 autem
1407 3005 1440 3045 cn
1459 2988 1551 3064 uliquo
1571 3005 1664 3048 eorum
1681 3007 1792 3062 proces-

629 3081 637 3099 ·
994 3078 1071 3150 serit,
1086 3093 1118 3133 ex
1137 3077 1237 3149 quihus
1250 3077 1358 3150 negarit
1376 3077 1527 3148 procedere
1541 3079 1671 3150 potuisse.
1701 3078 1791 3136 Caete-

187 3165 240 3224 Per
273 3166 344 3240 quod
367 3165 525 3240 probabitur
543 3165 684 3222 manifeste
709 3159 830 3223 mauris
853 3167 943 3225 desm-
997 3183 1069 3235 rum,
1098 3165 1121 3221 si
1147 3164 1209 3222 ideo
1237 3163 1338 3221 malum
1366 3178 1421 3220 non
1448 3180 1482 3220 cx
1496 3165 1590 3236 nihilo,
1607 3183 1642 3223 nc
1669 3167 1720 3223 Dei
1734 3167 1791 3236 ilat,

152 3256 232 3313 risse.
245 3255 313 3312 Nem
325 3255 376 3313 etsi
404 3254 519 3322 dicatur,
549 3254 609 3312 licet
635 3270 667 3311 ex
700 3253 840 3311 occasione
853 3261 943 3312 mate-
997 3255 1032 3312 de
1059 3255 1138 3326 cujus
1165 3251 1277 3309 arbitrio
1303 3250 1449 3322 videbitur,
1482 3252 1530 3308 sed
1559 3269 1592 3310 ex
1620 3254 1743 3322 materis,
1764 3263 1794 3311 ut

150 3345 197 3413 rie,
226 3359 280 3403 suo
310 3352 401 3401 umen
429 3343 541 3401 arbitrio
565 3344 637 3400 bonu
673 3343 825 3415 protulisse,
868 3343 944 3417 quasi
997 3345 1084 3418 ipsius
1098 3345 1146 3416 sit,
1160 3343 1195 3400 de
1223 3343 1303 3414 cujus
1317 3341 1468 3399 substantia
1486 3342 1538 3398 erit
1553 3342 1654 3400 iactum
1671 3357 1678 3395 t
1694 3344 1792 3410 ethic,

150 3420 237 3494 utens
256 3435 366 3492 bonum
393 3432 525 3501 materiae,
554 3447 710 3506 quanquam
737 3442 764 3490 et
792 3433 844 3490 hoc
866 3439 945 3504 turpe
996 3443 1028 3507 n
1054 3433 1121 3501 diri,
1150 3438 1244 3488 auctor
1274 3431 1339 3487 maii
1371 3429 1514 3488 bshehitur
1536 3430 1619 3497 Deus,
1647 3431 1793 3504 quicum

152 3523 184 3595 u't,
202 3532 281 3584 certe
305 3538 372 3580 cum
399 3538 434 3579 err
457 3523 553 3579 eadem
569 3523 653 3579 etiam
671 3521 746 3577 mala
768 3521 882 3595 profert,
901 3520 945 3581 sel
997 3524 1093 3581 eadem
1108 3523 1209 3580 rirtute
1227 3529 1255 3579 et
1278 3520 1416 3578 uoluntate
1430 3520 1568 3579 debuisset
1582 3520 1675 3578 omnia
1688 3521 1795 3580 boriali

154 3611 199 3671 luc
220 3613 323 3687 utiquc
348 3611 454 3668 nonde
471 3626 522 3668 suo
539 3609 654 3668 arbitrio
682 3610 856 3683 proterendo,
882 3626 944 3669 ser·
998 3628 1031 3671 ex
1044 3611 1158 3668 materia
1171 3610 1327 3683 protulisse,
1343 3617 1389 3666 aut
1412 3617 1515 3666 tantum
1537 3611 1618 3680 hona,
1634 3624 1689 3667 non
1704 3611 1796 3667 omniu

156 3701 183 3758 rit
196 3701 335 3771 materies,
351 3699 426 3757 aliud
442 3715 497 3757 uon
511 3699 612 3755 habens
627 3698 717 3757 lacere
732 3715 812 3774 quam
827 3716 860 3757 ex
874 3700 945 3757 melo
999 3710 1090 3759 tamen
1104 3701 1176 3758 bons
1190 3702 1225 3771 1⁵,
1253 3699 1409 3772 protulisset
1434 3699 1516 3756 etiam
1530 3699 1610 3766 mola3
1637 3698 1734 3773 utique
1748 3707 1797 3756 aut

158 3789 282 3860 ρωῐοπρς
308 3789 413 3845 inritus
440 3788 534 3863 utique
561 3803 615 3860 qus
637 3789 735 3855 honus,
759 3804 792 3844 ex
821 3789 944 3846 necessi·
998 3789 1091 3847 uolens
1105 3805 1168 3846 esse
1190 3789 1272 3859 mala,
1288 3790 1312 3845 si
1325 3788 1554 3861 poteratetlicere
1579 3803 1614 3845 nc
1628 3796 1735 3858 essent3
1753 3796 1797 3846 sut

160 3885 199 3937 ute
218 3891 250 3938 ut
272 3877 390 3950 insitus,
411 3886 438 3936 ct
460 3894 497 3936 ex
520 3876 648 3936 servitute
663 3884 691 3934 ut
714 3892 748 3934 ex
770 3878 944 3940 necessitate.
998 3893 1053 3936 non
1081 3875 1176 3935 vatem
1197 3876 1305 3936 efficere
1319 3877 1412 3935 omnia
1439 3876 1523 3945 bonu,
1551 3875 1574 3931 si
1589 3875 1674 3934 voluit
1702 3883 1728 3933 et
1742 3891 1796 3934 non

161 3964 216 4037 usto
238 3984 310 4044 ergo
334 3969 453 4042 dignius,
476 3983 509 4026 ex
530 3967 691 4026 necessitate
712 3982 772 4023 cum
792 3966 946 4024 condidisse
998 3967 1075 4026 iecit:
1100 3964 1164 4023 dum
1192 3965 1259 4022 nihil
1282 3966 1389 4023 intersit
1405 3965 1461 4037 'per
1485 3964 1669 4023 infirmitatem
1696 3966 1795 4023 Domi-

163 4059 229 4132 nslt,
248 4075 285 4115 an
309 4075 343 4116 ex
365 4056 522 4116 voluntate?
541 4058 571 4113 Si
591 4056 714 4129 quidem,
738 4070 771 4112 cn
786 4056 947 4114 necessitate
1000 4070 1053 4111 nus
1066 4060 1163 4111 auctor
1189 4053 1252 4108 mali
1274 4052 1420 4124 exstiterit,
1436 4068 1470 4109 an
1484 4067 1533 4126 per
1548 4052 1727 4111 uoluntatem.
1743 4055 1798 4110 Aut

162 4145 276 4213 condidit,
295 4145 320 4200 si
336 4160 368 4201 er
384 4147 514 4202 materia:
539 4161 572 4203 ex
586 4144 735 4210 voluntate,
750 4145 772 4200 si
795 4161 830 4202 ex
849 4144 945 4204 nihilo.
1000 4159 1061 4216 qne
1075 4141 1125 4198 luit
1145 4141 1224 4213 ratio,
1239 4150 1270 4199 ut
1284 4158 1347 4200 cum
1361 4145 1431 4200 bona
1446 4142 1554 4200 iecisset
1568 4143 1646 4215 quasi
1660 4143 1685 4181 7⁶
1700 4142 1796 4208 honus,

162 4230 209 4290 lun
235 4235 310 4292 enim
324 4234 383 4292 sine
397 4250 480 4292 causa
506 4236 624 4304 laboras,
640 4250 675 4290 ne
693 4232 825 4290 malorum
851 4239 946 4287 auctor
1000 4231 1080 4289 etium
1107 4230 1180 4286 mela
1207 4231 1367 4304 protulisset
1394 4233 1471 4306 quasi
1505 4247 1561 4290 non
1600 4234 1705 4303 bonus,
1735 4247 1798 4290 cnm

163 4324 328 4380 nostituetnr
354 4324 450 4380 Deus:
482 4324 557 4395 quia,
586 4323 638 4380 etsi
667 4323 702 4380 de
729 4320 844 4379 materia
872 4319 944 4389 iecit,
961 4296 985 4376 ὓ
1000 4336 1055 4379 non
1083 4319 1261 4394 congruentis
1287 4320 1340 4377 sibi
1353 4321 1524 4380 solummodo
1538 4321 1636 4380 edidit.
1665 4315 1737 4394 Quid
1750 4336 1799 4378 ne·

162 4409 205 4484 ipsi
216 4411 422 4485 deputabuntur
435 4413 482 4485 qni
496 4411 568 4483 iecit,
583 4413 703 4484 proinde
720 4418 854 4485 quatenus
868 4408 941 4467 iecit.
997 4425 1072 4470 cesse
1098 4417 1166 4481 erut,
1206 4423 1257 4465 suo
1287 4423 1373 4481 opere
1408 4411 1522 4481 prolato,
1562 4413 1644 4468 etiam
1679 4412 1800 4470 materias

161 4498 232 4561 Plane
244 4503 286 4562 sic
298 4503 411 4560 interest
435 4502 507 4561 unde
523 4503 627 4570 lecerit,
644 4517 676 4560 ac
703 4503 727 4564 si
741 4506 776 4561 dc
799 4500 886 4561 nihilo
900 4499 944 4555 ie·
998 4499 1135 4574 negotium
1160 4510 1269 4567 curare,
1293 4496 1407 4569 proinde
1429 4504 1467 4553 et
1498 4497 1599 4554 malum
1635 4498 1807 4570 proterendo·

160 4591 249 4650 cisun
270 4609 322 4651 nec
342 4592 453 4650 interest
475 4592 547 4649 unde
566 4591 667 4660 lecerit,
693 4600 723 4649 ut
749 4592 812 4650 indo
840 4588 943 4658 iecerit,
999 4590 1075 4649 solus
1098 4598 1127 4647 ut
1154 4595 1361 4664 cognosceretur
1385 4587 1472 4643 bonus
1490 4586 1524 4640 de
1550 4585 1622 4642 hono
1636 4586 1671 4653 Ἡ,
1689 4588 1801 4643 materia

159 4680 225 4738 uode
243 4698 306 4739 eum
320 4680 409 4755 megia
422 4682 523 4739 decuit.
538 4681 626 4757 blagis
647 4690 739 4740 autem
753 4684 825 4741 'eum
853 4679 946 4738 decuit
1000 4688 1090 4736 autern
1115 4695 1149 4734 no
1176 4678 1202 4716 ⁷⁸
1223 4683 1434 4749 cognosceretur
1453 4672 1526 4729 mala
1553 4671 1587 4727 de
1614 4671 1710 4729 maloi
1738 4672 1801 4728 Plus

157 4783 187 4826 ex
212 4771 352 4829 mtunute
366 4769 475 4842 iecisse,
491 4786 572 4844 qnam
591 4787 626 4828 ex
651 4773 827 4842 necessitate,
845 4769 872 4826 id
895 4777 949 4835 est,
1003 4768 1105 4824 bonum
1133 4764 1271 4823 floruisset
1291 4762 1351 4822 siue
1378 4761 1444 4820 mali
1471 4760 1573 4819 aliintu.
1601 4760 1671 4816 Nam
1686 4768 1714 4819 ct
1734 4759 1802 4818 ller-

843 4863 941 4931 Variae
961 4867 1117 4929 lectiones.

189 4973 215 5016 ²¹
229 4976 267 5033 ln
284 4975 377 5036 tect.
393 4975 507 5040 mouet,
523 4973 600 5033 houd
618 4973 701 5033 dahac
716 4990 812 5032 errore
828 4970 1033 5047 typopropltioe,
1048 4967 1151 5045 cerlo:
1167 4966 1247 5023 mule
1262 4966 1288 5023 in
1307 4967 1405 5037 lotum,
1419 4965 1467 5023 sed
1485 4973 1627 5050 attentum
1646 4966 1756 5042 duplex,
1776 4967 1803 5023 id

156 5055 208 5106 est.
222 5047 438 5105 ⁷²Coniessionc
470 5047 561 5104 Vener.
586 5047 671 5105 mole.
687 5046 713 5086 ⁷³
727 5045 827 5101 Contra
844 5049 1000 5117 denegatam
1028 5055 1135 5109 omncs,
1160 5041 1267 5113 praeter
1285 5038 1369 5095 Semi.
1396 5036 1505 5120 oberth.
1534 5036 1559 5075 '¹⁴
1581 5039 1644 5112 top.
1665 5045 1694 5098 et
1720 5042 1804 5099 leuet

157 5120 374 5178 iasmtbonue
396 5117 456 5178 cod.
482 5118 584 5176 Wouw.
615 5117 640 5156 7⁵
662 5122 715 5175 Aut
730 5124 834 5173 tantum
848 5116 919 5172 bona
941 5114 1008 5241 gnon
1022 5111 1113 5169 omnis
1127 5123 1219 5168 tumen
1245 5109 1328 5179 hona)
1343 5110 1521 5181 protnluset;
1550 5115 1597 5165 sut
1625 5110 1705 5167 etism
1735 5111 1804 5167 mals

157 5192 240 5257 lun-r
255 5189 305 5248 scd
321 5206 381 5249 uon
395 5205 464 5263 opus
483 5193 535 5248 est.
563 5189 590 5229 ⁷⁶
611 5187 672 5258 Qua
699 5191 789 5246 bocru
810 5202 865 5260 qna
879 5201 931 5244 non
967 5187 1052 5243 .Lot.
1068 5184 1092 5223 ’Π
1121 5183 1176 5243 Hoc
1189 5183 1303 5256 sienem
1329 5181 1464 5255 interrop.
1480 5184 1511 5238 iu
1525 5181 1577 5238 rel.
1606 5185 1728 5255 ponitur
1754 5181 1804 5241 dc·

156 5278 234 5320 m
246 5263 311 5336 port
324 5261 406 5318 mdo.
421 5259 447 5300 ²⁸
460 5262 495 5318 Ut
507 5267 719 5334 cognosceretur
733 5262 803 5318 lure.

849 5328 1103 5396 Commentarius.

191 5440 251 5512 (nt)
262 5439 409 5498 &honum
422 5438 586 5497 inmcteric
602 5437 718 5496 omniuo
732 5453 790 5496 coc
800 5437 870 5508 soit.
881 5434 957 5506 Quo·
1011 5434 1147 5503 heretice,
1175 5434 1279 5492 bonum
1307 5428 1409 5504 aliquid
1422 5498 1425 5503 .
1440 5429 1539 5490 lactum
1561 5444 1624 5488 esse
1659 5425 1807 5499 pmbabist

158 5510 233 5568 niam
254 5512 338 5568 arbor
351 5511 427 5568 boue
445 5509 531 5567 mulos
546 5508 651 5567 fructus
673 5523 728 5566 nou
752 5508 831 5577 iacit,
848 5514 876 5563 et
898 5505 958 5563 vice
1012 5506 1111 5565 Lnl’u.
1447 5510 1450 5517 '

157 5596 251 5652 serso,
265 5597 320 5658 qua
338 5582 481 5641 rationes
504 5580 618 5641 materia
637 5593 719 5653 quam
745 5578 812 5638 iacis
839 5575 956 5648 malam,

282 5688 408 5749 Persou.
425 5687 460 5748 ll.
1687 5682 1705 5735 o
