3840 6134
116 280 181 347 aab

117 409 241 467 auterens
264 423 280 464 a
308 411 380 465 terra
401 404 428 464 in
446 407 565 477 coelum‚·
580 415 608 466 et
632 416 697 465 tunc
714 405 909 482 perjudicium
926 418 949 499 q

116 497 264 568 ventilabit,
286 497 416 571 deiiciens
434 499 468 556 de
488 499 558 557 cralo
585 499 613 554 in
641 504 750 554 terram.
765 497 841 553 Idem
860 495 912 552 erit

117 600 143 645 at
161 589 227 644 alibi
244 598 338 645 taurus
352 590 425 664 apud
438 591 558 646 eamdem
573 580 742 661 scripturam,
751 605 812 645 cum
826 584 911 641 Jacob

117 679 145 735 in
168 680 322 736 Simeonem
341 688 368 734 et
382 680 444 738 Levi
462 680 637 754 exporrigens
655 677 869 735 benedictionem
887 675 909 743 ⁹,

117 768 145 826 id
160 779 201 826 est
222 770 255 837 ¹⁰,
272 770 298 825 in
317 770 425 827 Scribas
439 776 465 827 et
479 770 632 825 Pharisaeos
646 768 690 841 (ex
706 767 761 824 illis
774 767 846 823 enim
861 766 912 822 de·

122 862 230 919 ducitur
253 876 353 917 census
380 860 504 930 istorum)
527 859 683 934 spiritaliter
697 858 910 930 interpretatur:

118 954 231 1012 Simeon
240 957 269 1011 et
279 954 342 1010 Leni
351 954 429 1022 (Cen.
440 967 520 1019 xrrx,
537 950 654 1023 dseqq.)
661 946 913 1022 perfeceruntini·

119 1043 271 1118 quitatem,
288 1059 319 1098 ex
335 1057 382 1097 sua
397 1041 502 1106 heresi,
518 1055 571 1111 qua
584 1038 683 1096 scilicet
701 1037 836 1093 Christum
851 1038 914 1090 sunt

118 1129 277 1203 persecuti.-
298 1131 331 1187 ln
350 1131 505 1188 ccumtium
518 1144 615 1184 eoram
637 1143 673 1185 ne
694 1128 803 1184 uenerit
816 1138 915 1181 untmn

119 1237 193 1287 meu,
213 1224 242 1278 et
259 1220 291 1277 in
305 1221 458 1277 stationem
472 1234 569 1276 eornm
583 1234 619 1274 ne
628 1216 812 1274 incubuerint
817 1215 914 1286 jecore

10 1318 14 1325 '
118 1301 915 1382 meuzqaiuinindiqnutionesubinterserceruuthomi·

118 1416 179 1464 nes,
190 1397 217 1454 id
230 1398 437 1470 est'prophetas,
447 1399 516 1454 etin
526 1395 758 1469 eoncupiscentia
768 1409 821 1450 suu
832 1390 914 1449 ceci-

119 1487 225 1547 derunt
234 1503 332 1545 neruos
347 1485 535 1554 wicum,
545 1484 572 1541 id
583 1494 624 1542 est
634 1484 749 1549 Christo,
762 1497 843 1555 quem
854 1485 917 1551 post

454 278 677 344 reatbttttltl
695 276 832 344 ornabit
848 273 934 342 eins
945 274 987 339 ii.
1006 303 1044 322 -
1060 270 1175 337 stilis
1202 272 1225 348 Ι,
1248 274 1420 340 potentat.

1708 222 1765 341 aaa

1262 402 1375 462 CAPUT
1393 402 1489 462 xix.·

1001 495 1060 564 Age
1073 489 1194 559 nunc,·si
1208 491 1299 565 legisti
1314 509 1398 563 penes
1418 492 1503 552 David
1522 496 1610 567 (Pani.
1626 513 1690 568 xcv,
1707 496 1766 571 to),

964 583 1098 640 Dona-inus
1120 585 1249 654 reqnurrt
1265 598 1283 638 n
1300 583 1384 656 liquo,
1403 593 1528 663 exspecto
1539 585 1604 659 quid
1618 586 1766 660 intelligas,

964 670 1017 726 nisi
1039 668 1107 727 lorte
1129 670 1273 743 lignarium
1295 672 1411 745 aliquem
1434 691 1526 746 regem
1550 675 1697 748 significari
1717 677 1768 734 iu·

966 762 1096 825 deorum,
1121 769 1147 814 et
1168 775 1222 816 non
1244 762 1390 831 Christum,
1413 766 1459 837 qui
1482 765 1579 821 exinde
1603 783 1618 820 a
1638 767 1769 837 passione

964 848 1033 921 ligni
1053 857 1177 919 superata
1197 858 1281 906 morte
1308 854 1441 927 regnavit.
1463 854 1519 909 Etsi
1544 855 1616 910 enim
1634 871 1710 912 mors
1733 856 1768 911 ab

966 937 1054 993 hdam
1082 938 1203 1011 regnarit
1230 942 1372 1012 usquead
1398 942 1548 1012 Christum,
1570 959 1619 1000 cur
1646 944 1771 1000 Christus

966 1040 1022 1082 non
1044 1041 1173 1099 regnasse
1196 1027 1329 1084 ditatura
1349 1029 1433 1103 liqna,
1453 1047 1486 1088 ex
1505 1049 1559 1104 qno
1579 1033 1668 1088 erums
1692 1032 1770 1107 ligno

967 1128 1101 1185 mortuus,
1133 1131 1248 1190 regnum
1284 1120 1380 1176 mortis
1422 1122 1558 1178 exclusit?
1593 1122 1709 1179 Proinde
1741 1119 1771 1180 οι

967 1205 1049 1261 isaias
1062 1205 1128 1277 (lan.
1145 1222 1186 1272 rx,
1202 1208 1230 1277 6)
1246 1225 1253 1262 :
1275 1209 1420 1279 Quoniam,
1433 1211 1528 1285 inquit,
1545 1218 1714 1288 querna-tus
1727 1216 1772 1272 est

967 1293 1055 1359 notia,
1072 1298 1101 1352 et
1116 1295 1199 1352 datus
1214 1300 1256 1354 est
1271 1300 1440 1370 nobibilitas
1451 1301 1484 1357 ¹⁰.
1500 1301 1572 1374 Quid
1586 1303 1659 1370 nori,
1675 1302 1699 1358 si
1714 1318 1771 1360 non

967 1383 1003 1438 de
1012 1383 1079 1440 Filio
1093 1383 1142 1439 Dei
1150 1383 1216 1442 dicit
1230 1385 1273 1440 ¹¹?
1289 1389 1375 1461 Cujus
1385 1391 1536 1462 imperium
1550 1394 1659 1463 sactum
1669 1398 1771 1450 estsu-

967 1488 1018 1546 per
1027 1471 1177 1531 humerum
1189 1476 1291 1548 ipsius.
1305 1477 1358 1550 Qui
1373 1481 1483 1537 omnino
1499 1498 1592 1554 regum
1606 1482 1713 1556 insigne
1722 1500 1773 1559 po·

119 1592 214 1634 necem
232 1577 428 1647 Prophetarum
452 1575 644 1633 interfecerunt
667 1574 699 1638 ¹¹,
720 1580 747 1627 et
764 1567 916 1641 seligendo
969 1560 1072 1616 testatis
1091 1577 1148 1617 811ae
1168 1563 1279 1620 humero
1293 1565 1409 1636 prefert,
1426 1577 1454 1623 et
1473 1585 1528 1626 non
1543 1581 1589 1627 aut
1606 1571 1694 1642 eapite
1708 1571 1772 1629 dia-

119 1682 218 1726 nervos
238 1666 331 1738 ¹²cjus
352 1665 436 1723 clavis
450 1665 638 1723 desaevierunt.
658 1662 803 1729 Caeterum,
818 1672 915 1714 tanum
970 1647 1057 1714 demi,
1082 1657 1129 1705 ιιι
1142 1666 1221 1706 manu
1241 1661 1386 1727 sceptrum,
1402 1655 1488 1714 818
1504 1658 1683 1731 autaliquem
1704 1677 1773 1733 pro-

121 1755 155 1827 si,
184 1765 246 1827 post
269 1755 423 1827 homicidia,
451 1754 565 1825 alicujus
587 1754 665 1810 bovis
688 1750 742 1807 illis
770 1746 917 1820 exprobrat
933 1735 954 1813 Β
969 1736 1035 1807 1¹¹¹ae
1058 1736 1142 1794 ¹0¹¹¹⁵
1162 1748 1269 1810 ¹⁰¹¹¹¹¹3
1286 1744 1333 1799 Sed
1356 1745 1429 1801 soils
1450 1759 1536 1804 notus
1560 1763 1611 1804 rex
1637 1764 1773 1807 novorum

121 1842 313 1902 camiiicinam.
336 1844 394 1899 iam
423 1859 487 1900 tero
510 1844 628 1915 hloyses,
651 1840 714 1912 qnid
738 1838 830 1910 utique
854 1843 919 1892 tune
951 1840 1089 1882 avorum
1113 1825 1233 1883 Christus
1253 1830 1436 1898 terramve
1455 1836 1592 1908 gloriaest
1610 1845 1770 1907 potestatem

121 1940 235 1998 tentum,
254 1947 315 1989 cum
337 1933 417 1989 iesus
436 1935 564 1991 adversus
585 1931 714 1988 Amalech
732 1926 915 2002 praeliabatur,

121 2024 246 2094 expansis
260 2021 384 2078 manibus
399 2023 494 2079 orabat
512 2021 535 2059 ¹³
547 2020 684 2087 resideam
700 2015 809 2089 quando
828 2012 856 2069 in
873 2029 918 2069 re-

122 2111 172 2167 bus
191 2118 243 2166 tam
259 2111 388 2181 attonitis,
405 2112 490 2184 magis
504 2111 595 2180 utique
613 2104 867 2180 genibnsdepositis
884 2103 917 2172 ¹¹,

122 2208 149 2256 et
171 2198 296 2256 manibus
311 2200 475 2257 caedentibus
493 2207 596 2271 pectus,
615 2206 640 2255 et
660 2197 727 2252 iacie
746 2194 822 2250 humi
840 2192 918 2248 volu-

121 2294 207 2358 tante,
231 2293 380 2349 orationem
400 2291 588 2348 commendare
605 2286 755 2354 debuisset,
781 2282 834 2337 nisr
857 2279 919 2348 quia

120 2376 176 2434 illic
198 2379 244 2435 ubi
260 2380 283 2417 ¹⁵
301 2394 398 2434 nomen
418 2378 527 2435 Domini
545 2380 609 2434 lesu
630 2376 653 2414 ¹¹
672 2371 825 2434 dimicabat,
845 2367 920 2423 dimi·

122 2464 207 2523 caturi
227 2469 388 2541 quandoque
408 2467 538 2525 adversus
551 2464 698 2532 diabolum,
714 2459 920 2527 cruciandoque

121 2564 178 2613 erat
198 2556 305 2613 babitus
320 2557 499 2623 necessarius,
520 2572 568 2626 per
591 2568 671 2625 quam
684 2553 762 2606 lesus
780 2547 918 2603 victoriam

120 2653 193 2701 esset
219 2645 378 2703 relaturus?
400 2646 473 2702 idem
493 2659 587 2699 rursus
606 2645 713 2713 ltloyses
736 2639 833 2711 (Num.
856 2636 918 2706 xxi)

122 2741 183 2804 post
196 2733 364 2790 interdictam
379 2733 468 2790 omnis
477 2733 516 2787 rei
535 2730 745 2791 similitudinem,
758 2741 805 2783 cur
819 2738 918 2778 aereum

122 2833 285 2894 serpentem,
310 2823 385 2897 ligno
413 2821 579 2892 impositum,
601 2815 741 2890 pendentis
766 2813 860 2871 babitu
892 2811 919 2864 in

971 1922 997 1972 et
1020 1913 1209 1972 sublimitatem
1229 1934 1304 1974 suam
1327 1921 1440 1980 humero
1458 1925 1563 1993 extulit,
1588 1941 1693 1985 crucem
1715 1918 1771 1984 sci*-

971 2002 1041 2071 licet,
1068 2011 1105 2070 ut,
1129 2007 1273 2062 secundum
1293 2012 1459 2080 superiorem
1480 2015 1658 2087 prophetiam,
1674 2017 1773 2074 exinde

971 2090 1102 2147 Dominus
1128 2106 1289 2166 regnareta
1316 2099 1398 2170 ligno.
1421 2103 1477 2159 lloc
1500 2102 1603 2172 lignum
1621 2112 1648 2160 et
1676 2105 1788 2162 hiere·

973 2185 1040 2241 mias
1065 2186 1176 2256 (terem.
1201 2206 1241 2260 st,
1265 2193 1292 2257 tii
1317 2195 1365 2252 tibi
1387 2197 1514 2265 insinuat,
1538 2202 1652 2259 dicturis
1670 2204 1774 2276 praedi-

972 2290 1038 2331 cans
1051 2276 1167 2335 rudeis:
1185 2281 1293 2352 Venite,
1312 2287 1464 2345 mittamur
1475 2290 1499 2328 ²²
1510 2293 1618 2364 tiquam
1629 2294 1659 2347 in
1667 2309 1775 2365 panem

972 2366 1042 2435 ejus,
1065 2364 1157 2437 utique
1175 2367 1202 2422 in
1214 2384 1322 2441 corpus.
1339 2375 1384 2431 Sic
1398 2378 1471 2432 enim
1490 2379 1562 2434 Deus
1581 2381 1608 2435 in
1625 2381 1773 2456 Evangelio

972 2467 1079 2524 quoque
1097 2466 1186 2510 vestro
1207 2461 1332 2519 revelavit
1348 2481 1444 2536 panem
1465 2483 1564 2541 corpus
1583 2486 1662 2526 suum
1677 2473 1789 2543 appel.

973 2541 1031 2594 lans
1059 2541 1126 2612 (52),
1153 2551 1179 2598 ut
1203 2554 1230 2601 et
1256 2549 1390 2637 hincjam
1411 2571 1473 2610 enm
1497 2556 1633 2630 intelligas
1652 2560 1777 2632 corporis

973 2629 1014 2685 sui
1033 2629 1146 2703 liguram
1170 2636 1232 2703 pani
1248 2639 1272 2677 ²¹
1291 2640 1411 2714 dedisse,
1432 2647 1511 2717 cujus
1533 2655 1603 2703 retro
1627 2664 1728 2720 corpus
1747 2651 1775 2705 in

973 2733 1070 2789 panem
1091 2719 1240 2792 Prophetes
1258 2727 1392 2802 figuravit,
1407 2733 1466 2803 ipso
1486 2737 1601 2793 Domino
1617 2738 1668 2794 hoc
1687 2755 1778 2795 saera-

972 2816 1091 2863 mentum
1106 2819 1199 2880 postea
1218 2813 1433 2888 interpretaturo.
1457 2823 1484 2878 Si
1504 2825 1591 2880 adhuc
1604 2826 1703 2898 quaeris
1719 2828 1779 2883 Do·

122 2911 308 2981 spectaculum
327 2910 418 2965 israeli
431 2911 452 2947 ¹¹
463 2910 580 2964 salutare
593 2905 735 2980 proposuit
748 2917 781 2959 eo
795 2909 917 2972 tempore
970 2896 1076 2952 minicae
1091 2902 1178 2956 crunis
1198 2907 1426 2977 praedicationem,
1442 2913 1506 2968 satis
1532 2916 1589 2985 jam
1617 2914 1664 2970 tibi
1685 2925 1778 2986 potest

121 3014 175 3070 qno
190 3014 204 3054 a
218 2999 390 3070 serpentibus
404 2996 572 3054 exterminati
591 3002 664 3061 sunt,
679 2993 731 3049 nisi
759 2988 830 3064 quod
850 2989 874 3026 ¹¹³
891 2992 917 3043 et
932 3021 955 3100 c
969 2983 1059 3085 lacere
1087 2987 1231 3047 vicesimus
1258 2996 1360 3065 primus
1384 3001 1525 3069 psalmus,
1562 3011 1642 3058 totam
1676 3004 1777 3062 cinisii

121 3086 166 3142 iric
189 3086 337 3144 Dominicae
357 3086 446 3143 crucis
473 3085 515 3143 via
536 3084 694 3149 intentabat,
724 3095 776 3152 qua
803 3091 916 3146 serpens
969 3083 1109 3131 continens
1133 3081 1286 3150 passionem
1309 3087 1378 3159 (53),
1402 3090 1593 3163 canentisjam
1622 3097 1687 3150 tunc
1712 3094 1776 3168 glo-

123 3174 244 3230 diabolus
264 3175 461 3246 publicabatur,
478 3183 505 3231 et
518 3173 584 3230 laeso
602 3172 701 3245 cuique
718 3186 735 3225 a
753 3166 918 3239 spiritalibus
970 3162 1035 3217 riam
1049 3180 1145 3225 suam:
1163 3171 1314 3261 Foderunt,
1330 3177 1414 3250 inquit
1429 3181 1517 3251 (Paul.
1529 3198 1584 3252 xm,
1601 3183 1655 3252 m),
1672 3200 1777 3241 mcum

123 3262 252 3330 colubris,
272 3254 387 3321 intuenti
409 3273 500 3320 tamen
524 3270 551 3320 et
573 3260 691 3318 credenti
715 3259 743 3314 in
766 3272 826 3311 enm
845 3253 917 3310 sani·
970 3268 1046 3309 meus
1063 3258 1090 3310 et
1106 3258 1208 3328 pedes,·
1231 3276 1291 3333 quae
1310 3266 1417 3337 proprie
1440 3269 1565 3326 atrocitas
1586 3271 1778 3327 paruerant

123 3362 164 3410 tas
177 3367 316 3409 morsuum
333 3362 519 3427 peccatorum,
536 3359 564 3408 et
578 3349 653 3406 salua
667 3348 691 3388 ¹¹
700 3345 797 3403 exinde
817 3341 918 3414 praedi·
973 3356 1077 3411 rursus,
1097 3359 1157 3400 cum
1176 3351 1309 3407 auxilium
1330 3354 1414 3409 Patris
1432 3355 1555 3427 implorat
1573 3376 1578 3414 :
1594 3361 1720 3424 Saluum,
1738 3358 1778 3413 in·

122 3442 240 3498 opham„
973 3430 1031 3502 quit
1045 3432 1122 3502 (lbid.
1139 3439 1196 3509 22),
1211 3442 1258 3508 suc
1273 3458 1318 3500 me
1332 3460 1368 3502 err
1382 3461 1428 3503 ore
1445 3448 1543 3514 leonte,
1560 3449 1651 3523 utique
1665 3450 1778 3517 mortis3

807 3528 904 3591 Variae
931 3529 1086 3592 lectiones.

159 3639 171 3679 ⁹
189 3641 305 3713 Exporr.
320 3638 418 3696 bened.
439 3640 533 3696 omitt.
549 3637 636 3694 liban.
653 3630 739 3691 Semi.
754 3626 863 3686 oberth.
877 3625 901 3663 ¹⁰
915 3621 946 3677 ld
961 3630 1002 3679 est
1014 3628 1107 3684 omitt.
1118 3634 1205 3688 l'mn.
1223 3637 1244 3674 ¹¹
1259 3639 1453 3698 Interieeerunt
1467 3648 1562 3702 antiit.
1579 3645 1667 3705 iiten.
1688 3648 1779 3711 Semi:

127 3711 236 3768 Obertlr.
255 3712 277 3750 ¹²
296 3712 326 3765 ln
344 3707 635 3780 nereosutiquevutt.
659 3707 758 3761 il'eutu.
775 3699 800 3783 ¹³
818 3697 883 3755 Orat
913 3693 1000 3801 libqn.
1032 3698 1118 3779 Semi.
1137 3704 1246 3786 (iderti.
1263 3710 1285 3748 ¹¹
1302 3710 1400 3767 Positis
1415 3717 1501 3771 Fran.
1530 3717 1667 3784 dispositis
1685 3719 1725 3776 ut.
1756 3714 1780 3757 ¹³

123 3782 172 3837 Est
184 3782 249 3837 add.
265 3781 353 3837 liban.
368 3781 456 3837 Semi.
472 3777 582 3837 oberth.
605 3776 628 3814 ¹¹
643 3776 707 3830 iesu
723 3774 816 3852 omitt.
842 3766 927 3825 Semi.
945 3765 954 3802 ¹
983 3766 1073 3823 lsraeh
1092 3779 1186 3832 omitt.
1212 3781 1298 3838 liban.
1320 3784 1403 3840 Semi.
1431 3788 1539 3844 Oberth.
1563 3788 1586 3826 ¹¹³
1604 3789 1781 3856 Proposuiti

124 3868 158 3908 an
171 3861 199 3909 et
211 3852 256 3907 bic
270 3851 479 3908 eaetmuomr'tt.
495 3850 583 3906 liban.
600 3846 684 3904 Semi.
701 3844 724 3882 ¹⁹
738 3843 845 3899 Sensus
863 3834 947 3918 Septi·
963 3835 989 3874 ²⁰
1012 3838 1044 3893 Et
1058 3841 1137 3899 datus
1149 3854 1190 3902 est
1204 3852 1284 3907 nobis
1307 3851 1382 3908 iilius
1401 3860 1495 3914 omitt.
1511 3859 1596 3916 Serrai.
1621 3861 1688 3917 dun,
1704 3860 1781 3916 21Ιιὶι

124 3926 252 3979 datusest
265 3922 344 3977 nobis
358 3920 424 3978 add.
441 3920 527 3978 Semi.
538 3919 562 3958 ²¹
573 3917 729 3989 lnjiciamus
744 3898 830 3970 Semi.
844 3912 1067 3980 conltctamusni.
1083 3913 1107 3951 ²¹
1117 3916 1196 3975 Panis
1211 3923 1294 3980 semp,
1312 3925 1336 3962 aa
1355 3926 1658 3998 psopmfflmcqasmp
1671 3932 1781 4004 φορά,

125 3992 301 4050 atrociaPur.
1017 4055 1022 4066 ‚

822 4054 1072 4117 Commentarius.

124 4161 337 4220 Christianorum
355 4160 452 4230 hostis,
474 4158 562 4217 crucis
580 4159 659 4232 siquo
677 4172 707 4213 se
725 4153 829 4212 munira
848 4153 922 4208 sole·
976 4150 1093 4238 brissei,
1115 4160 1238 4287 inpune
1255 4168 1295 4223 rel
1313 4170 1364 4225 sub
1383 4187 1467 4243 pune.
1490 4172 1584 4243 Neque
1607 4186 1671 4227 vero
1686 4170 1780 4227 obstat

125 4237 170 4291 bat
188 4242 281 4292 contra
300 4241 405 4303 spectra
424 4240 451 4289 et
470 4239 617 4289 nocturnos
640 4239 767 4311 terrores.
788 4225 817 4282 ld
843 4224 924 4307 refert
975 4228 1048 4295 quod
1067 4229 1113 4311 luc
1133 4234 1244 4313 aditur
1264 4255 1271 4293 :
1290 4260 1301 4289 a
1320 4242 1356 4298 Ut
1369 4253 1396 4298 er
1411 4244 1472 4298 hinc
1484 4243 1541 4312 jam
1561 4258 1621 4297 eum
1642 4242 1781 4315 inteiligas

124 4305 275 4379 Gregorius
292 4304 418 4361 Nazianz.
438 4311 506 4361 orat.
531 4308 556 4370 l,
573 4302 601 4358 in
613 4303 764 4371 Julianum3
784 4306 811 4356 ct
824 4296 922 4367 Corrp·
976 4312 1099 4369 corporis
1119 4319 1162 4358 sur
1186 4307 1299 4378 liguram
1322 4312 1385 4384 pani
1402 4314 1511 4369 dedisse
1528 4333 1539 4364 r
1557 4313 1608 4376 (sic
1622 4312 1693 4369 enim
1714 4313 1782 4386 legi-

125 4391 189 4450 μη,
212 4375 261 4444 fib,
279 4391 310 4444 rt,
331 4375 364 4431 (ιθ
386 4377 492 4432 rustino
511 4376 578 4448 imp,
596 4393 602 4430 ;
977 4383 1038 4423 mm
1053 4387 1085 4425 ex
1100 4372 1183 4431 Vatic.
1202 4382 1226 4443 2,
1248 4396 1297 4451 pro
1309 4399 1394 4453 pune,
1410 4385 1483 4456 quod
1498 4386 1582 4458 magis
1597 4384 1685 4454 placet
1698 4401 1781 4451 quam

156 4464 287 4527 Egreditur
303 4463 382 4514 euml
413 4478 496 4525 esua,
513 4465 671 4526 irontemque
684 4474 798 4512 serenam
845 4470 852 4479 ·

156 4528 281 4588 hrmavit,
300 4526 383 4576 sancti
435 4525 490 4575 iens
507 4528 636 4590 signacula
651 4525 722 4588 ligni.

127 4589 235 4646 Veteres
258 4590 321 4646 olim
351 4588 516 4645 Christianos
545 4590 698 4659 promiscue
728 4584 814 4667 dictos
842 4581 925 4637 luisse

72 4716 76 4725 ,
126 4661 299 4719 Christicolas
313 4670 341 4717 et
353 4660 500 4719 crucicolas
520 4663 555 4716 ob
577 4675 710 4717 summam
729 4671 817 4714 crucis
839 4669 925 4712 rene-

127 4733 260 4789 rationem
287 4733 365 4790 docet
386 4731 537 4788 adhelmus
560 4733 608 4789 lib.
631 4733 665 4790 de
689 4732 759 4800 Virq.
784 4743 844 4798 cap.
880 4728 924 4781 l‘l.

73 4839 80 4847 -
126 4804 163 4860 Le
184 4805 234 4861 Pr.

163 4876 220 4947 (aa)
230 4876 445 4948 Panerneorpus
459 4893 542 4932 snum
557 4870 800 4950 appellaremus
814 4869 926 4927 hisver-

127 4946 170 5000 bis
188 4946 363 5001 conllrmetnr
380 4946 478 5001 veritas
497 4950 618 5021 corporis
640 4944 747 5001 Domini
766 4943 794 4998 in
817 4942 925 5024 Eucha-

128 5017 204 5072 ristia
225 5017 314 5141 qjuxta
333 5018 414 5072 rerba
435 5018 668 5090 Evangelistarum
687 5026 715 5073 et
737 5017 767 5071 B.
788 5014 875 5080 Pauli,
891 5011 925 5065 ad

127 5104 190 5160 quae
213 5088 308 5143 eludit
334 5087 446 5160 Auctor)
469 5106 522 5145 non
549 5106 599 5147 nos
627 5090 707 5145 modo
735 5126 793 5155 ....,
822 5085 869 5139 scd
898 5090 926 5137 et

127 5160 179 5230 ipsi
194 5160 441 5233 ltlagdeburgenses
458 5170 629 5229 annotarunt,
651 5163 701 5215 lroe
721 5159 782 5214 loco
798 5171 925 5236 compre·

128 5230 224 5286 hantes
251 5247 314 5286 vere
341 5242 368 5288 et
396 5233 604 5288 substantialiter
637 5246 736 5303 corpus
768 5229 865 5306 Christi
896 5242 924 5305 ¹.¹¹

128 5303 297 5359 Eucharistia
320 5303 459 5368 distribui,
485 5304 510 5357 in
535 5306 585 5359 hoc
608 5302 736 5356 dumtaxat
758 5297 924 5363 hallucinati,

127 5377 193 5430 dum
216 5375 288 5430 hunc
315 5373 404 5430 locum
426 5374 510 5428 citant
536 5373 574 5428 uti
601 5372 717 5441 probent
739 5384 837 5439 panem
863 5383 925 5423 cum

126 5461 242 5517 corpore
268 5444 377 5501 Domini
400 5458 551 5499 remanere.
577 5443 674 5498 lterum
694 5442 754 5499 id...
778 5439 925 5511 inipuqna-

127 5517 251 5575 rimus...
267 5515 309 5571 vel
325 5530 358 5571 eo
371 5515 432 5585 ipso
447 5515 527 5587 'quod
549 5513 636 5570 dicat:
653 5530 757 5587 partem
772 5527 926 5568 satrtrncor-

129 5605 182 5663 pua
205 5588 362 5661 appellans,
378 5594 424 5642 ant
439 5586 556 5657 taciens,
574 5600 636 5643 cnm
651 5586 751 5660 alioqui
766 5585 856 5642 dicare
876 5583 926 5640 de·

938 4427 961 4505 ss
978 4442 1131 4521 conjectura
1140 4448 1244 4518 Latinii,
1256 4455 1366 4524 corpori
1375 4473 1424 4513 reto
1431 4456 1555 4528 iiqurum
1564 4471 1637 4528 parte
1646 4455 1780 4526 dedssw),

979 4528 1086 4583 qma...
1115 4520 1313 4589 quodammodo
1337 4534 1363 4580 et
1394 4530 1494 4582 veritas
1524 4526 1645 4598 corporis
1667 4527 1769 4582 Christi

980 4590 1007 4638 et
1031 4585 1115 4665 ligura
1128 4597 1171 4669 est
1193 4591 1219 4645 in
1240 4594 1292 4649 hoc
1313 4608 1528 4653 sacramento...
1544 4596 1591 4652 llis
1613 4596 1682 4653 adde
1706 4613 1745 4722 qu

980 4669 1077 4713 merito
1090 4674 1149 4727 quis
1162 4661 1334 4730 addubitauit,
1350 4683 1413 4722 num
1428 4669 1500 4724 dieta
1513 4669 1604 4733 verba,
1617 4674 1650 4725 ut
1668 4673 1696 4725 et
1722 4671 1781 4726 rinc

975 4728 1052 4810 jam,
1064 4737 1126 4795 etc..
1143 4747 1272 4804 germana
1290 4737 1344 4791 sint
1357 4739 1482 4796 Auctoris
1505 4756 1599 4808 necne,
1615 4747 1661 4794 aut
1684 4741 1779 4796 saltem

980 4812 1081 4881 omnia,
1104 4817 1136 4856 eo
1161 4805 1233 4873 quod
1256 4821 1338 4879 supra
1359 4809 1427 4865 libro
1451 4810 1514 4869 adu.
1536 4811 1613 4879 tan,
1641 4826 1733 4882 neque
1754 4813 1781 4866 iu

979 4884 1086 4925 excusis
1100 4872 1232 4945 legantur,
1243 4892 1331 4949 neque
1345 4879 1371 4934 in
1386 4896 1437 4936 ms.
1454 4882 1601 4939 codicibus.
1619 4883 1687 4937 Phra.

998 4943 1070 5024 ‚(53)
1086 4945 1233 5003 Vicesimus
1240 4950 1352 5020 primus
1363 4953 1491 5024 protritus
1503 4956 1591 5009 totum
1605 4954 1783 5012 Christianu-

980 5015 1072 5071 tenens
1089 5033 1164 5088 pass.
1189 5018 1315 5074 Similiter
1336 5022 1508 5079 brustinus
1530 5025 1635 5081 advers.
1655 5024 1784 5097 Trypho-

977 5088 1206 5157 aemulatum,
1230 5090 1327 5163 inquit,
1343 5110 1395 5150 non
1415 5097 1441 5150 in
1461 5096 1597 5151 Christum
1619 5105 1781 5169 conceptum

979 5171 1041 5213 esse
1065 5159 1134 5229 aitis,
1151 5162 1324 5219 caecutientes
1342 5181 1463 5236 prorsus,
1487 5182 1575 5238 neque
1588 5166 1781 5237 intelligentes,

978 5231 1111 5310 neminem
1137 5233 1165 5287 in
1188 5239 1268 5303 gente
1298 5247 1397 5309 vestra,
1427 5239 1472 5308 qni
1499 5253 1619 5309 unquam
1638 5237 1695 5293 ilex
1724 5240 1784 5296 sive

980 5300 1102 5358 Christus
1121 5304 1154 5358 sit
1182 5305 1277 5375 dictus,
1304 5324 1398 5365 manus
1424 5316 1451 5364 et
1475 5310 1558 5379 pedes
1586 5325 1649 5366 cum
1677 5309 1784 5366 vireret

980 5372 1139 5442 perfossum,
1157 5393 1246 5448 neque
1261 5395 1309 5450 per
1324 5379 1480 5451 mysterium
1496 5383 1550 5438 hoc
1565 5391 1712 5447 mortuum,
1731 5383 1782 5439 hoc

979 5454 1018 5499 est
1032 5446 1059 5500 in
1074 5463 1151 5504 cruce
1169 5465 1328 5519 suspensum
1352 5468 1423 5520 esse,
1445 5461 1519 5508 extra
1538 5454 1611 5508 hunc
1625 5453 1712 5508 solum
1728 5453 1779 5508 ie·

979 5533 1066 5574 sum.»
1083 5517 1141 5586 Qua
1154 5521 1292 5578 occasione
1306 5521 1429 5592 proinde,
1446 5523 1626 5594 pulcherrime
1640 5522 1711 5581 Psal.
1733 5536 1780 5581 xxi

979 5588 1114 5663 integrum
1139 5592 1328 5664 interpretatur
1346 5602 1372 5648 et
1389 5594 1528 5652 latissime.
1545 5595 1615 5651 Patr.
