<?xml version="1.0" encoding="UTF-8"?>
<!DOCTYPE html PUBLIC "-//W3C//DTD XHTML 1.0 Transitional//EN"
    "http://www.w3.org/TR/xhtml1/DTD/xhtml1-transitional.dtd">
<html xmlns="http://www.w3.org/1999/xhtml" xml:lang="en" lang="en">
 <head>
  <title>
</title>
<meta http-equiv="Content-Type" content="text/html;charset=utf-8" />
  <meta name='ocr-system' content='tesseract 3.04.00' />
  <meta name='ocr-capabilities' content='ocr_page ocr_carea ocr_par ocr_line ocrx_word'/>
</head>
<body>
  <div class='ocr_page' id='page_1' title='image "./patrologiaecurs51unkngoog/patrologiaecurs51unkngoog_0172.png"; bbox 0 0 3840 6134; ppageno 0'>
   <div class='ocr_carea' id='block_1_1' title="bbox 123 300 1781 374">
    <p class='ocr_par' dir='ltr' id='par_1_1' title="bbox 123 300 1781 374">
     <span class='ocr_line' id='line_1_1' title="bbox 123 300 1781 374; baseline 0.011 -19"><span class='ocrx_word' id='word_1_1' title='bbox 123 307 180 370; x_wconf 64' lang='lat' dir='ltr'>m</span> <span class='ocrx_word' id='word_1_2' title='bbox 737 301 801 363; x_wconf 80' lang='lat' dir='ltr'>tto.</span> <span class='ocrx_word' id='word_1_3' title='bbox 822 301 845 361; x_wconf 96' lang='lat' dir='ltr'>ll</span> <span class='ocrx_word' id='word_1_4' title='bbox 865 300 944 362; x_wconf 86' lang='lat' dir='ltr'>tull.</span> <span class='ocrx_word' id='word_1_5' title='bbox 963 303 1172 366; x_wconf 74' lang='lat' dir='ltr'>MARCIONEM.</span> <span class='ocrx_word' id='word_1_6' title='bbox 1729 313 1781 374; x_wconf 79' lang='lat' dir='ltr'>sat</span> 
     </span>
    </p>
   </div>
   <div class='ocr_carea' id='block_1_2' title="bbox 121 429 1786 868">
    <p class='ocr_par' dir='ltr' id='par_1_2' title="bbox 121 429 1786 868">
     <span class='ocr_line' id='line_1_2' title="bbox 121 429 1784 522; baseline 0.004 -35"><span class='ocrx_word' id='word_1_7' title='bbox 121 432 248 508; x_wconf 76' lang='lat' dir='ltr'>popalus</span> <span class='ocrx_word' id='word_1_8' title='bbox 268 435 296 488; x_wconf 86' lang='lat' dir='ltr'>et</span> <span class='ocrx_word' id='word_1_9' title='bbox 320 431 436 495; x_wconf 84' lang='lat' dir='ltr'>diderat,</span> <span class='ocrx_word' id='word_1_10' title='bbox 462 433 491 486; x_wconf 89' lang='lat' dir='ltr'>et</span> <span class='ocrx_word' id='word_1_11' title='bbox 517 432 687 487; x_wconf 68' lang='lat' dir='ltr'><strong><em>surrexerat</em></strong></span> <span class='ocrx_word' id='word_1_12' title='bbox 711 429 809 486; x_wconf 86' lang='lat' dir='ltr'>ludere</span> <span class='ocrx_word' id='word_1_13' title='bbox 832 429 933 500; x_wconf 79' lang='lat' dir='ltr'>(and.</span> <span class='ocrx_word' id='word_1_14' title='bbox 950 443 973 522; x_wconf 58' lang='lat' dir='ltr'>fl</span> <span class='ocrx_word' id='word_1_15' title='bbox 988 433 1131 502; x_wconf 79' lang='lat' dir='ltr'>praesenti,</span> <span class='ocrx_word' id='word_1_16' title='bbox 1146 431 1168 488; x_wconf 90' lang='lat' dir='ltr'>si</span> <span class='ocrx_word' id='word_1_17' title='bbox 1183 432 1341 504; x_wconf 88' lang='lat' dir='ltr'>simpliciter</span> <span class='ocrx_word' id='word_1_18' title='bbox 1355 434 1492 490; x_wconf 89' lang='lat' dir='ltr'>bominem</span> <span class='ocrx_word' id='word_1_19' title='bbox 1507 437 1564 493; x_wconf 86' lang='lat' dir='ltr'>Deo</span> <span class='ocrx_word' id='word_1_20' title='bbox 1583 436 1734 512; x_wconf 77' lang='lat' dir='ltr'>obligabat,</span> <span class='ocrx_word' id='word_1_21' title='bbox 1753 447 1784 497; x_wconf 92' lang='lat' dir='ltr'>ut</span> 
     </span>
     <span class='ocr_line' id='line_1_3' title="bbox 123 516 1784 599; baseline 0.004 -20"><span class='ocrx_word' id='word_1_22' title='bbox 123 535 224 590; x_wconf 82' lang='lat' dir='ltr'>mn,</span> <span class='ocrx_word' id='word_1_23' title='bbox 239 519 279 592; x_wconf 86' lang='grc'>6).</span> <span class='ocrx_word' id='word_1_24' title='bbox 296 518 468 585; x_wconf 87' lang='lat' dir='ltr'>Proinde,ut</span> <span class='ocrx_word' id='word_1_25' title='bbox 482 525 508 573; x_wconf 91' lang='lat' dir='ltr'>et</span> <span class='ocrx_word' id='word_1_26' title='bbox 522 519 643 590; x_wconf 84' lang='lat' dir='ltr'>pecuniae</span> <span class='ocrx_word' id='word_1_27' title='bbox 655 516 735 573; x_wconf 89' lang='lat' dir='ltr'>ardor</span> <span class='ocrx_word' id='word_1_28' title='bbox 749 518 935 591; x_wconf 82' lang='lat' dir='ltr'>restinguere·</span> <span class='ocrx_word' id='word_1_29' title='bbox 989 536 1068 576; x_wconf 92' lang='lat' dir='ltr'>nemo</span> <span class='ocrx_word' id='word_1_30' title='bbox 1091 537 1149 577; x_wconf 91' lang='lat' dir='ltr'>eam</span> <span class='ocrx_word' id='word_1_31' title='bbox 1175 521 1321 593; x_wconf 83' lang='lat' dir='ltr'>reprobare</span> <span class='ocrx_word' id='word_1_32' title='bbox 1343 522 1450 591; x_wconf 86' lang='lat' dir='ltr'>debeat,</span> <span class='ocrx_word' id='word_1_33' title='bbox 1476 525 1528 579; x_wconf 91' lang='lat' dir='ltr'>nisi</span> <span class='ocrx_word' id='word_1_34' title='bbox 1546 526 1590 582; x_wconf 90' lang='lat' dir='ltr'>cui</span> <span class='ocrx_word' id='word_1_35' title='bbox 1613 542 1666 584; x_wconf 90' lang='lat' dir='ltr'>non</span> <span class='ocrx_word' id='word_1_36' title='bbox 1698 528 1784 599; x_wconf 88' lang='lat' dir='ltr'>placet</span> 
     </span>
     <span class='ocr_line' id='line_1_4' title="bbox 125 606 1784 691; baseline 0.005 -25"><span class='ocrx_word' id='word_1_37' title='bbox 125 618 170 666; x_wconf 91' lang='lat' dir='ltr'>tur</span> <span class='ocrx_word' id='word_1_38' title='bbox 183 610 208 647; x_wconf 90' lang='lat'>⁹¹</span> <span class='ocrx_word' id='word_1_39' title='bbox 225 625 261 663; x_wconf 85' lang='lat' dir='ltr'>ex</span> <span class='ocrx_word' id='word_1_40' title='bbox 280 616 369 680; x_wconf 87' lang='lat' dir='ltr'>parte,</span> <span class='ocrx_word' id='word_1_41' title='bbox 389 623 445 678; x_wconf 91' lang='lat' dir='ltr'>qua</span> <span class='ocrx_word' id='word_1_42' title='bbox 466 606 501 662; x_wconf 90' lang='lat' dir='ltr'>de</span> <span class='ocrx_word' id='word_1_43' title='bbox 515 606 602 662; x_wconf 80' lang='lat' dir='ltr'>uictus</span> <span class='ocrx_word' id='word_1_44' title='bbox 617 606 777 662; x_wconf 72' lang='lat' dir='ltr'>neccessitate</span> <span class='ocrx_word' id='word_1_45' title='bbox 798 619 932 673; x_wconf 87' lang='lat' dir='ltr'>causatur,</span> <span class='ocrx_word' id='word_1_46' title='bbox 989 609 1047 666; x_wconf 88' lang='lat' dir='ltr'>Dec</span> <span class='ocrx_word' id='word_1_47' title='bbox 1070 611 1178 667; x_wconf 86' lang='lat' dir='ltr'>servire.</span> <span class='ocrx_word' id='word_1_48' title='bbox 1204 611 1245 665; x_wconf 81' lang='lat' dir='ltr'>nd</span> <span class='ocrx_word' id='word_1_49' title='bbox 1268 611 1320 667; x_wconf 84' lang='lat' dir='ltr'>nea</span> <span class='ocrx_word' id='word_1_50' title='bbox 1343 611 1516 679; x_wconf 88' lang='lat' dir='ltr'>beneticium,</span> <span class='ocrx_word' id='word_1_51' title='bbox 1540 630 1594 671; x_wconf 92' lang='lat' dir='ltr'>non</span> <span class='ocrx_word' id='word_1_52' title='bbox 1611 617 1691 684; x_wconf 71' lang='lat' dir='ltr'>[onus</span> <span class='ocrx_word' id='word_1_53' title='bbox 1714 616 1784 691; x_wconf 80' lang='lat' dir='ltr'>legis</span> 
     </span>
     <span class='ocr_line' id='line_1_5' title="bbox 125 696 1783 774; baseline 0.002 -16"><span class='ocrx_word' id='word_1_54' title='bbox 125 700 315 774; x_wconf 85' lang='lat' dir='ltr'>pretiosorum</span> <span class='ocrx_word' id='word_1_55' title='bbox 347 698 470 755; x_wconf 89' lang='lat' dir='ltr'>ciborum</span> <span class='ocrx_word' id='word_1_56' title='bbox 503 697 615 753; x_wconf 86' lang='lat' dir='ltr'>amlitio</span> <span class='ocrx_word' id='word_1_57' title='bbox 638 696 757 753; x_wconf 84' lang='lat' dir='ltr'>detracta</span> <span class='ocrx_word' id='word_1_58' title='bbox 789 704 830 753; x_wconf 88' lang='lat' dir='ltr'>est</span> <span class='ocrx_word' id='word_1_59' title='bbox 853 716 859 751; x_wconf 92' lang='lat'>:</span> <span class='ocrx_word' id='word_1_60' title='bbox 885 715 934 768; x_wconf 91' lang='lat' dir='ltr'>po·</span> <span class='ocrx_word' id='word_1_61' title='bbox 988 698 1188 767; x_wconf 77' lang='lat' dir='ltr'>adJuvandum,</span> <span class='ocrx_word' id='word_1_62' title='bbox 1213 699 1292 754; x_wconf 89' lang='lat' dir='ltr'>ctiam</span> <span class='ocrx_word' id='word_1_63' title='bbox 1316 703 1461 772; x_wconf 86' lang='lat' dir='ltr'>prophetas</span> <span class='ocrx_word' id='word_1_64' title='bbox 1481 701 1573 758; x_wconf 90' lang='lat' dir='ltr'>eadem</span> <span class='ocrx_word' id='word_1_65' title='bbox 1597 704 1704 760; x_wconf 86' lang='lat' dir='ltr'>bonitas</span> <span class='ocrx_word' id='word_1_66' title='bbox 1733 709 1783 762; x_wconf 88' lang='lat' dir='ltr'>Dei</span> 
     </span>
     <span class='ocr_line' id='line_1_6' title="bbox 129 785 1786 868; baseline 0.004 -21"><span class='ocrx_word' id='word_1_67' title='bbox 129 798 246 855; x_wconf 72' lang='lat' dir='ltr'>suenum</span> <span class='ocrx_word' id='word_1_68' title='bbox 272 795 302 844; x_wconf 93' lang='lat' dir='ltr'>ut</span> <span class='ocrx_word' id='word_1_69' title='bbox 320 786 425 842; x_wconf 80' lang='lat' dir='ltr'>taedius</span> <span class='ocrx_word' id='word_1_70' title='bbox 449 788 533 842; x_wconf 92' lang='lat' dir='ltr'>homo</span> <span class='ocrx_word' id='word_1_71' title='bbox 548 785 583 840; x_wconf 88' lang='lat' dir='ltr'>ud</span> <span class='ocrx_word' id='word_1_72' title='bbox 602 786 781 856; x_wconf 85' lang='lat' dir='ltr'>jejunandum</span> <span class='ocrx_word' id='word_1_73' title='bbox 795 789 852 843; x_wconf 87' lang='lat' dir='ltr'>Deo</span> <span class='ocrx_word' id='word_1_74' title='bbox 875 788 933 844; x_wconf 85' lang='lat' dir='ltr'>lor·</span> <span class='ocrx_word' id='word_1_75' title='bbox 988 788 1134 859; x_wconf 86' lang='lat' dir='ltr'>ordinavit,</span> <span class='ocrx_word' id='word_1_76' title='bbox 1145 791 1273 847; x_wconf 79' lang='lat' dir='ltr'><strong>docentes</strong></span> <span class='ocrx_word' id='word_1_77' title='bbox 1288 790 1440 863; x_wconf 77' lang='lat' dir='ltr'>[teodigna</span> <span class='ocrx_word' id='word_1_78' title='bbox 1452 810 1459 846; x_wconf 90' lang='lat'>:</span> <span class='ocrx_word' id='word_1_79' title='bbox 1471 794 1786 868; x_wconf 74' lang='lat' dir='ltr'>Auferreaeqaitiasde</span> 
     </span>
    </p>
   </div>
   <div class='ocr_carea' id='block_1_3' title="bbox 128 874 1904 3543">
    <p class='ocr_par' dir='ltr' id='par_1_3' title="bbox 128 874 1904 3543">
     <span class='ocr_line' id='line_1_7' title="bbox 131 874 1787 958; baseline 0.003 -20"><span class='ocrx_word' id='word_1_80' title='bbox 131 889 265 947; x_wconf 74' lang='lat' dir='ltr'>ametur,</span> <span class='ocrx_word' id='word_1_81' title='bbox 296 876 390 949; x_wconf 85' lang='lat' dir='ltr'>paucis</span> <span class='ocrx_word' id='word_1_82' title='bbox 416 884 443 932; x_wconf 88' lang='lat' dir='ltr'>ct</span> <span class='ocrx_word' id='word_1_83' title='bbox 471 891 526 931; x_wconf 91' lang='lat' dir='ltr'>non</span> <span class='ocrx_word' id='word_1_84' title='bbox 545 874 674 948; x_wconf 80' lang='lat' dir='ltr'>gloriosis</span> <span class='ocrx_word' id='word_1_85' title='bbox 707 875 778 933; x_wconf 88' lang='lat' dir='ltr'>oscis</span> <span class='ocrx_word' id='word_1_86' title='bbox 810 876 932 933; x_wconf 81' lang='lat' dir='ltr'>assueta·</span> <span class='ocrx_word' id='word_1_87' title='bbox 987 879 1086 936; x_wconf 87' lang='lat' dir='ltr'>anima</span> <span class='ocrx_word' id='word_1_88' title='bbox 1100 881 1158 951; x_wconf 79' lang='lat' dir='ltr'>(st)</span> <span class='ocrx_word' id='word_1_89' title='bbox 1174 881 1280 939; x_wconf 77' lang='lat' dir='ltr'><strong><em>discere</em></strong></span> <span class='ocrx_word' id='word_1_90' title='bbox 1295 881 1468 953; x_wconf 74' lang='lat' dir='ltr'>benefacere,</span> <span class='ocrx_word' id='word_1_91' title='bbox 1479 885 1631 958; x_wconf 79' lang='lat' dir='ltr'>exquirere</span> <span class='ocrx_word' id='word_1_92' title='bbox 1638 887 1787 958; x_wconf 82' lang='lat' dir='ltr'>judiciam</span> 
     </span>
     <span class='ocr_line' id='line_1_8' title="bbox 132 965 1788 1050; baseline 0.004 -24"><span class='ocrx_word' id='word_1_93' title='bbox 132 979 192 1026; x_wconf 86' lang='lat' dir='ltr'>otus</span> <span class='ocrx_word' id='word_1_94' title='bbox 208 968 278 1039; x_wconf 79' lang='grc'>(51),</span> <span class='ocrx_word' id='word_1_95' title='bbox 294 975 322 1022; x_wconf 90' lang='lat' dir='ltr'>et</span> <span class='ocrx_word' id='word_1_96' title='bbox 338 965 403 1020; x_wconf 77' lang='lat' dir='ltr'>nillil</span> <span class='ocrx_word' id='word_1_97' title='bbox 417 965 451 1020; x_wconf 89' lang='lat' dir='ltr'>dc</span> <span class='ocrx_word' id='word_1_98' title='bbox 465 965 623 1021; x_wconf 75' lang='lat' dir='ltr'>lautioribus</span> <span class='ocrx_word' id='word_1_99' title='bbox 642 966 801 1020; x_wconf 76' lang='lat' dir='ltr'>esuriturus.</span> <span class='ocrx_word' id='word_1_100' title='bbox 827 967 932 1038; x_wconf 83' lang='lat' dir='ltr'>llcprc-</span> <span class='ocrx_word' id='word_1_101' title='bbox 988 968 1057 1038; x_wconf 80' lang='grc'>(55),</span> <span class='ocrx_word' id='word_1_102' title='bbox 1062 969 1194 1040; x_wconf 87' lang='lat' dir='ltr'>judicare</span> <span class='ocrx_word' id='word_1_103' title='bbox 1202 971 1310 1044; x_wconf 91' lang='lat' dir='ltr'>papilla</span> <span class='ocrx_word' id='word_1_104' title='bbox 1320 976 1348 1027; x_wconf 89' lang='lat' dir='ltr'>et</span> <span class='ocrx_word' id='word_1_105' title='bbox 1353 973 1515 1045; x_wconf 80' lang='lat' dir='ltr'>justificare</span> <span class='ocrx_word' id='word_1_106' title='bbox 1528 975 1657 1042; x_wconf 84' lang='lat' dir='ltr'>uiduam,</span> <span class='ocrx_word' id='word_1_107' title='bbox 1666 974 1788 1050; x_wconf 81' lang='lat' dir='ltr'>diripere</span> 
     </span>
     <span class='ocr_line' id='line_1_9' title="bbox 128 1054 1787 1136; baseline 0.003 -19"><span class='ocrx_word' id='word_1_108' title='bbox 128 1056 296 1117; x_wconf 81' lang='lat' dir='ltr'>hendendus</span> <span class='ocrx_word' id='word_1_109' title='bbox 311 1070 378 1110; x_wconf 87' lang='lat' dir='ltr'>sane</span> <span class='ocrx_word' id='word_1_110' title='bbox 396 1054 519 1120; x_wconf 77' lang='lat' dir='ltr'>Creator,</span> <span class='ocrx_word' id='word_1_111' title='bbox 536 1054 610 1125; x_wconf 86' lang='lat' dir='ltr'>quod</span> <span class='ocrx_word' id='word_1_112' title='bbox 629 1054 705 1110; x_wconf 91' lang='lat' dir='ltr'>cibos</span> <span class='ocrx_word' id='word_1_113' title='bbox 720 1055 810 1126; x_wconf 88' lang='lat' dir='ltr'>potins</span> <span class='ocrx_word' id='word_1_114' title='bbox 831 1056 934 1127; x_wconf 90' lang='lat' dir='ltr'>populo</span> <span class='ocrx_word' id='word_1_115' title='bbox 987 1059 1203 1132; x_wconf 69' lang='lat' dir='ltr'>⁹⁹praecationes,</span> <span class='ocrx_word' id='word_1_116' title='bbox 1214 1063 1721 1135; x_wconf 77' lang='lat' dir='ltr'>supcre⁹⁵improborumcontactam</span> <span class='ocrx_word' id='word_1_117' title='bbox 1732 1067 1787 1136; x_wconf 80' lang='lat'><strong>(56)</strong></span> 
     </span>
     <span class='ocr_line' id='line_1_10' title="bbox 130 1143 1789 1228; baseline 0.002 -21"><span class='ocrx_word' id='word_1_118' title='bbox 130 1145 309 1222; x_wconf 73' lang='lat' dir='ltr'>suoabstulit</span> <span class='ocrx_word' id='word_1_119' title='bbox 324 1160 405 1218; x_wconf 87' lang='lat' dir='ltr'>qnam</span> <span class='ocrx_word' id='word_1_120' title='bbox 431 1143 625 1215; x_wconf 80' lang='lat' dir='ltr'>ingratioribus</span> <span class='ocrx_word' id='word_1_121' title='bbox 649 1143 821 1202; x_wconf 78' lang='lat' dir='ltr'><strong>Marcionitis.</strong></span> <span class='ocrx_word' id='word_1_122' title='bbox 844 1144 934 1200; x_wconf 82' lang='lat' dir='ltr'>Sacri·</span> <span class='ocrx_word' id='word_1_123' title='bbox 988 1147 1135 1206; x_wconf 84' lang='lat' dir='ltr'>dimittere</span> <span class='ocrx_word' id='word_1_124' title='bbox 1149 1151 1345 1219; x_wconf 74' lang='lat' dir='ltr'>condictam⁹⁶</span> <span class='ocrx_word' id='word_1_125' title='bbox 1360 1153 1391 1207; x_wconf 85' lang='lat' dir='ltr'>ia</span> <span class='ocrx_word' id='word_1_126' title='bbox 1410 1155 1554 1225; x_wconf 82' lang='lat' dir='ltr'>intepram</span> <span class='ocrx_word' id='word_1_127' title='bbox 1565 1155 1632 1225; x_wconf 78' lang='lat' dir='ltr'>(ot),</span> <span class='ocrx_word' id='word_1_128' title='bbox 1648 1155 1789 1228; x_wconf 86' lang='lat' dir='ltr'>dissipare</span> 
     </span>
     <span class='ocr_line' id='line_1_11' title="bbox 132 1233 1789 1316; baseline 0.002 -19"><span class='ocrx_word' id='word_1_129' title='bbox 132 1238 257 1297; x_wconf 66' lang='lat' dir='ltr'>&amp;iorum</span> <span class='ocrx_word' id='word_1_130' title='bbox 272 1251 384 1307; x_wconf 83' lang='lat' dir='ltr'>quoque</span> <span class='ocrx_word' id='word_1_131' title='bbox 398 1233 558 1306; x_wconf 57' lang='lat' dir='ltr'>operarii),</span> <span class='ocrx_word' id='word_1_132' title='bbox 571 1240 598 1287; x_wconf 93' lang='lat' dir='ltr'>et</span> <span class='ocrx_word' id='word_1_133' title='bbox 611 1233 808 1304; x_wconf 76' lang='lat' dir='ltr'>operationum,</span> <span class='ocrx_word' id='word_1_134' title='bbox 825 1243 851 1289; x_wconf 91' lang='lat' dir='ltr'>et</span> <span class='ocrx_word' id='word_1_135' title='bbox 865 1233 936 1290; x_wconf 88' lang='lat' dir='ltr'>obla·</span> <span class='ocrx_word' id='word_1_136' title='bbox 988 1239 1164 1309; x_wconf 85' lang='lat' dir='ltr'>scripturam</span> <span class='ocrx_word' id='word_1_137' title='bbox 1185 1241 1326 1309; x_wconf 83' lang='lat' dir='ltr'>injustam</span> <span class='ocrx_word' id='word_1_138' title='bbox 1349 1241 1392 1306; x_wconf 69' lang='lat'>⁹7,</span> <span class='ocrx_word' id='word_1_139' title='bbox 1416 1244 1575 1314; x_wconf 72' lang='lat' dir='ltr'>infriapere</span> <span class='ocrx_word' id='word_1_140' title='bbox 1593 1260 1698 1316; x_wconf 85' lang='lat' dir='ltr'>panem</span> <span class='ocrx_word' id='word_1_141' title='bbox 1722 1261 1789 1302; x_wconf 85' lang='lat' dir='ltr'>esa·</span> 
     </span>
     <span class='ocr_line' id='line_1_12' title="bbox 132 1324 1792 1400; baseline 0.002 -14"><span class='ocrx_word' id='word_1_142' title='bbox 132 1330 237 1387; x_wconf 61' lang='lat' dir='ltr'>Qum</span> <span class='ocrx_word' id='word_1_143' title='bbox 252 1327 413 1400; x_wconf 79' lang='lat' dir='ltr'>negotiosas</span> <span class='ocrx_word' id='word_1_144' title='bbox 432 1324 656 1394; x_wconf 76' lang='lat' dir='ltr'>scrupulositates</span> <span class='ocrx_word' id='word_1_145' title='bbox 679 1338 758 1378; x_wconf 88' lang='lat' dir='ltr'>nemo</span> <span class='ocrx_word' id='word_1_146' title='bbox 783 1325 935 1393; x_wconf 78' lang='lat' dir='ltr'>reprelien-</span> <span class='ocrx_word' id='word_1_147' title='bbox 989 1327 1124 1391; x_wconf 87' lang='lat' dir='ltr'>rieati‚et</span> <span class='ocrx_word' id='word_1_148' title='bbox 1136 1329 1470 1387; x_wconf 82' lang='lat' dir='ltr'>tectumuonbalrentem</span> <span class='ocrx_word' id='word_1_149' title='bbox 1488 1332 1792 1390; x_wconf 87' lang='lat' dir='ltr'>inducereiadomam</span> 
     </span>
     <span class='ocr_line' id='line_1_13' title="bbox 135 1411 1793 1490; baseline 0.005 -17"><span class='ocrx_word' id='word_1_150' title='bbox 135 1419 188 1487; x_wconf 77' lang='lat' dir='ltr'>dut,</span> <span class='ocrx_word' id='word_1_151' title='bbox 208 1419 294 1490; x_wconf 86' lang='lat' dir='ltr'>quasi</span> <span class='ocrx_word' id='word_1_152' title='bbox 310 1417 384 1471; x_wconf 86' lang='lat' dir='ltr'>Deus</span> <span class='ocrx_word' id='word_1_153' title='bbox 400 1415 462 1471; x_wconf 89' lang='lat' dir='ltr'>talia</span> <span class='ocrx_word' id='word_1_154' title='bbox 476 1413 529 1468; x_wconf 84' lang='lat' dir='ltr'>sibi</span> <span class='ocrx_word' id='word_1_155' title='bbox 544 1411 651 1484; x_wconf 89' lang='lat' dir='ltr'>proprie</span> <span class='ocrx_word' id='word_1_156' title='bbox 667 1411 871 1479; x_wconf 78' lang='lat' dir='ltr'>desideraverit,</span> <span class='ocrx_word' id='word_1_157' title='bbox 889 1414 934 1486; x_wconf 89' lang='lat' dir='ltr'>qui</span> <span class='ocrx_word' id='word_1_158' title='bbox 991 1418 1089 1482; x_wconf 85' lang='lat' dir='ltr'>taam,·</span> <span class='ocrx_word' id='word_1_159' title='bbox 1099 1416 1245 1474; x_wconf 84' lang='lat' dir='ltr'>aadurnsi</span> <span class='ocrx_word' id='word_1_160' title='bbox 1259 1419 1372 1483; x_wconf 86' lang='lat' dir='ltr'>uideris,</span> <span class='ocrx_word' id='word_1_161' title='bbox 1383 1424 1566 1490; x_wconf 84' lang='lat' dir='ltr'>conteperect</span> <span class='ocrx_word' id='word_1_162' title='bbox 1576 1420 1793 1481; x_wconf 81' lang='lat' dir='ltr'>domesticasse·</span> 
     </span>
     <span class='ocr_line' id='line_1_14' title="bbox 136 1502 1792 1585; baseline -0.001 -19"><span class='ocrx_word' id='word_1_163' title='bbox 136 1518 184 1566; x_wconf 81' lang='lat' dir='ltr'>tam</span> <span class='ocrx_word' id='word_1_164' title='bbox 200 1506 351 1563; x_wconf 79' lang='lat' dir='ltr'>inaniieste</span> <span class='ocrx_word' id='word_1_165' title='bbox 369 1504 525 1562; x_wconf 82' lang='lat' dir='ltr'>exclamat:</span> <span class='ocrx_word' id='word_1_166' title='bbox 550 1504 605 1572; x_wconf 83' lang='lat' dir='ltr'>Qua</span> <span class='ocrx_word' id='word_1_167' title='bbox 624 1502 697 1558; x_wconf 80' lang='lat' dir='ltr'>mila</span> <span class='ocrx_word' id='word_1_168' title='bbox 714 1503 935 1562; x_wconf 76' lang='lat' dir='ltr'>multitudinem</span> <span class='ocrx_word' id='word_1_169' title='bbox 988 1504 1076 1558; x_wconf 86' lang='lat' dir='ltr'>minis</span> <span class='ocrx_word' id='word_1_170' title='bbox 1093 1505 1139 1561; x_wconf 86' lang='lat' dir='ltr'>tui</span> <span class='ocrx_word' id='word_1_171' title='bbox 1161 1521 1219 1562; x_wconf 88' lang='lat' dir='ltr'>aaa</span> <span class='ocrx_word' id='word_1_172' title='bbox 1233 1505 1376 1576; x_wconf 77' lang='lat' dir='ltr'>despicere</span> <span class='ocrx_word' id='word_1_173' title='bbox 1391 1507 1458 1575; x_wconf 87' lang='lat' dir='ltr'>(lsa.</span> <span class='ocrx_word' id='word_1_174' title='bbox 1479 1523 1499 1572; x_wconf 89' lang='lat'>1,</span> <span class='ocrx_word' id='word_1_175' title='bbox 1521 1509 1574 1576; x_wconf 71' lang='lat' dir='ltr'>tt,</span> <span class='ocrx_word' id='word_1_176' title='bbox 1600 1525 1681 1576; x_wconf 82' lang='lat' dir='ltr'>artur,</span> <span class='ocrx_word' id='word_1_177' title='bbox 1703 1512 1729 1576; x_wconf 82' lang='grc'>6,</span> <span class='ocrx_word' id='word_1_178' title='bbox 1747 1513 1792 1585; x_wconf 82' lang='grc'>7);</span> 
     </span>
     <span class='ocr_line' id='line_1_15' title="bbox 138 1591 1795 1670; baseline 0.002 -23"><span class='ocrx_word' id='word_1_179' title='bbox 138 1597 350 1666; x_wconf 66' lang='lat' dir='ltr'>mmfirioram</span> <span class='ocrx_word' id='word_1_180' title='bbox 373 1591 554 1654; x_wconf 79' lang='lat' dir='ltr'>vestrorum?</span> <span class='ocrx_word' id='word_1_181' title='bbox 572 1594 608 1648; x_wconf 78' lang='lat' dir='ltr'>ut</span> <span class='ocrx_word' id='word_1_182' title='bbox 629 1593 689 1665; x_wconf 84' lang='lat' dir='ltr'>pais</span> <span class='ocrx_word' id='word_1_183' title='bbox 711 1594 865 1664; x_wconf 80' lang='lat' dir='ltr'>eapuisiuit</span> <span class='ocrx_word' id='word_1_184' title='bbox 884 1599 940 1656; x_wconf 74' lang='lat' dir='ltr'>ista</span> <span class='ocrx_word' id='word_1_185' title='bbox 995 1608 1168 1662; x_wconf 83' lang='lat' dir='ltr'>corapescere</span> <span class='ocrx_word' id='word_1_186' title='bbox 1183 1595 1311 1665; x_wconf 75' lang='lat' dir='ltr'>linquam</span> <span class='ocrx_word' id='word_1_187' title='bbox 1325 1612 1342 1649; x_wconf 91' lang='lat' dir='ltr'>a</span> <span class='ocrx_word' id='word_1_188' title='bbox 1356 1596 1443 1659; x_wconf 92' lang='lat' dir='ltr'>malo,</span> <span class='ocrx_word' id='word_1_189' title='bbox 1458 1601 1486 1652; x_wconf 89' lang='lat' dir='ltr'>et</span> <span class='ocrx_word' id='word_1_190' title='bbox 1502 1596 1577 1651; x_wconf 89' lang='lat' dir='ltr'>labia</span> <span class='ocrx_word' id='word_1_191' title='bbox 1591 1612 1626 1653; x_wconf 90' lang='lat' dir='ltr'>ne</span> <span class='ocrx_word' id='word_1_192' title='bbox 1642 1598 1795 1670; x_wconf 75' lang='lat' dir='ltr'>manantur</span> 
     </span>
     <span class='ocr_line' id='line_1_16' title="bbox 140 1679 1794 1757; baseline -0.002 -13"><span class='ocrx_word' id='word_1_193' title='bbox 140 1687 168 1744; x_wconf 82' lang='lat' dir='ltr'>de</span> <span class='ocrx_word' id='word_1_194' title='bbox 186 1685 323 1742; x_wconf 76' lang='lat' dir='ltr'>mattas</span> <span class='ocrx_word' id='word_1_195' title='bbox 347 1685 447 1740; x_wconf 79' lang='lat' dir='ltr'>uestris</span> <span class='ocrx_word' id='word_1_196' title='bbox 471 1683 636 1752; x_wconf 87' lang='lat' dir='ltr'>(lsa.1,ll,</span> <span class='ocrx_word' id='word_1_197' title='bbox 654 1683 698 1750; x_wconf 75' lang='lat' dir='ltr'>lt)</span> <span class='ocrx_word' id='word_1_198' title='bbox 710 1681 724 1736; x_wconf 80' lang='lat' dir='ltr'>t</span> <span class='ocrx_word' id='word_1_199' title='bbox 738 1683 787 1737; x_wconf 90' lang='lat' dir='ltr'>sed</span> <span class='ocrx_word' id='word_1_200' title='bbox 801 1683 873 1741; x_wconf 79' lang='lat' dir='ltr'>ittam</span> <span class='ocrx_word' id='word_1_201' title='bbox 890 1688 938 1744; x_wconf 71' lang='lat' dir='ltr'>Dei</span> <span class='ocrx_word' id='word_1_202' title='bbox 996 1679 1110 1746; x_wconf 69' lang='lat' dir='ltr'>dolorm</span> <span class='ocrx_word' id='word_1_203' title='bbox 1125 1679 1268 1738; x_wconf 86' lang='lat' dir='ltr'>declinare</span> <span class='ocrx_word' id='word_1_204' title='bbox 1281 1699 1299 1737; x_wconf 93' lang='lat' dir='ltr'>a</span> <span class='ocrx_word' id='word_1_205' title='bbox 1313 1683 1400 1748; x_wconf 88' lang='lat' dir='ltr'>malo,</span> <span class='ocrx_word' id='word_1_206' title='bbox 1416 1686 1445 1739; x_wconf 91' lang='lat' dir='ltr'>et</span> <span class='ocrx_word' id='word_1_207' title='bbox 1466 1686 1560 1753; x_wconf 78' lang='lat' dir='ltr'>secere</span> <span class='ocrx_word' id='word_1_208' title='bbox 1579 1685 1699 1752; x_wconf 65' lang='lat' dir='ltr'>bonarum</span> <span class='ocrx_word' id='word_1_209' title='bbox 1716 1702 1794 1757; x_wconf 79' lang='lat' dir='ltr'>aaa·</span> 
     </span>
     <span class='ocr_line' id='line_1_17' title="bbox 141 1733 1794 1843; baseline -0.002 -11"><span class='ocrx_word' id='word_1_210' title='bbox 141 1776 301 1832; x_wconf 85' lang='lat' dir='ltr'>iudustriam</span> <span class='ocrx_word' id='word_1_211' title='bbox 316 1772 427 1838; x_wconf 88' lang='lat' dir='ltr'>sentiat,</span> <span class='ocrx_word' id='word_1_212' title='bbox 443 1787 496 1843; x_wconf 88' lang='lat' dir='ltr'>qua</span> <span class='ocrx_word' id='word_1_213' title='bbox 521 1769 663 1842; x_wconf 90' lang='lat' dir='ltr'>populum,</span> <span class='ocrx_word' id='word_1_214' title='bbox 679 1785 794 1841; x_wconf 91' lang='lat' dir='ltr'>pronum</span> <span class='ocrx_word' id='word_1_215' title='bbox 810 1773 835 1828; x_wconf 93' lang='lat' dir='ltr'>in</span> <span class='ocrx_word' id='word_1_216' title='bbox 856 1776 939 1835; x_wconf 91' lang='lat' dir='ltr'>idolo·</span> <span class='ocrx_word' id='word_1_217' title='bbox 960 1733 982 1811; x_wconf 73' lang='grc' dir='ltr'><strong>Β</strong></span> <span class='ocrx_word' id='word_1_218' title='bbox 998 1785 1060 1827; x_wconf 90' lang='lat' dir='ltr'>rere</span> <span class='ocrx_word' id='word_1_219' title='bbox 1072 1786 1181 1842; x_wconf 88' lang='lat' dir='ltr'>pacem,</span> <span class='ocrx_word' id='word_1_220' title='bbox 1196 1774 1224 1826; x_wconf 89' lang='lat' dir='ltr'>et</span> <span class='ocrx_word' id='word_1_221' title='bbox 1239 1771 1344 1827; x_wconf 86' lang='lat' dir='ltr'>sectari</span> <span class='ocrx_word' id='word_1_222' title='bbox 1366 1787 1427 1827; x_wconf 87' lang='lat' dir='ltr'>earn</span> <span class='ocrx_word' id='word_1_223' title='bbox 1441 1771 1527 1840; x_wconf 88' lang='lat' dir='ltr'>(Psal.</span> <span class='ocrx_word' id='word_1_224' title='bbox 1544 1788 1650 1843; x_wconf 83' lang='grc' dir='ltr'>χχχιιι,</span> <span class='ocrx_word' id='word_1_225' title='bbox 1677 1775 1719 1841; x_wconf 83' lang='lat' dir='ltr'>tt,</span> <span class='ocrx_word' id='word_1_226' title='bbox 1738 1775 1794 1842; x_wconf 78' lang='lat' dir='ltr'>lb);</span> 
     </span>
     <span class='ocr_line' id='line_1_18' title="bbox 145 1858 1799 1935; baseline -0.002 -16"><span class='ocrx_word' id='word_1_227' title='bbox 145 1864 248 1920; x_wconf 81' lang='lat' dir='ltr'>latriam</span> <span class='ocrx_word' id='word_1_228' title='bbox 266 1869 296 1918; x_wconf 89' lang='lat' dir='ltr'>et</span> <span class='ocrx_word' id='word_1_229' title='bbox 326 1860 568 1935; x_wconf 79' lang='lat' dir='ltr'>trangressionem,</span> <span class='ocrx_word' id='word_1_230' title='bbox 590 1858 727 1927; x_wconf 85' lang='lat' dir='ltr'>ejusmodi</span> <span class='ocrx_word' id='word_1_231' title='bbox 757 1859 853 1918; x_wconf 85' lang='lat' dir='ltr'>ciliciis</span> <span class='ocrx_word' id='word_1_232' title='bbox 882 1865 943 1920; x_wconf 67' lang='lat' dir='ltr'>reliu</span> <span class='ocrx_word' id='word_1_233' title='bbox 997 1860 1084 1915; x_wconf 86' lang='lat' dir='ltr'>irasci</span> <span class='ocrx_word' id='word_1_234' title='bbox 1098 1861 1127 1914; x_wconf 88' lang='lat' dir='ltr'>et</span> <span class='ocrx_word' id='word_1_235' title='bbox 1145 1875 1202 1916; x_wconf 87' lang='lat' dir='ltr'>aon</span> <span class='ocrx_word' id='word_1_236' title='bbox 1216 1858 1378 1930; x_wconf 83' lang='lat' dir='ltr'>delinquere</span> <span class='ocrx_word' id='word_1_237' title='bbox 1398 1859 1486 1931; x_wconf 87' lang='lat' dir='ltr'>(Psal.</span> <span class='ocrx_word' id='word_1_238' title='bbox 1498 1872 1538 1924; x_wconf 83' lang='lat' dir='ltr'>tv,</span> <span class='ocrx_word' id='word_1_239' title='bbox 1550 1861 1590 1929; x_wconf 81' lang='lat' dir='ltr'>d),</span> <span class='ocrx_word' id='word_1_240' title='bbox 1609 1860 1635 1914; x_wconf 90' lang='lat' dir='ltr'>id</span> <span class='ocrx_word' id='word_1_241' title='bbox 1651 1868 1701 1926; x_wconf 87' lang='lat' dir='ltr'>est,</span> <span class='ocrx_word' id='word_1_242' title='bbox 1719 1862 1744 1915; x_wconf 91' lang='lat' dir='ltr'>in</span> <span class='ocrx_word' id='word_1_243' title='bbox 1759 1861 1799 1915; x_wconf 89' lang='lat' dir='ltr'>ira</span> 
     </span>
     <span class='ocr_line' id='line_1_19' title="bbox 151 1947 1799 2028; baseline -0.001 -21"><span class='ocrx_word' id='word_1_244' title='bbox 151 1953 220 2028; x_wconf 70' lang='lat' dir='ltr'>giam</span> <span class='ocrx_word' id='word_1_245' title='bbox 239 1967 294 2006; x_wconf 80' lang='lat' dir='ltr'>sure</span> <span class='ocrx_word' id='word_1_246' title='bbox 306 1950 395 2007; x_wconf 82' lang='lat' dir='ltr'>soluit</span> <span class='ocrx_word' id='word_1_247' title='bbox 418 1948 579 2023; x_wconf 81' lang='lat' dir='ltr'>astringere,</span> <span class='ocrx_word' id='word_1_248' title='bbox 596 1948 697 2019; x_wconf 84' lang='lat' dir='ltr'>quibus</span> <span class='ocrx_word' id='word_1_249' title='bbox 716 1953 872 2021; x_wconf 85' lang='lat' dir='ltr'>superstitio</span> <span class='ocrx_word' id='word_1_250' title='bbox 892 1971 945 2010; x_wconf 90' lang='lat' dir='ltr'>sae-</span> <span class='ocrx_word' id='word_1_251' title='bbox 1000 1965 1054 2004; x_wconf 90' lang='lat' dir='ltr'>non</span> <span class='ocrx_word' id='word_1_252' title='bbox 1069 1963 1250 2021; x_wconf 78' lang='lat' dir='ltr'>perseuerare,</span> <span class='ocrx_word' id='word_1_253' title='bbox 1266 1947 1323 2004; x_wconf 84' lang='lat' dir='ltr'>sire</span> <span class='ocrx_word' id='word_1_254' title='bbox 1339 1947 1435 2003; x_wconf 74' lang='lat' dir='ltr'>saeuire</span> <span class='ocrx_word' id='word_1_255' title='bbox 1452 1966 1460 2021; x_wconf 78' lang='lat'>3</span> <span class='ocrx_word' id='word_1_256' title='bbox 1477 1966 1534 2006; x_wconf 87' lang='lat' dir='ltr'>aon</span> <span class='ocrx_word' id='word_1_257' title='bbox 1557 1948 1635 2006; x_wconf 85' lang='lat' dir='ltr'>adire</span> <span class='ocrx_word' id='word_1_258' title='bbox 1655 1950 1687 2004; x_wconf 88' lang='lat' dir='ltr'>ia</span> <span class='ocrx_word' id='word_1_259' title='bbox 1701 1951 1799 2009; x_wconf 88' lang='lat' dir='ltr'>coaci-</span> 
     </span>
     <span class='ocr_line' id='line_1_20' title="bbox 152 2037 1800 2114; baseline 0 -18"><span class='ocrx_word' id='word_1_260' title='bbox 152 2041 200 2097; x_wconf 90' lang='lat' dir='ltr'>cnli</span> <span class='ocrx_word' id='word_1_261' title='bbox 227 2039 373 2114; x_wconf 74' lang='lat' dir='ltr'>agebatur,</span> <span class='ocrx_word' id='word_1_262' title='bbox 396 2049 426 2094; x_wconf 92' lang='lat' dir='ltr'>ut</span> <span class='ocrx_word' id='word_1_263' title='bbox 440 2038 474 2092; x_wconf 90' lang='lat' dir='ltr'>ab</span> <span class='ocrx_word' id='word_1_264' title='bbox 495 2052 527 2094; x_wconf 88' lang='lat' dir='ltr'>ea</span> <span class='ocrx_word' id='word_1_265' title='bbox 546 2047 669 2093; x_wconf 84' lang='lat' dir='ltr'>auocaret</span> <span class='ocrx_word' id='word_1_266' title='bbox 685 2037 761 2110; x_wconf 88' lang='lat' dir='ltr'>illos,</span> <span class='ocrx_word' id='word_1_267' title='bbox 784 2040 833 2095; x_wconf 91' lang='lat' dir='ltr'>sibi</span> <span class='ocrx_word' id='word_1_268' title='bbox 846 2041 948 2111; x_wconf 87' lang='lat' dir='ltr'>jabens</span> <span class='ocrx_word' id='word_1_269' title='bbox 1002 2039 1072 2096; x_wconf 90' lang='lat' dir='ltr'>liam</span> <span class='ocrx_word' id='word_1_270' title='bbox 1085 2040 1250 2111; x_wconf 90' lang='lat' dir='ltr'>impioram,</span> <span class='ocrx_word' id='word_1_271' title='bbox 1266 2055 1317 2095; x_wconf 78' lang='lat' dir='ltr'>area</span> <span class='ocrx_word' id='word_1_272' title='bbox 1330 2041 1407 2094; x_wconf 87' lang='lat' dir='ltr'>stare</span> <span class='ocrx_word' id='word_1_273' title='bbox 1421 2039 1451 2093; x_wconf 87' lang='lat' dir='ltr'>iu</span> <span class='ocrx_word' id='word_1_274' title='bbox 1467 2039 1512 2093; x_wconf 89' lang='lat' dir='ltr'>uia</span> <span class='ocrx_word' id='word_1_275' title='bbox 1533 2042 1724 2112; x_wconf 88' lang='lat' dir='ltr'>peccatorum,</span> <span class='ocrx_word' id='word_1_276' title='bbox 1751 2055 1800 2096; x_wconf 90' lang='lat' dir='ltr'>aec</span> 
     </span>
     <span class='ocr_line' id='line_1_21' title="bbox 150 2124 1801 2202; baseline -0.001 -17"><span class='ocrx_word' id='word_1_277' title='bbox 150 2127 289 2202; x_wconf 82' lang='lat' dir='ltr'>fieriquasi</span> <span class='ocrx_word' id='word_1_278' title='bbox 308 2124 487 2194; x_wconf 76' lang='lat' dir='ltr'>desideranti,</span> <span class='ocrx_word' id='word_1_279' title='bbox 504 2141 537 2181; x_wconf 89' lang='lat' dir='ltr'>ne</span> <span class='ocrx_word' id='word_1_280' title='bbox 551 2125 703 2183; x_wconf 81' lang='lat' dir='ltr'>simulacris</span> <span class='ocrx_word' id='word_1_281' title='bbox 719 2125 848 2187; x_wconf 83' lang='lat' dir='ltr'>iaciendis</span> <span class='ocrx_word' id='word_1_282' title='bbox 863 2131 950 2188; x_wconf 89' lang='lat' dir='ltr'>dalin-</span> <span class='ocrx_word' id='word_1_283' title='bbox 1002 2130 1034 2185; x_wconf 90' lang='lat' dir='ltr'>ia</span> <span class='ocrx_word' id='word_1_284' title='bbox 1054 2128 1187 2193; x_wconf 65' lang='lat' dir='ltr'>eatudra</span> <span class='ocrx_word' id='word_1_285' title='bbox 1209 2126 1407 2198; x_wconf 87' lang='lat' dir='ltr'>pestilentium</span> <span class='ocrx_word' id='word_1_286' title='bbox 1431 2126 1525 2184; x_wconf 86' lang='lat' dir='ltr'>sedere</span> <span class='ocrx_word' id='word_1_287' title='bbox 1550 2128 1636 2198; x_wconf 74' lang='lat' dir='ltr'>(l’sal.</span> <span class='ocrx_word' id='word_1_288' title='bbox 1652 2144 1672 2199; x_wconf 89' lang='grc' dir='ltr'>ι,</span> <span class='ocrx_word' id='word_1_289' title='bbox 1694 2131 1730 2197; x_wconf 90' lang='lat' dir='ltr'>l).</span> <span class='ocrx_word' id='word_1_290' title='bbox 1746 2127 1801 2184; x_wconf 89' lang='lat' dir='ltr'>Sed</span> 
     </span>
     <span class='ocr_line' id='line_1_22' title="bbox 151 2201 1858 2291; baseline -0.001 -15"><span class='ocrx_word' id='word_1_291' title='bbox 151 2227 248 2291; x_wconf 76' lang='lat' dir='ltr'>queret.</span> <span class='ocrx_word' id='word_1_292' title='bbox 490 2257 492 2260; x_wconf 92' lang='lat'>-</span> <span class='ocrx_word' id='word_1_293' title='bbox 1003 2212 1180 2276; x_wconf 75' lang='lat' dir='ltr'>ubitldde:</span> <span class='ocrx_word' id='word_1_294' title='bbox 1201 2216 1291 2284; x_wconf 85' lang='lat' dir='ltr'>Quam</span> <span class='ocrx_word' id='word_1_295' title='bbox 1306 2216 1410 2273; x_wconf 88' lang='lat' dir='ltr'>bonum</span> <span class='ocrx_word' id='word_1_296' title='bbox 1424 2218 1451 2272; x_wconf 87' lang='lat' dir='ltr'>et</span> <span class='ocrx_word' id='word_1_297' title='bbox 1466 2232 1551 2288; x_wconf 85' lang='lat' dir='ltr'>paam</span> <span class='ocrx_word' id='word_1_298' title='bbox 1570 2215 1731 2289; x_wconf 85' lang='lat' dir='ltr'>jarundam</span> <span class='ocrx_word' id='word_1_299' title='bbox 1746 2215 1800 2274; x_wconf 84' lang='lat' dir='ltr'>ta-</span> <span class='ocrx_word' id='word_1_300' title='bbox 1848 2201 1858 2217; x_wconf 57' lang='lat'>⁸</span> 
     </span>
     <span class='ocr_line' id='line_1_23' title="bbox 449 2303 1804 2379; baseline -0.001 -18"><span class='ocrx_word' id='word_1_301' title='bbox 449 2303 564 2362; x_wconf 80' lang='lat' dir='ltr'>CAPUT</span> <span class='ocrx_word' id='word_1_302' title='bbox 577 2306 654 2362; x_wconf 84' lang='lat' dir='ltr'><strong>XIX.</strong></span> <span class='ocrx_word' id='word_1_303' title='bbox 766 2353 769 2358; x_wconf 89' lang='grc'>,</span> <span class='ocrx_word' id='word_1_304' title='bbox 1005 2307 1097 2364; x_wconf 84' lang='lat' dir='ltr'>ditare</span> <span class='ocrx_word' id='word_1_305' title='bbox 1110 2309 1216 2378; x_wconf 77' lang='lat' dir='ltr'>fratres</span> <span class='ocrx_word' id='word_1_306' title='bbox 1231 2308 1263 2361; x_wconf 89' lang='lat' dir='ltr'>ia</span> <span class='ocrx_word' id='word_1_307' title='bbox 1277 2321 1370 2363; x_wconf 79' lang='lat' dir='ltr'>nnana</span> <span class='ocrx_word' id='word_1_308' title='bbox 1383 2306 1468 2376; x_wconf 86' lang='lat' dir='ltr'>(Psoi.</span> <span class='ocrx_word' id='word_1_309' title='bbox 1483 2320 1598 2379; x_wconf 79' lang='lat' dir='ltr'>cxxxu,</span> <span class='ocrx_word' id='word_1_310' title='bbox 1616 2306 1652 2377; x_wconf 84' lang='lat' dir='ltr'>l),</span> <span class='ocrx_word' id='word_1_311' title='bbox 1666 2306 1804 2364; x_wconf 77' lang='lat' dir='ltr'>irreditaa·</span> 
     </span>
     <span class='ocr_line' id='line_1_24' title="bbox 178 2374 1806 2469; baseline -0.001 -15"><span class='ocrx_word' id='word_1_312' title='bbox 178 2397 276 2453; x_wconf 88' lang='lat' dir='ltr'>Sedet</span> <span class='ocrx_word' id='word_1_313' title='bbox 291 2391 362 2465; x_wconf 84' lang='lat' dir='ltr'>ipsis</span> <span class='ocrx_word' id='word_1_314' title='bbox 382 2394 549 2449; x_wconf 88' lang='lat' dir='ltr'>commerciis</span> <span class='ocrx_word' id='word_1_315' title='bbox 564 2395 627 2448; x_wconf 82' lang='lat' dir='ltr'>ritae</span> <span class='ocrx_word' id='word_1_316' title='bbox 637 2402 664 2450; x_wconf 87' lang='lat' dir='ltr'>ct</span> <span class='ocrx_word' id='word_1_317' title='bbox 677 2398 890 2455; x_wconf 89' lang='lat' dir='ltr'>conversationis</span> <span class='ocrx_word' id='word_1_318' title='bbox 900 2400 953 2457; x_wconf 88' lang='lat' dir='ltr'>hu·</span> <span class='ocrx_word' id='word_1_319' title='bbox 1008 2403 1047 2454; x_wconf 85' lang='lat' dir='ltr'>tes</span> <span class='ocrx_word' id='word_1_320' title='bbox 1062 2396 1107 2452; x_wconf 90' lang='lat' dir='ltr'>die</span> <span class='ocrx_word' id='word_1_321' title='bbox 1122 2412 1155 2452; x_wconf 88' lang='lat' dir='ltr'>ae</span> <span class='ocrx_word' id='word_1_322' title='bbox 1171 2399 1253 2452; x_wconf 89' lang='lat' dir='ltr'>nocte</span> <span class='ocrx_word' id='word_1_323' title='bbox 1269 2398 1299 2451; x_wconf 89' lang='lat' dir='ltr'>ia</span> <span class='ocrx_word' id='word_1_324' title='bbox 1315 2394 1374 2468; x_wconf 82' lang='lat' dir='ltr'>tepc</span> <span class='ocrx_word' id='word_1_325' title='bbox 1390 2396 1503 2453; x_wconf 82' lang='lat' dir='ltr'>Domini</span> <span class='ocrx_word' id='word_1_326' title='bbox 1524 2374 1627 2469; x_wconf 72' lang='lat' dir='ltr'>(turbe,</span> <span class='ocrx_word' id='word_1_327' title='bbox 1643 2411 1662 2463; x_wconf 87' lang='lat'>1,</span> <span class='ocrx_word' id='word_1_328' title='bbox 1679 2398 1726 2465; x_wconf 88' lang='lat'>8);</span> <span class='ocrx_word' id='word_1_329' title='bbox 1743 2395 1806 2469; x_wconf 89' lang='lat' dir='ltr'>quia</span> 
     </span>
     <span class='ocr_line' id='line_1_25' title="bbox 154 2482 1806 2559; baseline -0.003 -15"><span class='ocrx_word' id='word_1_330' title='bbox 154 2503 230 2544; x_wconf 70' lang='lat' dir='ltr'>unse</span> <span class='ocrx_word' id='word_1_331' title='bbox 243 2483 327 2541; x_wconf 88' lang='lat' dir='ltr'>domi</span> <span class='ocrx_word' id='word_1_332' title='bbox 336 2499 368 2537; x_wconf 85' lang='lat' dir='ltr'>ac</span> <span class='ocrx_word' id='word_1_333' title='bbox 383 2482 461 2548; x_wconf 85' lang='lat' dir='ltr'>loris,</span> <span class='ocrx_word' id='word_1_334' title='bbox 471 2484 594 2554; x_wconf 86' lang='lat' dir='ltr'>adusque</span> <span class='ocrx_word' id='word_1_335' title='bbox 608 2499 701 2540; x_wconf 87' lang='lat' dir='ltr'>curam</span> <span class='ocrx_word' id='word_1_336' title='bbox 711 2486 883 2545; x_wconf 86' lang='lat' dir='ltr'>vasculorum</span> <span class='ocrx_word' id='word_1_337' title='bbox 895 2505 954 2547; x_wconf 92' lang='lat' dir='ltr'>om·</span> <span class='ocrx_word' id='word_1_338' title='bbox 1007 2487 1111 2543; x_wconf 85' lang='lat' dir='ltr'>bonum</span> <span class='ocrx_word' id='word_1_339' title='bbox 1125 2484 1227 2541; x_wconf 90' lang='lat' dir='ltr'>scilicet</span> <span class='ocrx_word' id='word_1_340' title='bbox 1239 2483 1326 2555; x_wconf 75' lang='lat' dir='ltr'>fidere</span> <span class='ocrx_word' id='word_1_341' title='bbox 1340 2486 1372 2540; x_wconf 89' lang='lat' dir='ltr'>in</span> <span class='ocrx_word' id='word_1_342' title='bbox 1393 2485 1554 2550; x_wconf 83' lang='lat' dir='ltr'>Darniaam,</span> <span class='ocrx_word' id='word_1_343' title='bbox 1570 2502 1657 2559; x_wconf 81' lang='lat' dir='ltr'>paene</span> <span class='ocrx_word' id='word_1_344' title='bbox 1672 2485 1760 2555; x_wconf 81' lang='lat' dir='ltr'>fidere</span> <span class='ocrx_word' id='word_1_345' title='bbox 1773 2486 1806 2541; x_wconf 87' lang='lat' dir='ltr'>ia</span> 
     </span>
     <span class='ocr_line' id='line_1_26' title="bbox 155 2567 1806 2648; baseline 0.002 -21"><span class='ocrx_word' id='word_1_346' title='bbox 155 2571 271 2627; x_wconf 82' lang='lat' dir='ltr'>ailariam</span> <span class='ocrx_word' id='word_1_347' title='bbox 287 2567 425 2634; x_wconf 83' lang='lat' dir='ltr'>distinxit,</span> <span class='ocrx_word' id='word_1_348' title='bbox 442 2575 470 2623; x_wconf 93' lang='lat' dir='ltr'>ut</span> <span class='ocrx_word' id='word_1_349' title='bbox 484 2568 543 2624; x_wconf 91' lang='lat' dir='ltr'>istis</span> <span class='ocrx_word' id='word_1_350' title='bbox 551 2567 686 2640; x_wconf 75' lang='lat' dir='ltr'>legalibus</span> <span class='ocrx_word' id='word_1_351' title='bbox 696 2570 845 2642; x_wconf 89' lang='lat' dir='ltr'>disciplinis</span> <span class='ocrx_word' id='word_1_352' title='bbox 859 2591 955 2631; x_wconf 86' lang='lat' dir='ltr'>occur·</span> <span class='ocrx_word' id='word_1_353' title='bbox 1010 2577 1162 2641; x_wconf 83' lang='lat' dir='ltr'>bominem,</span> <span class='ocrx_word' id='word_1_354' title='bbox 1182 2579 1209 2630; x_wconf 91' lang='lat' dir='ltr'>et</span> <span class='ocrx_word' id='word_1_355' title='bbox 1223 2588 1338 2646; x_wconf 84' lang='lat' dir='ltr'>sperare</span> <span class='ocrx_word' id='word_1_356' title='bbox 1362 2573 1395 2628; x_wconf 88' lang='lat' dir='ltr'>in</span> <span class='ocrx_word' id='word_1_357' title='bbox 1409 2577 1571 2639; x_wconf 87' lang='lat' dir='ltr'>Dominum,</span> <span class='ocrx_word' id='word_1_358' title='bbox 1588 2590 1673 2648; x_wconf 84' lang='lat' dir='ltr'>quam</span> <span class='ocrx_word' id='word_1_359' title='bbox 1692 2590 1806 2647; x_wconf 85' lang='lat' dir='ltr'>sperare</span> 
     </span>
     <span class='ocr_line' id='line_1_27' title="bbox 153 2656 1809 2738; baseline -0.001 -20"><span class='ocrx_word' id='word_1_360' title='bbox 153 2661 271 2718; x_wconf 79' lang='lat' dir='ltr'>uatibus</span> <span class='ocrx_word' id='word_1_361' title='bbox 286 2656 404 2730; x_wconf 86' lang='lat' dir='ltr'>ubique,</span> <span class='ocrx_word' id='word_1_362' title='bbox 420 2673 455 2713; x_wconf 87' lang='lat' dir='ltr'>ue</span> <span class='ocrx_word' id='word_1_363' title='bbox 471 2658 527 2713; x_wconf 91' lang='lat' dir='ltr'>ullo</span> <span class='ocrx_word' id='word_1_364' title='bbox 546 2658 571 2696; x_wconf 86' lang='lat'>⁹²</span> <span class='ocrx_word' id='word_1_365' title='bbox 587 2666 728 2715; x_wconf 88' lang='lat' dir='ltr'>momento</span> <span class='ocrx_word' id='word_1_366' title='bbox 743 2665 951 2720; x_wconf 86' lang='lat' dir='ltr'>vacarentnllei</span> <span class='ocrx_word' id='word_1_367' title='bbox 1010 2669 1042 2723; x_wconf 88' lang='lat' dir='ltr'>ia</span> <span class='ocrx_word' id='word_1_368' title='bbox 1057 2665 1199 2738; x_wconf 86' lang='lat' dir='ltr'>principes</span> <span class='ocrx_word' id='word_1_369' title='bbox 1214 2665 1300 2734; x_wconf 83' lang='lat' dir='ltr'>(Prot.</span> <span class='ocrx_word' id='word_1_370' title='bbox 1316 2679 1403 2728; x_wconf 81' lang='grc' dir='ltr'>οχνιι,</span> <span class='ocrx_word' id='word_1_371' title='bbox 1421 2667 1448 2727; x_wconf 83' lang='grc'>8,</span> <span class='ocrx_word' id='word_1_372' title='bbox 1471 2663 1509 2733; x_wconf 83' lang='grc'>9).</span> <span class='ocrx_word' id='word_1_373' title='bbox 1524 2661 1618 2731; x_wconf 81' lang='lat' dir='ltr'>Qualis</span> <span class='ocrx_word' id='word_1_374' title='bbox 1641 2661 1714 2718; x_wconf 90' lang='lat' dir='ltr'>enim</span> <span class='ocrx_word' id='word_1_375' title='bbox 1737 2662 1809 2734; x_wconf 87' lang='lat' dir='ltr'>apud</span> 
     </span>
     <span class='ocr_line' id='line_1_28' title="bbox 156 2744 1810 2826; baseline 0.001 -21"><span class='ocrx_word' id='word_1_376' title='bbox 156 2755 286 2822; x_wconf 81' lang='lat' dir='ltr'>respectu.</span> <span class='ocrx_word' id='word_1_377' title='bbox 302 2744 376 2815; x_wconf 89' lang='lat' dir='ltr'>Quid</span> <span class='ocrx_word' id='word_1_378' title='bbox 390 2747 464 2802; x_wconf 89' lang='lat' dir='ltr'>enim</span> <span class='ocrx_word' id='word_1_379' title='bbox 479 2746 583 2803; x_wconf 84' lang='lat' dir='ltr'>iaceret</span> <span class='ocrx_word' id='word_1_380' title='bbox 606 2749 713 2804; x_wconf 90' lang='lat' dir='ltr'>beatum</span> <span class='ocrx_word' id='word_1_381' title='bbox 728 2749 866 2808; x_wconf 88' lang='lat' dir='ltr'>hominem</span> <span class='ocrx_word' id='word_1_382' title='bbox 887 2753 958 2826; x_wconf 84' lang='grc'>(53),</span> <span class='ocrx_word' id='word_1_383' title='bbox 1011 2757 1098 2812; x_wconf 86' lang='lat' dir='ltr'>Deum</span> <span class='ocrx_word' id='word_1_384' title='bbox 1119 2769 1222 2811; x_wconf 85' lang='lat' dir='ltr'>merces</span> <span class='ocrx_word' id='word_1_385' title='bbox 1245 2751 1371 2807; x_wconf 75' lang='lat' dir='ltr'>hairdai?</span> <span class='ocrx_word' id='word_1_386' title='bbox 1393 2755 1428 2808; x_wconf 83' lang='lat' dir='ltr'>ut</span> <span class='ocrx_word' id='word_1_387' title='bbox 1456 2754 1512 2810; x_wconf 88' lang='lat' dir='ltr'>erit</span> <span class='ocrx_word' id='word_1_388' title='bbox 1536 2758 1674 2825; x_wconf 80' lang='lat' dir='ltr'>tauquam</span> <span class='ocrx_word' id='word_1_389' title='bbox 1698 2752 1810 2824; x_wconf 84' lang='lat' dir='ltr'>lipnam</span> 
     </span>
     <span class='ocr_line' id='line_1_29' title="bbox 155 2837 1812 2920; baseline 0.001 -25"><span class='ocrx_word' id='word_1_390' title='bbox 155 2855 232 2911; x_wconf 75' lang='lat' dir='ltr'>amm</span> <span class='ocrx_word' id='word_1_391' title='bbox 246 2841 281 2895; x_wconf 86' lang='lat' dir='ltr'>iu</span> <span class='ocrx_word' id='word_1_392' title='bbox 296 2838 358 2908; x_wconf 78' lang='lat' dir='ltr'>leae</span> <span class='ocrx_word' id='word_1_393' title='bbox 372 2837 486 2896; x_wconf 81' lang='lat' dir='ltr'>Domini</span> <span class='ocrx_word' id='word_1_394' title='bbox 500 2837 634 2896; x_wconf 83' lang='lat' dir='ltr'>volreutas</span> <span class='ocrx_word' id='word_1_395' title='bbox 647 2840 719 2911; x_wconf 87' lang='lat' dir='ltr'>ejus,</span> <span class='ocrx_word' id='word_1_396' title='bbox 735 2845 761 2895; x_wconf 88' lang='lat' dir='ltr'>et</span> <span class='ocrx_word' id='word_1_397' title='bbox 778 2842 811 2896; x_wconf 89' lang='lat' dir='ltr'>in</span> <span class='ocrx_word' id='word_1_398' title='bbox 831 2841 890 2912; x_wconf 83' lang='lat' dir='ltr'>iope</span> <span class='ocrx_word' id='word_1_399' title='bbox 903 2845 956 2900; x_wconf 86' lang='lat' dir='ltr'>lto·</span> <span class='ocrx_word' id='word_1_400' title='bbox 1013 2843 1085 2920; x_wconf 82' lang='lat' dir='ltr'>quod</span> <span class='ocrx_word' id='word_1_401' title='bbox 1104 2845 1272 2917; x_wconf 87' lang='lat' dir='ltr'>plantatam</span> <span class='ocrx_word' id='word_1_402' title='bbox 1295 2846 1337 2899; x_wconf 86' lang='lat' dir='ltr'>est</span> <span class='ocrx_word' id='word_1_403' title='bbox 1349 2844 1437 2915; x_wconf 84' lang='lat' dir='ltr'>juata</span> <span class='ocrx_word' id='word_1_404' title='bbox 1451 2845 1546 2901; x_wconf 80' lang='lat' dir='ltr'>exitas</span> <span class='ocrx_word' id='word_1_405' title='bbox 1567 2857 1718 2915; x_wconf 83' lang='lat' dir='ltr'>aquaram,</span> <span class='ocrx_word' id='word_1_406' title='bbox 1739 2840 1812 2915; x_wconf 81' lang='lat' dir='ltr'>pand</span> 
     </span>
     <span class='ocr_line' id='line_1_30' title="bbox 156 2929 1811 3011; baseline -0.004 -18"><span class='ocrx_word' id='word_1_407' title='bbox 156 2938 221 2993; x_wconf 74' lang='lat' dir='ltr'>miri</span> <span class='ocrx_word' id='word_1_408' title='bbox 235 2935 428 2993; x_wconf 80' lang='lat' dir='ltr'>meditabitur</span> <span class='ocrx_word' id='word_1_409' title='bbox 446 2935 490 2992; x_wconf 89' lang='lat' dir='ltr'>die</span> <span class='ocrx_word' id='word_1_410' title='bbox 504 2953 537 2990; x_wconf 90' lang='lat' dir='ltr'>ac</span> <span class='ocrx_word' id='word_1_411' title='bbox 551 2939 637 2995; x_wconf 86' lang='lat' dir='ltr'>nocte</span> <span class='ocrx_word' id='word_1_412' title='bbox 655 2938 741 3005; x_wconf 85' lang='lat' dir='ltr'>(Psal.</span> <span class='ocrx_word' id='word_1_413' title='bbox 756 2955 775 3003; x_wconf 88' lang='lat'>1,</span> <span class='ocrx_word' id='word_1_414' title='bbox 791 2938 844 3011; x_wconf 80' lang='lat'>2)?</span> <span class='ocrx_word' id='word_1_415' title='bbox 867 2938 954 3007; x_wconf 90' lang='lat' dir='ltr'>Quam</span> <span class='ocrx_word' id='word_1_416' title='bbox 1008 2933 1141 3003; x_wconf 74' lang='lat' dir='ltr'>fractam</span> <span class='ocrx_word' id='word_1_417' title='bbox 1162 2946 1246 2987; x_wconf 88' lang='lat' dir='ltr'>saum</span> <span class='ocrx_word' id='word_1_418' title='bbox 1270 2929 1347 2987; x_wconf 86' lang='lat' dir='ltr'>dabit</span> <span class='ocrx_word' id='word_1_419' title='bbox 1368 2932 1398 2986; x_wconf 89' lang='lat' dir='ltr'>ia</span> <span class='ocrx_word' id='word_1_420' title='bbox 1420 2935 1544 3004; x_wconf 88' lang='lat' dir='ltr'>tempore</span> <span class='ocrx_word' id='word_1_421' title='bbox 1566 2947 1633 2998; x_wconf 72' lang='lat' dir='ltr'>saar</span> <span class='ocrx_word' id='word_1_422' title='bbox 1658 2936 1686 2989; x_wconf 89' lang='lat' dir='ltr'>et</span> <span class='ocrx_word' id='word_1_423' title='bbox 1708 2931 1811 3004; x_wconf 71' lang='lat' dir='ltr'>foliam</span> 
     </span>
     <span class='ocr_line' id='line_1_31' title="bbox 159 3018 1813 3099; baseline -0.001 -20"><span class='ocrx_word' id='word_1_424' title='bbox 159 3025 244 3097; x_wconf 72' lang='lat' dir='ltr'>legem</span> <span class='ocrx_word' id='word_1_425' title='bbox 267 3040 324 3080; x_wconf 91' lang='lat' dir='ltr'>uon</span> <span class='ocrx_word' id='word_1_426' title='bbox 346 3023 446 3080; x_wconf 75' lang='lat' dir='ltr'>detritio</span> <span class='ocrx_word' id='word_1_427' title='bbox 470 3025 650 3097; x_wconf 82' lang='lat' dir='ltr'>promulgarit</span> <span class='ocrx_word' id='word_1_428' title='bbox 664 3021 793 3097; x_wconf 70' lang='lat' dir='ltr'>ductoris,</span> <span class='ocrx_word' id='word_1_429' title='bbox 816 3028 864 3084; x_wconf 90' lang='lat' dir='ltr'>sed</span> <span class='ocrx_word' id='word_1_430' title='bbox 888 3030 955 3085; x_wconf 86' lang='lat' dir='ltr'>ratio</span> <span class='ocrx_word' id='word_1_431' title='bbox 971 3021 992 3099; x_wconf 74' lang='lat' dir='ltr'><strong>c</strong></span> <span class='ocrx_word' id='word_1_432' title='bbox 1007 3023 1068 3093; x_wconf 83' lang='lat' dir='ltr'>ejas</span> <span class='ocrx_word' id='word_1_433' title='bbox 1083 3036 1140 3078; x_wconf 83' lang='lat' dir='ltr'>reon</span> <span class='ocrx_word' id='word_1_434' title='bbox 1155 3018 1262 3075; x_wconf 86' lang='lat' dir='ltr'>decidet</span> <span class='ocrx_word' id='word_1_435' title='bbox 1276 3023 1304 3074; x_wconf 91' lang='lat' dir='ltr'>et</span> <span class='ocrx_word' id='word_1_436' title='bbox 1317 3019 1414 3076; x_wconf 88' lang='lat' dir='ltr'>omnia</span> <span class='ocrx_word' id='word_1_437' title='bbox 1426 3036 1600 3092; x_wconf 80' lang='lat' dir='ltr'>quacunque</span> <span class='ocrx_word' id='word_1_438' title='bbox 1619 3023 1707 3093; x_wconf 74' lang='lat' dir='ltr'>faciet</span> <span class='ocrx_word' id='word_1_439' title='bbox 1728 3037 1813 3094; x_wconf 89' lang='lat' dir='ltr'>pras·</span> 
     </span>
     <span class='ocr_line' id='line_1_32' title="bbox 165 3104 1814 3187; baseline -0.002 -20"><span class='ocrx_word' id='word_1_440' title='bbox 165 3127 273 3167; x_wconf 80' lang='lat' dir='ltr'>summae</span> <span class='ocrx_word' id='word_1_441' title='bbox 286 3113 472 3185; x_wconf 75' lang='lat' dir='ltr'>benignitatis,</span> <span class='ocrx_word' id='word_1_442' title='bbox 482 3114 576 3187; x_wconf 89' lang='lat' dir='ltr'>populi</span> <span class='ocrx_word' id='word_1_443' title='bbox 593 3114 684 3185; x_wconf 90' lang='lat' dir='ltr'>potius</span> <span class='ocrx_word' id='word_1_444' title='bbox 696 3116 961 3173; x_wconf 87' lang='lat' dir='ltr'>duritiamodoman·</span> <span class='ocrx_word' id='word_1_445' title='bbox 1015 3108 1195 3183; x_wconf 77' lang='lat' dir='ltr'>parabuntur</span> <span class='ocrx_word' id='word_1_446' title='bbox 1212 3106 1258 3160; x_wconf 87' lang='lat' dir='ltr'>itti</span> <span class='ocrx_word' id='word_1_447' title='bbox 1282 3104 1369 3175; x_wconf 72' lang='lat' dir='ltr'>(Psab</span> <span class='ocrx_word' id='word_1_448' title='bbox 1386 3122 1405 3171; x_wconf 86' lang='lat'>1,</span> <span class='ocrx_word' id='word_1_449' title='bbox 1431 3109 1489 3177; x_wconf 70' lang='grc'>34).</span> <span class='ocrx_word' id='word_1_450' title='bbox 1517 3110 1654 3165; x_wconf 84' lang='lat' dir='ltr'>innocens</span> <span class='ocrx_word' id='word_1_451' title='bbox 1672 3113 1770 3166; x_wconf 88' lang='lat' dir='ltr'>cutem</span> <span class='ocrx_word' id='word_1_452' title='bbox 1785 3112 1814 3163; x_wconf 92' lang='lat' dir='ltr'>et</span> 
     </span>
     <span class='ocr_line' id='line_1_33' title="bbox 170 3196 1813 3274; baseline 0.005 -21"><span class='ocrx_word' id='word_1_453' title='bbox 170 3199 207 3264; x_wconf 79' lang='lat' dir='ltr'>tis,</span> <span class='ocrx_word' id='word_1_454' title='bbox 224 3207 251 3256; x_wconf 89' lang='lat' dir='ltr'>et</span> <span class='ocrx_word' id='word_1_455' title='bbox 272 3200 364 3258; x_wconf 86' lang='lat' dir='ltr'>rudem</span> <span class='ocrx_word' id='word_1_456' title='bbox 379 3202 512 3273; x_wconf 89' lang='lat' dir='ltr'>obsequio</span> <span class='ocrx_word' id='word_1_457' title='bbox 528 3201 607 3257; x_wconf 84' lang='lat' dir='ltr'>tidem</span> <span class='ocrx_word' id='word_1_458' title='bbox 623 3203 747 3274; x_wconf 89' lang='lat' dir='ltr'>operosis</span> <span class='ocrx_word' id='word_1_459' title='bbox 762 3202 860 3261; x_wconf 87' lang='lat' dir='ltr'>oillciis</span> <span class='ocrx_word' id='word_1_460' title='bbox 873 3204 961 3263; x_wconf 87' lang='lat' dir='ltr'>dedo·</span> <span class='ocrx_word' id='word_1_461' title='bbox 1015 3215 1102 3273; x_wconf 84' lang='lat' dir='ltr'>parus</span> <span class='ocrx_word' id='word_1_462' title='bbox 1116 3196 1260 3267; x_wconf 68' lang='lat' dir='ltr'>corduani</span> <span class='ocrx_word' id='word_1_463' title='bbox 1273 3211 1331 3251; x_wconf 69' lang='lat'><em>&#39;1⁰1⁸</em></span> <span class='ocrx_word' id='word_1_464' title='bbox 1345 3196 1455 3266; x_wconf 62' lang='lat' dir='ltr'>atteri!</span> <span class='ocrx_word' id='word_1_465' title='bbox 1469 3198 1501 3251; x_wconf 86' lang='lat' dir='ltr'>ia</span> <span class='ocrx_word' id='word_1_466' title='bbox 1515 3212 1622 3253; x_wconf 66' lang='lat' dir='ltr'>vanum</span> <span class='ocrx_word' id='word_1_467' title='bbox 1635 3214 1739 3254; x_wconf 86' lang='lat' dir='ltr'>nomen</span> <span class='ocrx_word' id='word_1_468' title='bbox 1755 3199 1813 3262; x_wconf 70' lang='lat' dir='ltr'>Dei.</span> 
     </span>
     <span class='ocr_line' id='line_1_34' title="bbox 169 3282 1904 3368; baseline -0.003 -23"><span class='ocrx_word' id='word_1_469' title='bbox 169 3287 241 3346; x_wconf 78' lang='lat' dir='ltr'>laras</span> <span class='ocrx_word' id='word_1_470' title='bbox 256 3307 266 3344; x_wconf 76' lang='grc' dir='ltr'><strong><em>ε</em></strong></span> <span class='ocrx_word' id='word_1_471' title='bbox 282 3292 384 3348; x_wconf 91' lang='lat' dir='ltr'>ntnibil</span> <span class='ocrx_word' id='word_1_472' title='bbox 398 3293 434 3349; x_wconf 91' lang='lat' dir='ltr'>de</span> <span class='ocrx_word' id='word_1_473' title='bbox 448 3294 553 3348; x_wconf 87' lang='lat' dir='ltr'>arcanis</span> <span class='ocrx_word' id='word_1_474' title='bbox 578 3293 711 3368; x_wconf 72' lang='lat' dir='ltr'>attingam</span> <span class='ocrx_word' id='word_1_475' title='bbox 727 3292 916 3365; x_wconf 75' lang='lat' dir='ltr'>significantiis</span> <span class='ocrx_word' id='word_1_476' title='bbox 934 3295 961 3333; x_wconf 85' lang='grc'>99</span> <span class='ocrx_word' id='word_1_477' title='bbox 1015 3291 1043 3346; x_wconf 90' lang='lat' dir='ltr'>et</span> <span class='ocrx_word' id='word_1_478' title='bbox 1058 3303 1115 3342; x_wconf 89' lang='lat' dir='ltr'>noa</span> <span class='ocrx_word' id='word_1_479' title='bbox 1125 3285 1239 3358; x_wconf 84' lang='lat' dir='ltr'>jurarit</span> <span class='ocrx_word' id='word_1_480' title='bbox 1252 3283 1277 3322; x_wconf 84' lang='lat'>⁹⁹</span> <span class='ocrx_word' id='word_1_481' title='bbox 1292 3282 1328 3339; x_wconf 91' lang='lat' dir='ltr'>ad</span> <span class='ocrx_word' id='word_1_482' title='bbox 1340 3285 1507 3355; x_wconf 74' lang='lat' dir='ltr'>proximam</span> <span class='ocrx_word' id='word_1_483' title='bbox 1525 3299 1613 3340; x_wconf 87' lang='lat' dir='ltr'>raam</span> <span class='ocrx_word' id='word_1_484' title='bbox 1628 3284 1659 3338; x_wconf 88' lang='lat' dir='ltr'>in</span> <span class='ocrx_word' id='word_1_485' title='bbox 1674 3283 1745 3350; x_wconf 89' lang='lat' dir='ltr'>dolo,</span> <span class='ocrx_word' id='word_1_486' title='bbox 1763 3285 1816 3339; x_wconf 87' lang='lat' dir='ltr'>iste</span> <span class='ocrx_word' id='word_1_487' title='bbox 1899 3340 1904 3350; x_wconf 69' lang='grc'>,</span> 
     </span>
     <span class='ocr_line' id='line_1_35' title="bbox 171 3372 1817 3454; baseline -0.001 -24"><span class='ocrx_word' id='word_1_488' title='bbox 171 3376 239 3450; x_wconf 73' lang='lat' dir='ltr'>legis,</span> <span class='ocrx_word' id='word_1_489' title='bbox 265 3380 398 3452; x_wconf 85' lang='lat' dir='ltr'>spiritalis</span> <span class='ocrx_word' id='word_1_490' title='bbox 429 3378 518 3436; x_wconf 76' lang='lat' dir='ltr'>unt</span> <span class='ocrx_word' id='word_1_491' title='bbox 546 3381 650 3438; x_wconf 88' lang='lat' dir='ltr'>scilicet</span> <span class='ocrx_word' id='word_1_492' title='bbox 678 3388 705 3438; x_wconf 90' lang='lat' dir='ltr'>ct</span> <span class='ocrx_word' id='word_1_493' title='bbox 734 3384 905 3454; x_wconf 68' lang='lat' dir='ltr'>prophetiam,</span> <span class='ocrx_word' id='word_1_494' title='bbox 933 3383 962 3439; x_wconf 87' lang='lat' dir='ltr'>in</span> <span class='ocrx_word' id='word_1_495' title='bbox 1015 3375 1135 3447; x_wconf 88' lang='lat' dir='ltr'>accipiet</span> <span class='ocrx_word' id='word_1_496' title='bbox 1158 3372 1377 3430; x_wconf 85' lang='lat' dir='ltr'>benedictio-nem</span> <span class='ocrx_word' id='word_1_497' title='bbox 1392 3373 1535 3430; x_wconf 81' lang='lat' dir='ltr'>ebornino</span> <span class='ocrx_word' id='word_1_498' title='bbox 1549 3376 1577 3428; x_wconf 90' lang='lat' dir='ltr'>et</span> <span class='ocrx_word' id='word_1_499' title='bbox 1592 3372 1817 3429; x_wconf 86' lang='lat' dir='ltr'>misericordiam</span> 
     </span>
     <span class='ocr_line' id='line_1_36' title="bbox 172 3460 1818 3543; baseline -0.004 -22"><span class='ocrx_word' id='word_1_500' title='bbox 172 3467 288 3524; x_wconf 77' lang='lat' dir='ltr'>omibus</span> <span class='ocrx_word' id='word_1_501' title='bbox 303 3483 375 3540; x_wconf 87' lang='lat' dir='ltr'>pene</span> <span class='ocrx_word' id='word_1_502' title='bbox 388 3469 557 3543; x_wconf 72' lang='lat' dir='ltr'>argumentis</span> <span class='ocrx_word' id='word_1_503' title='bbox 572 3469 706 3542; x_wconf 78' lang='lat' dir='ltr'>liguratae.</span> <span class='ocrx_word' id='word_1_504' title='bbox 726 3469 833 3529; x_wconf 88' lang='lat' dir='ltr'>Sollicit</span> <span class='ocrx_word' id='word_1_505' title='bbox 847 3472 919 3528; x_wconf 90' lang='lat' dir='ltr'>euim</span> <span class='ocrx_word' id='word_1_506' title='bbox 933 3470 961 3526; x_wconf 92' lang='lat' dir='ltr'>in</span> <span class='ocrx_word' id='word_1_507' title='bbox 1015 3484 1033 3522; x_wconf 91' lang='lat' dir='ltr'>a</span> <span class='ocrx_word' id='word_1_508' title='bbox 1048 3467 1106 3523; x_wconf 83' lang='lat' dir='ltr'>Deo</span> <span class='ocrx_word' id='word_1_509' title='bbox 1120 3462 1325 3532; x_wconf 81' lang='lat' dir='ltr'>salutificatore</span> <span class='ocrx_word' id='word_1_510' title='bbox 1339 3477 1388 3518; x_wconf 83' lang='lat' dir='ltr'>sao</span> <span class='ocrx_word' id='word_1_511' title='bbox 1401 3461 1426 3500; x_wconf 89' lang='lat'>⁹⁹</span> <span class='ocrx_word' id='word_1_512' title='bbox 1441 3461 1517 3517; x_wconf 85' lang='lat' dir='ltr'>Psat.</span> <span class='ocrx_word' id='word_1_513' title='bbox 1539 3476 1622 3527; x_wconf 80' lang='grc' dir='ltr'>χχιιι,</span> <span class='ocrx_word' id='word_1_514' title='bbox 1638 3461 1664 3528; x_wconf 81' lang='lat' dir='ltr'>l,</span> <span class='ocrx_word' id='word_1_515' title='bbox 1681 3461 1721 3531; x_wconf 84' lang='lat' dir='ltr'>b).</span> <span class='ocrx_word' id='word_1_516' title='bbox 1739 3460 1818 3533; x_wconf 60' lang='lat' dir='ltr'>Oculi</span> 
     </span>
    </p>
   </div>
   <div class='ocr_carea' id='block_1_4' title="bbox 203 3597 1819 3774">
    <p class='ocr_par' dir='ltr' id='par_1_4' title="bbox 203 3597 1819 3774">
     <span class='ocr_line' id='line_1_37' title="bbox 855 3597 1133 3660; baseline -0.032 0"><span class='ocrx_word' id='word_1_517' title='bbox 855 3597 958 3660; x_wconf 74' lang='lat' dir='ltr'>viria</span> <span class='ocrx_word' id='word_1_518' title='bbox 979 3597 1133 3658; x_wconf 86' lang='lat' dir='ltr'>lectiones.</span> 
     </span>
     <span class='ocr_line' id='line_1_38' title="bbox 203 3691 1819 3774; baseline -0.01 -11"><span class='ocrx_word' id='word_1_519' title='bbox 203 3705 222 3744; x_wconf 79' lang='lat'>’¹</span> <span class='ocrx_word' id='word_1_520' title='bbox 235 3702 479 3773; x_wconf 69' lang='lat' dir='ltr'>liestrinssueretur</span> <span class='ocrx_word' id='word_1_521' title='bbox 497 3703 566 3760; x_wconf 88' lang='lat' dir='ltr'>olim</span> <span class='ocrx_word' id='word_1_522' title='bbox 591 3702 744 3774; x_wconf 82' lang='lat' dir='ltr'>tepebatur.</span> <span class='ocrx_word' id='word_1_523' title='bbox 759 3703 785 3742; x_wconf 84' lang='lat'>⁹²</span> <span class='ocrx_word' id='word_1_524' title='bbox 799 3703 853 3761; x_wconf 91' lang='lat' dir='ltr'>Ulli</span> <span class='ocrx_word' id='word_1_525' title='bbox 869 3705 953 3762; x_wconf 87' lang='lat' dir='ltr'>Semi.</span> <span class='ocrx_word' id='word_1_526' title='bbox 969 3701 1008 3758; x_wconf 93' lang='lat' dir='ltr'>illi</span> <span class='ocrx_word' id='word_1_527' title='bbox 1030 3697 1137 3756; x_wconf 88' lang='lat' dir='ltr'>Pamel.</span> <span class='ocrx_word' id='word_1_528' title='bbox 1154 3696 1240 3752; x_wconf 81' lang='lat' dir='ltr'>Fran.</span> <span class='ocrx_word' id='word_1_529' title='bbox 1256 3694 1345 3752; x_wconf 79' lang='lat' dir='ltr'>lilaea.</span> <span class='ocrx_word' id='word_1_530' title='bbox 1365 3692 1412 3749; x_wconf 93' lang='lat' dir='ltr'>ulli</span> <span class='ocrx_word' id='word_1_531' title='bbox 1429 3699 1564 3750; x_wconf 85' lang='lat' dir='ltr'>momenta</span> <span class='ocrx_word' id='word_1_532' title='bbox 1582 3693 1649 3752; x_wconf 81' lang='lat' dir='ltr'>tua.</span> <span class='ocrx_word' id='word_1_533' title='bbox 1664 3693 1690 3734; x_wconf 84' lang='lat'>⁹³</span> <span class='ocrx_word' id='word_1_534' title='bbox 1707 3691 1819 3765; x_wconf 74' lang='lat' dir='ltr'>signid-</span> 
     </span>
    </p>
   </div>
   <div class='ocr_carea' id='block_1_5' title="bbox 180 3763 1820 3907">
    <p class='ocr_par' dir='ltr' id='par_1_5' title="bbox 180 3763 1820 3907">
     <span class='ocr_line' id='line_1_39' title="bbox 180 3763 1820 3902; baseline -0.008 -70"><span class='ocrx_word' id='word_1_535' title='bbox 180 3777 259 3857; x_wconf 30' lang='lat' dir='ltr'>anns·</span> <span class='ocrx_word' id='word_1_536' title='bbox 275 3777 337 3902; x_wconf 45' lang='lat' dir='ltr'>inf,</span> <span class='ocrx_word' id='word_1_537' title='bbox 359 3774 453 3831; x_wconf 81' lang='lat' dir='ltr'>Venet.</span> <span class='ocrx_word' id='word_1_538' title='bbox 472 3773 497 3811; x_wconf 72' lang='grc'>99</span> <span class='ocrx_word' id='word_1_539' title='bbox 515 3773 642 3857; x_wconf 55' lang='grc' dir='ltr'>Ι[Μῇεειο</span> <span class='ocrx_word' id='word_1_540' title='bbox 666 3776 754 3833; x_wconf 69' lang='lat' dir='ltr'>lauet.</span> <span class='ocrx_word' id='word_1_541' title='bbox 771 3775 796 3814; x_wconf 81' lang='lat'>⁹⁵</span> <span class='ocrx_word' id='word_1_542' title='bbox 810 3780 890 3835; x_wconf 84' lang='lat' dir='ltr'>Forte</span> <span class='ocrx_word' id='word_1_543' title='bbox 904 3775 1039 3848; x_wconf 76' lang='lat' dir='ltr'>frangere.</span> <span class='ocrx_word' id='word_1_544' title='bbox 1059 3769 1085 3808; x_wconf 81' lang='lat'>⁹⁶</span> <span class='ocrx_word' id='word_1_545' title='bbox 1100 3768 1271 3826; x_wconf 80' lang='lat' dir='ltr'>contractum</span> <span class='ocrx_word' id='word_1_546' title='bbox 1285 3769 1365 3823; x_wconf 88' lang='lat' dir='ltr'>Pam.</span> <span class='ocrx_word' id='word_1_547' title='bbox 1381 3765 1404 3805; x_wconf 81' lang='grc'>99</span> <span class='ocrx_word' id='word_1_548' title='bbox 1420 3764 1451 3821; x_wconf 94' lang='lat' dir='ltr'>ln</span> <span class='ocrx_word' id='word_1_549' title='bbox 1469 3765 1546 3825; x_wconf 86' lang='lat' dir='ltr'>adest</span> <span class='ocrx_word' id='word_1_550' title='bbox 1564 3767 1672 3822; x_wconf 83' lang='lat' dir='ltr'>Pamet.</span> <span class='ocrx_word' id='word_1_551' title='bbox 1689 3764 1775 3824; x_wconf 84' lang='lat' dir='ltr'>Semi.</span> <span class='ocrx_word' id='word_1_552' title='bbox 1794 3763 1820 3802; x_wconf 81' lang='grc'>99</span> 
     </span>
     <span class='ocr_line' id='line_1_40' title="bbox 181 3843 597 3907; baseline 0.007 -9"><span class='ocrx_word' id='word_1_553' title='bbox 181 3845 274 3907; x_wconf 75' lang='lat' dir='ltr'>latrem</span> <span class='ocrx_word' id='word_1_554' title='bbox 288 3863 306 3901; x_wconf 91' lang='lat' dir='ltr'>a</span> <span class='ocrx_word' id='word_1_555' title='bbox 319 3847 353 3902; x_wconf 82' lang='lat' dir='ltr'>ai.</span> <span class='ocrx_word' id='word_1_556' title='bbox 369 3843 395 3882; x_wconf 87' lang='lat'>⁹⁹</span> <span class='ocrx_word' id='word_1_557' title='bbox 409 3845 521 3900; x_wconf 84' lang='lat' dir='ltr'>Salutem</span> <span class='ocrx_word' id='word_1_558' title='bbox 534 3845 597 3901; x_wconf 82' lang='lat' dir='ltr'>atu.</span> 
     </span>
    </p>
   </div>
   <div class='ocr_carea' id='block_1_6' title="bbox 865 3959 1120 4028">
    <p class='ocr_par' dir='ltr' id='par_1_6' title="bbox 865 3959 1120 4028">
     <span class='ocr_line' id='line_1_41' title="bbox 865 3959 1120 4028; baseline -0.039 0"><span class='ocrx_word' id='word_1_559' title='bbox 865 3959 1120 4028; x_wconf 88' lang='lat' dir='ltr'>Commentarius.</span> 
     </span>
    </p>
   </div>
   <div class='ocr_carea' id='block_1_7' title="bbox 180 4057 1836 5710">
    <p class='ocr_par' dir='ltr' id='par_1_7' title="bbox 180 4057 1836 5710">
     <span class='ocr_line' id='line_1_42' title="bbox 186 4057 1819 4141; baseline -0.003 -19"><span class='ocrx_word' id='word_1_560' title='bbox 186 4063 242 4124; x_wconf 82' lang='lat' dir='ltr'>land</span> <span class='ocrx_word' id='word_1_561' title='bbox 253 4069 330 4124; x_wconf 75' lang='lat' dir='ltr'>aliter</span> <span class='ocrx_word' id='word_1_562' title='bbox 343 4074 433 4122; x_wconf 89' lang='lat' dir='ltr'>autem</span> <span class='ocrx_word' id='word_1_563' title='bbox 448 4065 513 4122; x_wconf 84' lang='lat' dir='ltr'>dixit</span> <span class='ocrx_word' id='word_1_564' title='bbox 523 4066 631 4123; x_wconf 87' lang='lat' dir='ltr'>alicubi.</span> <span class='ocrx_word' id='word_1_565' title='bbox 647 4069 677 4124; x_wconf 85' lang='lat' dir='ltr'>B.</span> <span class='ocrx_word' id='word_1_566' title='bbox 690 4067 887 4141; x_wconf 84' lang='lat' dir='ltr'>Hieronymus:</span> <span class='ocrx_word' id='word_1_567' title='bbox 905 4072 970 4128; x_wconf 86' lang='lat' dir='ltr'>l&#39;ca·</span> <span class='ocrx_word' id='word_1_568' title='bbox 1023 4061 1146 4125; x_wconf 72' lang='lat' dir='ltr'>ductori.</span> <span class='ocrx_word' id='word_1_569' title='bbox 1163 4061 1232 4116; x_wconf 85' lang='lat' dir='ltr'>torte</span> <span class='ocrx_word' id='word_1_570' title='bbox 1254 4058 1315 4115; x_wconf 93' lang='lat' dir='ltr'>loco</span> <span class='ocrx_word' id='word_1_571' title='bbox 1329 4057 1427 4115; x_wconf 74' lang='lat' dir='ltr'>illiusr</span> <span class='ocrx_word' id='word_1_572' title='bbox 1449 4061 1542 4118; x_wconf 84' lang='lat' dir='ltr'>Venite</span> <span class='ocrx_word' id='word_1_573' title='bbox 1565 4062 1594 4116; x_wconf 89' lang='lat' dir='ltr'>et</span> <span class='ocrx_word' id='word_1_574' title='bbox 1618 4059 1819 4133; x_wconf 81' lang='lat' dir='ltr'>disceptemus.</span> 
     </span>
     <span class='ocr_line' id='line_1_43' title="bbox 187 4130 1818 4258; baseline 0.004 -62"><span class='ocrx_word' id='word_1_575' title='bbox 187 4141 219 4192; x_wconf 75' lang='lat' dir='ltr'>lor</span> <span class='ocrx_word' id='word_1_576' title='bbox 239 4142 304 4197; x_wconf 83' lang='lat' dir='ltr'>uiuo</span> <span class='ocrx_word' id='word_1_577' title='bbox 320 4143 447 4196; x_wconf 77' lang='lat' dir='ltr'>aetuans</span> <span class='ocrx_word' id='word_1_578' title='bbox 462 4138 548 4210; x_wconf 77' lang='lat' dir='ltr'>facile</span> <span class='ocrx_word' id='word_1_579' title='bbox 572 4138 723 4213; x_wconf 82' lang='lat' dir='ltr'>despumat</span> <span class='ocrx_word' id='word_1_580' title='bbox 750 4143 781 4196; x_wconf 86' lang='lat' dir='ltr'>ia</span> <span class='ocrx_word' id='word_1_581' title='bbox 810 4141 967 4200; x_wconf 85' lang='lat' dir='ltr'>libidinem.</span> <span class='ocrx_word' id='word_1_582' title='bbox 1023 4151 1072 4209; x_wconf 78' lang='lat' dir='ltr'>pr0</span> <span class='ocrx_word' id='word_1_583' title='bbox 1084 4149 1139 4258; x_wconf 57' lang='lat'>3¹¹9</span> <span class='ocrx_word' id='word_1_584' title='bbox 1158 4133 1189 4186; x_wconf 82' lang='grc' dir='ltr'>Β·</span> <span class='ocrx_word' id='word_1_585' title='bbox 1214 4130 1611 4201; x_wconf 69' lang='lat' dir='ltr'>fll⁰l⁰¹¹tffl¹1⁹⁹¹fl⁹bl·2⁹⁹</span> <span class='ocrx_word' id='word_1_586' title='bbox 1630 4134 1743 4213; x_wconf 66' lang='grc'>99999999,</span> <span class='ocrx_word' id='word_1_587' title='bbox 1755 4148 1818 4202; x_wconf 67' lang='grc' dir='ltr'>’99θὶ</span> 
     </span>
     <span class='ocr_line' id='line_1_44' title="bbox 188 4200 1820 4274; baseline -0.001 -13"><span class='ocrx_word' id='word_1_588' title='bbox 188 4207 240 4266; x_wconf 81' lang='lat' dir='ltr'>Pau.</span> <span class='ocrx_word' id='word_1_589' title='bbox 1047 4221 1082 4264; x_wconf 88' lang='lat' dir='ltr'>no</span> <span class='ocrx_word' id='word_1_590' title='bbox 1123 4209 1332 4273; x_wconf 82' lang='lat' dir='ltr'>interpretantur</span> <span class='ocrx_word' id='word_1_591' title='bbox 1351 4200 1560 4270; x_wconf 78' lang='lat' dir='ltr'>chrysostomus</span> <span class='ocrx_word' id='word_1_592' title='bbox 1580 4208 1606 4257; x_wconf 91' lang='lat' dir='ltr'>et</span> <span class='ocrx_word' id='word_1_593' title='bbox 1631 4201 1780 4274; x_wconf 83' lang='lat' dir='ltr'>Procopius</span> <span class='ocrx_word' id='word_1_594' title='bbox 1792 4205 1820 4259; x_wconf 92' lang='lat' dir='ltr'>iu</span> 
     </span>
     <span class='ocr_line' id='line_1_45' title="bbox 212 4225 1822 4356; baseline -0.003 -19"><span class='ocrx_word' id='word_1_595' title='bbox 212 4281 262 4354; x_wconf 76' lang='lat' dir='ltr'>(st)</span> <span class='ocrx_word' id='word_1_596' title='bbox 289 4282 351 4340; x_wconf 83' lang='lat' dir='ltr'>Non</span> <span class='ocrx_word' id='word_1_597' title='bbox 374 4281 503 4353; x_wconf 70' lang='lat' dir='ltr'>ebriosis</span> <span class='ocrx_word' id='word_1_598' title='bbox 528 4283 596 4339; x_wconf 61' lang='lat' dir='ltr'>escit</span> <span class='ocrx_word' id='word_1_599' title='bbox 623 4285 812 4355; x_wconf 73' lang='lat' dir='ltr'>assuefactus.</span> <span class='ocrx_word' id='word_1_600' title='bbox 833 4282 971 4340; x_wconf 79' lang='lat' dir='ltr'>Gloriosus</span> <span class='ocrx_word' id='word_1_601' title='bbox 1024 4225 1177 4356; x_wconf 59' lang='lat' dir='ltr'>gemmam.</span> <span class='ocrx_word' id='word_1_602' title='bbox 1194 4280 1224 4328; x_wconf 92' lang='lat' dir='ltr'>ut</span> <span class='ocrx_word' id='word_1_603' title='bbox 1237 4271 1365 4328; x_wconf 88' lang='lat' dir='ltr'>audacter</span> <span class='ocrx_word' id='word_1_604' title='bbox 1385 4271 1432 4342; x_wconf 85' lang='lat' dir='ltr'>qui</span> <span class='ocrx_word' id='word_1_605' title='bbox 1455 4271 1555 4352; x_wconf 84' lang='lat' dir='ltr'>bonnm</span> <span class='ocrx_word' id='word_1_606' title='bbox 1569 4286 1638 4343; x_wconf 89' lang='lat' dir='ltr'>opus</span> <span class='ocrx_word' id='word_1_607' title='bbox 1652 4273 1745 4356; x_wconf 79' lang='lat' dir='ltr'>iecerit</span> <span class='ocrx_word' id='word_1_608' title='bbox 1758 4289 1822 4330; x_wconf 90' lang='lat' dir='ltr'>cum</span> 
     </span>
     <span class='ocr_line' id='line_1_46' title="bbox 187 4342 1821 4425; baseline 0.005 -18"><span class='ocrx_word' id='word_1_609' title='bbox 187 4365 250 4408; x_wconf 77' lang='lat' dir='ltr'>accat</span> <span class='ocrx_word' id='word_1_610' title='bbox 264 4353 463 4425; x_wconf 86' lang='lat' dir='ltr'>escas‚quibus</span> <span class='ocrx_word' id='word_1_611' title='bbox 478 4354 626 4425; x_wconf 79' lang='lat' dir='ltr'>gloriantur</span> <span class='ocrx_word' id='word_1_612' title='bbox 640 4354 771 4420; x_wconf 92' lang='lat' dir='ltr'>nonnulli,</span> <span class='ocrx_word' id='word_1_613' title='bbox 788 4369 859 4411; x_wconf 90' lang='lat' dir='ltr'>nuno</span> <span class='ocrx_word' id='word_1_614' title='bbox 873 4355 909 4411; x_wconf 92' lang='lat' dir='ltr'>ob</span> <span class='ocrx_word' id='word_1_615' title='bbox 924 4369 969 4410; x_wconf 87' lang='lat' dir='ltr'>ra·</span> <span class='ocrx_word' id='word_1_616' title='bbox 1024 4350 1082 4407; x_wconf 89' lang='lat' dir='ltr'>Deo</span> <span class='ocrx_word' id='word_1_617' title='bbox 1106 4346 1248 4415; x_wconf 79' lang='lat' dir='ltr'>disceptet,</span> <span class='ocrx_word' id='word_1_618' title='bbox 1277 4342 1518 4412; x_wconf 71' lang='lat' dir='ltr'>ll¹10ffl0d⁰⁹⁹¹⁹m</span> <span class='ocrx_word' id='word_1_619' title='bbox 1541 4342 1645 4401; x_wconf 55' lang='grc'>’999909</span> <span class='ocrx_word' id='word_1_620' title='bbox 1670 4345 1821 4415; x_wconf 62' lang='grc'><strong>9999198999</strong></span> 
     </span>
     <span class='ocr_line' id='line_1_47' title="bbox 188 4414 1820 4494; baseline -0.001 -18"><span class='ocrx_word' id='word_1_621' title='bbox 188 4422 291 4491; x_wconf 81' lang='lat' dir='ltr'>dalem,</span> <span class='ocrx_word' id='word_1_622' title='bbox 307 4440 380 4482; x_wconf 93' lang='lat' dir='ltr'>nunc</span> <span class='ocrx_word' id='word_1_623' title='bbox 396 4424 682 4494; x_wconf 81' lang='lat' dir='ltr'>obprctium.lluau.</span> <span class='ocrx_word' id='word_1_624' title='bbox 1022 4423 1140 4479; x_wconf 84' lang='lat' dir='ltr'>videtur.</span> <span class='ocrx_word' id='word_1_625' title='bbox 1170 4415 1199 4472; x_wconf 90' lang='lat' dir='ltr'>Si</span> <span class='ocrx_word' id='word_1_626' title='bbox 1235 4414 1390 4478; x_wconf 83' lang='lat' dir='ltr'>adderetur,</span> <span class='ocrx_word' id='word_1_627' title='bbox 1420 4429 1487 4469; x_wconf 78' lang='lat' dir='ltr'>eam</span> <span class='ocrx_word' id='word_1_628' title='bbox 1514 4414 1587 4479; x_wconf 83' lang='lat' dir='ltr'>Deo,</span> <span class='ocrx_word' id='word_1_629' title='bbox 1616 4415 1715 4472; x_wconf 87' lang='lat' dir='ltr'>clarius</span> <span class='ocrx_word' id='word_1_630' title='bbox 1739 4416 1820 4474; x_wconf 85' lang='lat' dir='ltr'>toret.</span> 
     </span>
     <span class='ocr_line' id='line_1_48' title="bbox 214 4467 1579 4570; baseline -0.001 -20"><span class='ocrx_word' id='word_1_631' title='bbox 214 4499 266 4567; x_wconf 77' lang='lat'>(52)</span> <span class='ocrx_word' id='word_1_632' title='bbox 277 4496 489 4563; x_wconf 74' lang='lat' dir='ltr'>Sacrificiorum</span> <span class='ocrx_word' id='word_1_633' title='bbox 499 4497 660 4553; x_wconf 81' lang='lat' dir='ltr'>arrerallaec</span> <span class='ocrx_word' id='word_1_634' title='bbox 669 4496 860 4553; x_wconf 87' lang='lat' dir='ltr'>sacrificiorum</span> <span class='ocrx_word' id='word_1_635' title='bbox 870 4511 964 4562; x_wconf 87' lang='lat' dir='ltr'>onera,</span> <span class='ocrx_word' id='word_1_636' title='bbox 982 4467 1005 4547; x_wconf 71' lang='grc' dir='ltr'>ὓ</span> <span class='ocrx_word' id='word_1_637' title='bbox 1021 4494 1060 4549; x_wconf 90' lang='lat' dir='ltr'>ln.</span> <span class='ocrx_word' id='word_1_638' title='bbox 1220 4560 1225 4570; x_wconf 32' lang='grc' dir='ltr'>ι</span> <span class='ocrx_word' id='word_1_639' title='bbox 1309 4559 1314 4570; x_wconf 35' lang='lat'><strong>¹</strong></span> <span class='ocrx_word' id='word_1_640' title='bbox 1359 4554 1391 4567; x_wconf 31' lang='grc' dir='ltr'>Ι,</span> <span class='ocrx_word' id='word_1_641' title='bbox 1548 4552 1579 4564; x_wconf 90' lang='lat'>..</span> 
     </span>
     <span class='ocr_line' id='line_1_49' title="bbox 187 4553 1822 4640; baseline 0.002 -22"><span class='ocrx_word' id='word_1_642' title='bbox 187 4574 253 4639; x_wconf 85' lang='lat' dir='ltr'>atquc</span> <span class='ocrx_word' id='word_1_643' title='bbox 278 4569 327 4621; x_wconf 87' lang='lat' dir='ltr'>has</span> <span class='ocrx_word' id='word_1_644' title='bbox 356 4567 544 4634; x_wconf 87' lang='lat' dir='ltr'>operationum</span> <span class='ocrx_word' id='word_1_645' title='bbox 571 4574 598 4622; x_wconf 90' lang='lat' dir='ltr'>et</span> <span class='ocrx_word' id='word_1_646' title='bbox 621 4568 787 4626; x_wconf 86' lang='lat' dir='ltr'>oblationum</span> <span class='ocrx_word' id='word_1_647' title='bbox 815 4566 969 4640; x_wconf 77' lang='lat' dir='ltr'>negotiosas</span> <span class='ocrx_word' id='word_1_648' title='bbox 1058 4565 1116 4635; x_wconf 80' lang='grc'>(55)</span> <span class='ocrx_word' id='word_1_649' title='bbox 1132 4564 1288 4640; x_wconf 76' lang='lat' dir='ltr'>anarrere</span> <span class='ocrx_word' id='word_1_650' title='bbox 1298 4555 1451 4629; x_wconf 69' lang='lat' dir='ltr'>judaerum,</span> <span class='ocrx_word' id='word_1_651' title='bbox 1466 4553 1610 4626; x_wconf 69' lang='lat' dir='ltr'>Elqulsllo</span> <span class='ocrx_word' id='word_1_652' title='bbox 1624 4569 1655 4609; x_wconf 75' lang='lat'>⁹0</span> <span class='ocrx_word' id='word_1_653' title='bbox 1677 4562 1822 4627; x_wconf 62' lang='grc' dir='ltr'>ΡθῑδΡθθῑθ</span> 
     </span>
     <span class='ocr_line' id='line_1_50' title="bbox 186 4627 1713 4711; baseline -0.007 -19"><span class='ocrx_word' id='word_1_654' title='bbox 186 4638 395 4708; x_wconf 86' lang='lat' dir='ltr'>scmpulositates</span> <span class='ocrx_word' id='word_1_655' title='bbox 410 4637 438 4691; x_wconf 89' lang='lat' dir='ltr'>in</span> <span class='ocrx_word' id='word_1_656' title='bbox 451 4637 483 4694; x_wconf 91' lang='lat' dir='ltr'>de</span> <span class='ocrx_word' id='word_1_657' title='bbox 501 4639 649 4711; x_wconf 77' lang='lat' dir='ltr'>Praescrip.</span> <span class='ocrx_word' id='word_1_658' title='bbox 662 4641 787 4697; x_wconf 82' lang='lat' dir='ltr'>decretio.</span> <span class='ocrx_word' id='word_1_659' title='bbox 805 4649 868 4711; x_wconf 87' lang='lat' dir='ltr'>apte</span> <span class='ocrx_word' id='word_1_660' title='bbox 887 4654 970 4695; x_wconf 87' lang='lat' dir='ltr'>voca·</span> <span class='ocrx_word' id='word_1_661' title='bbox 1025 4636 1166 4704; x_wconf 87' lang='lat' dir='ltr'>utriusque</span> <span class='ocrx_word' id='word_1_662' title='bbox 1181 4641 1265 4701; x_wconf 81' lang='lat' dir='ltr'>partis</span> <span class='ocrx_word' id='word_1_663' title='bbox 1275 4643 1345 4702; x_wconf 78' lang='lat' dir='ltr'>Jure.</span> <span class='ocrx_word' id='word_1_664' title='bbox 1361 4627 1425 4682; x_wconf 80' lang='lat' dir='ltr'>ilua.</span> <span class='ocrx_word' id='word_1_665' title='bbox 1708 4693 1713 4705; x_wconf 31' lang='lat'><strong><em>⁹</em></strong></span> 
     </span>
     <span class='ocr_line' id='line_1_51' title="bbox 185 4693 1823 4780; baseline -0.005 -19"><span class='ocrx_word' id='word_1_666' title='bbox 185 4709 217 4765; x_wconf 86' lang='lat' dir='ltr'>rit</span> <span class='ocrx_word' id='word_1_667' title='bbox 237 4712 434 4767; x_wconf 82' lang='lat' dir='ltr'>morositatem</span> <span class='ocrx_word' id='word_1_668' title='bbox 448 4708 560 4765; x_wconf 77' lang='lat' dir='ltr'>tudaeaa</span> <span class='ocrx_word' id='word_1_669' title='bbox 581 4710 675 4766; x_wconf 84' lang='lat' dir='ltr'>Raan.</span> <span class='ocrx_word' id='word_1_670' title='bbox 1062 4703 1116 4777; x_wconf 81' lang='grc'>(56)</span> <span class='ocrx_word' id='word_1_671' title='bbox 1132 4707 1235 4776; x_wconf 79' lang='lat' dir='ltr'>Fupcre</span> <span class='ocrx_word' id='word_1_672' title='bbox 1248 4698 1440 4780; x_wconf 73' lang='lat' dir='ltr'>improborum</span> <span class='ocrx_word' id='word_1_673' title='bbox 1455 4698 1629 4777; x_wconf 80' lang='lat' dir='ltr'>contactam.</span> <span class='ocrx_word' id='word_1_674' title='bbox 1645 4693 1823 4752; x_wconf 85' lang='lat' dir='ltr'>lnPnhaeano</span> 
     </span>
     <span class='ocr_line' id='line_1_52' title="bbox 212 4770 1823 4852; baseline -0.003 -25"><span class='ocrx_word' id='word_1_675' title='bbox 212 4782 269 4852; x_wconf 78' lang='grc'>(53)</span> <span class='ocrx_word' id='word_1_676' title='bbox 286 4780 360 4848; x_wconf 78' lang='lat' dir='ltr'>Quid</span> <span class='ocrx_word' id='word_1_677' title='bbox 375 4780 452 4836; x_wconf 78' lang='lat' dir='ltr'>anim</span> <span class='ocrx_word' id='word_1_678' title='bbox 465 4783 573 4851; x_wconf 73' lang='lat' dir='ltr'>faceret</span> <span class='ocrx_word' id='word_1_679' title='bbox 585 4780 697 4838; x_wconf 82' lang='lat' dir='ltr'>beatum</span> <span class='ocrx_word' id='word_1_680' title='bbox 716 4781 867 4839; x_wconf 71' lang='lat' dir='ltr'>tramissem.</span> <span class='ocrx_word' id='word_1_681' title='bbox 885 4780 973 4836; x_wconf 79' lang='lat' dir='ltr'>Usue—</span> <span class='ocrx_word' id='word_1_682' title='bbox 1026 4781 1089 4836; x_wconf 85' lang='lat' dir='ltr'>cod.</span> <span class='ocrx_word' id='word_1_683' title='bbox 1105 4782 1133 4831; x_wconf 85' lang='lat' dir='ltr'>ct</span> <span class='ocrx_word' id='word_1_684' title='bbox 1147 4775 1268 4829; x_wconf 84' lang='lat' dir='ltr'>Rllenant</span> <span class='ocrx_word' id='word_1_685' title='bbox 1283 4770 1738 4848; x_wconf 68' lang='lat' dir='ltr'>cdttiontbtlslcgtitltadtttactttm,</span> <span class='ocrx_word' id='word_1_686' title='bbox 1748 4770 1823 4839; x_wconf 82' lang='lat' dir='ltr'>quod</span> 
     </span>
     <span class='ocr_line' id='line_1_53' title="bbox 183 4840 1823 4922; baseline -0.007 -16"><span class='ocrx_word' id='word_1_687' title='bbox 183 4852 333 4920; x_wconf 69' lang='lat' dir='ltr'>manner</span> <span class='ocrx_word' id='word_1_688' title='bbox 343 4849 486 4907; x_wconf 84' lang='lat' dir='ltr'>bominem</span> <span class='ocrx_word' id='word_1_689' title='bbox 502 4866 550 4921; x_wconf 88' lang='lat' dir='ltr'>pro</span> <span class='ocrx_word' id='word_1_690' title='bbox 563 4853 622 4908; x_wconf 90' lang='lat' dir='ltr'>uiro</span> <span class='ocrx_word' id='word_1_691' title='bbox 639 4870 645 4909; x_wconf 96' lang='lat'><strong>:</strong></span> <span class='ocrx_word' id='word_1_692' title='bbox 662 4868 723 4907; x_wconf 87' lang='lat' dir='ltr'>nam</span> <span class='ocrx_word' id='word_1_693' title='bbox 739 4854 877 4909; x_wconf 82' lang='lat' dir='ltr'>etGraecae</span> <span class='ocrx_word' id='word_1_694' title='bbox 890 4861 916 4907; x_wconf 91' lang='lat' dir='ltr'>et</span> <span class='ocrx_word' id='word_1_695' title='bbox 927 4853 975 4907; x_wconf 89' lang='lat' dir='ltr'>La·</span> <span class='ocrx_word' id='word_1_696' title='bbox 1027 4864 1092 4905; x_wconf 88' lang='lat' dir='ltr'>sane</span> <span class='ocrx_word' id='word_1_697' title='bbox 1112 4843 1235 4917; x_wconf 76' lang='lat' dir='ltr'>fugiendi</span> <span class='ocrx_word' id='word_1_698' title='bbox 1251 4841 1334 4899; x_wconf 79' lang='lat' dir='ltr'>aerbo</span> <span class='ocrx_word' id='word_1_699' title='bbox 1348 4841 1435 4914; x_wconf 80' lang='lat' dir='ltr'>magis</span> <span class='ocrx_word' id='word_1_700' title='bbox 1452 4847 1586 4921; x_wconf 71' lang='lat' dir='ltr'>conuenit.</span> <span class='ocrx_word' id='word_1_701' title='bbox 1607 4840 1739 4895; x_wconf 76' lang='lat' dir='ltr'>Panaetius</span> <span class='ocrx_word' id='word_1_702' title='bbox 1760 4855 1823 4922; x_wconf 84' lang='lat' dir='ltr'>rnu-</span> 
     </span>
     <span class='ocr_line' id='line_1_54' title="bbox 181 4911 1824 4994; baseline -0.005 -18"><span class='ocrx_word' id='word_1_703' title='bbox 181 4921 252 4978; x_wconf 75' lang='lat' dir='ltr'>tinae⁸</span> <span class='ocrx_word' id='word_1_704' title='bbox 267 4937 300 4978; x_wconf 88' lang='lat' dir='ltr'>ac</span> <span class='ocrx_word' id='word_1_705' title='bbox 314 4920 636 4988; x_wconf 63' lang='lat' dir='ltr'>ueuraieecnatdaiene,</span> <span class='ocrx_word' id='word_1_706' title='bbox 653 4939 687 4978; x_wconf 88' lang='lat' dir='ltr'>nc</span> <span class='ocrx_word' id='word_1_707' title='bbox 703 4927 879 4980; x_wconf 86' lang='lat' dir='ltr'>recesvirum</span> <span class='ocrx_word' id='word_1_708' title='bbox 891 4922 975 4994; x_wconf 83' lang='lat' dir='ltr'>signi·</span> <span class='ocrx_word' id='word_1_709' title='bbox 1031 4919 1114 4984; x_wconf 75' lang='lat' dir='ltr'>tauit3</span> <span class='ocrx_word' id='word_1_710' title='bbox 1140 4917 1180 4973; x_wconf 91' lang='lat' dir='ltr'>sic</span> <span class='ocrx_word' id='word_1_711' title='bbox 1199 4923 1274 4971; x_wconf 87' lang='lat' dir='ltr'>ratus</span> <span class='ocrx_word' id='word_1_712' title='bbox 1294 4922 1399 4984; x_wconf 88' lang='lat' dir='ltr'>aptasse</span> <span class='ocrx_word' id='word_1_713' title='bbox 1422 4912 1525 4967; x_wconf 83' lang='lat' dir='ltr'>Graecrs</span> <span class='ocrx_word' id='word_1_714' title='bbox 1546 4926 1605 4981; x_wconf 87' lang='lat' dir='ltr'>quae</span> <span class='ocrx_word' id='word_1_715' title='bbox 1632 4911 1704 4981; x_wconf 88' lang='lat' dir='ltr'>apud</span> <span class='ocrx_word' id='word_1_716' title='bbox 1727 4912 1824 4967; x_wconf 79' lang='lat' dir='ltr'>lauram</span> 
     </span>
     <span class='ocr_line' id='line_1_55' title="bbox 181 4981 1825 5066; baseline -0.004 -21"><span class='ocrx_word' id='word_1_717' title='bbox 181 4991 977 5066; x_wconf 59' lang='lat' dir='ltr'>terentianopsal.1;usnrpamrsirmlueravulgo</span> <span class='ocrx_word' id='word_1_718' title='bbox 1031 4993 1160 5065; x_wconf 77' lang='lat' dir='ltr'>leguntur</span> <span class='ocrx_word' id='word_1_719' title='bbox 1195 5003 1254 5058; x_wconf 87' lang='lat' dir='ltr'>cap.</span> <span class='ocrx_word' id='word_1_720' title='bbox 1291 4983 1534 5056; x_wconf 61' lang='lat' dir='ltr'>autumabamus</span> <span class='ocrx_word' id='word_1_721' title='bbox 1562 4981 1666 5043; x_wconf 77' lang='grc' dir='ltr'>ἀδικίας.</span> <span class='ocrx_word' id='word_1_722' title='bbox 1694 4982 1746 5040; x_wconf 89' lang='lat' dir='ltr'>Sed</span> <span class='ocrx_word' id='word_1_723' title='bbox 1771 4983 1825 5039; x_wconf 90' lang='lat' dir='ltr'>illic</span> 
     </span>
     <span class='ocr_line' id='line_1_56' title="bbox 180 5051 1825 5139; baseline -0.005 -20"><span class='ocrx_word' id='word_1_724' title='bbox 180 5063 332 5120; x_wconf 87' lang='lat' dir='ltr'>Gallorum.</span> <span class='ocrx_word' id='word_1_725' title='bbox 352 5064 625 5120; x_wconf 85' lang='lat' dir='ltr'>Pulchraestoutem</span> <span class='ocrx_word' id='word_1_726' title='bbox 639 5067 848 5136; x_wconf 57' lang='lat' dir='ltr'>metaphoran</span> <span class='ocrx_word' id='word_1_727' title='bbox 871 5065 977 5121; x_wconf 85' lang='lat' dir='ltr'>lludem</span> <span class='ocrx_word' id='word_1_728' title='bbox 1031 5065 1154 5129; x_wconf 76' lang='lat' dir='ltr'>liabetur,</span> <span class='ocrx_word' id='word_1_729' title='bbox 1168 5059 1210 5113; x_wconf 80' lang='lat' dir='ltr'>tis</span> <span class='ocrx_word' id='word_1_730' title='bbox 1234 5056 1315 5139; x_wconf 65' lang='lat' dir='ltr'>niara</span> <span class='ocrx_word' id='word_1_731' title='bbox 1343 5051 1476 5128; x_wconf 63' lang='grc' dir='ltr'>σύνδεσμον</span> <span class='ocrx_word' id='word_1_732' title='bbox 1500 5053 1603 5117; x_wconf 75' lang='grc' dir='ltr'>ἀδικίας.</span> <span class='ocrx_word' id='word_1_733' title='bbox 1628 5055 1721 5126; x_wconf 91' lang='lat' dir='ltr'>ltaque</span> <span class='ocrx_word' id='word_1_734' title='bbox 1751 5053 1825 5111; x_wconf 86' lang='lat' dir='ltr'>aliud</span> 
     </span>
     <span class='ocr_line' id='line_1_57' title="bbox 181 5127 1701 5206; baseline -0.004 -17"><span class='ocrx_word' id='word_1_735' title='bbox 181 5134 264 5190; x_wconf 84' lang='lat' dir='ltr'>tidem</span> <span class='ocrx_word' id='word_1_736' title='bbox 279 5136 405 5206; x_wconf 88' lang='lat' dir='ltr'>operosis</span> <span class='ocrx_word' id='word_1_737' title='bbox 419 5133 515 5191; x_wconf 86' lang='lat' dir='ltr'>ciliciis</span> <span class='ocrx_word' id='word_1_738' title='bbox 528 5136 691 5191; x_wconf 86' lang='lat' dir='ltr'>dedolantis.</span> <span class='ocrx_word' id='word_1_739' title='bbox 712 5139 809 5193; x_wconf 79' lang='lat' dir='ltr'>nl&#39;uu.</span> <span class='ocrx_word' id='word_1_740' title='bbox 1032 5134 1085 5191; x_wconf 84' lang='lat' dir='ltr'>sibi</span> <span class='ocrx_word' id='word_1_741' title='bbox 1097 5131 1183 5188; x_wconf 81' lang='lat' dir='ltr'>uoluit</span> <span class='ocrx_word' id='word_1_742' title='bbox 1202 5129 1356 5198; x_wconf 80' lang='lat' dir='ltr'>Septimus.</span> <span class='ocrx_word' id='word_1_743' title='bbox 1377 5127 1418 5183; x_wconf 92' lang='lat' dir='ltr'>lo.</span> <span class='ocrx_word' id='word_1_744' title='bbox 1696 5196 1701 5206; x_wconf 31' lang='grc' dir='ltr'>Ι</span> 
     </span>
     <span class='ocr_line' id='line_1_58' title="bbox 212 5197 1829 5280; baseline -0.006 -17"><span class='ocrx_word' id='word_1_745' title='bbox 212 5207 271 5274; x_wconf 76' lang='lat' dir='ltr'>(bl)</span> <span class='ocrx_word' id='word_1_746' title='bbox 295 5209 338 5262; x_wconf 79' lang='lat' dir='ltr'>Aa</span> <span class='ocrx_word' id='word_1_747' title='bbox 353 5221 415 5264; x_wconf 89' lang='lat' dir='ltr'>erre</span> <span class='ocrx_word' id='word_1_748' title='bbox 429 5209 578 5280; x_wconf 84' lang='lat' dir='ltr'>nequitias,</span> <span class='ocrx_word' id='word_1_749' title='bbox 599 5208 632 5266; x_wconf 89' lang='lat' dir='ltr'>de</span> <span class='ocrx_word' id='word_1_750' title='bbox 646 5212 753 5266; x_wconf 84' lang='lat' dir='ltr'>aainra.</span> <span class='ocrx_word' id='word_1_751' title='bbox 768 5209 835 5264; x_wconf 83' lang='lat' dir='ltr'>Citat</span> <span class='ocrx_word' id='word_1_752' title='bbox 850 5207 921 5263; x_wconf 90' lang='lat' dir='ltr'>istud</span> <span class='ocrx_word' id='word_1_753' title='bbox 936 5221 979 5262; x_wconf 91' lang='lat' dir='ltr'>se·</span> <span class='ocrx_word' id='word_1_754' title='bbox 1068 5206 1124 5276; x_wconf 80' lang='lat' dir='ltr'>(ot)</span> <span class='ocrx_word' id='word_1_755' title='bbox 1136 5204 1286 5260; x_wconf 83' lang='lat' dir='ltr'>Dirnitterc</span> <span class='ocrx_word' id='word_1_756' title='bbox 1297 5199 1460 5269; x_wconf 74' lang='lat' dir='ltr'>condictam</span> <span class='ocrx_word' id='word_1_757' title='bbox 1470 5199 1664 5270; x_wconf 83' lang='lat' dir='ltr'>iaiatepram.</span> <span class='ocrx_word' id='word_1_758' title='bbox 1675 5197 1829 5254; x_wconf 82' lang='lat' dir='ltr'>Srchabent</span> 
     </span>
     <span class='ocr_line' id='line_1_59' title="bbox 180 5269 1827 5352; baseline -0.005 -20"><span class='ocrx_word' id='word_1_759' title='bbox 180 5277 334 5333; x_wconf 80' lang='lat' dir='ltr'>candumL</span> <span class='ocrx_word' id='word_1_760' title='bbox 408 5294 439 5333; x_wconf 83' lang='lat' dir='ltr'>es</span> <span class='ocrx_word' id='word_1_761' title='bbox 462 5280 535 5333; x_wconf 88' lang='lat' dir='ltr'>lsaiae</span> <span class='ocrx_word' id='word_1_762' title='bbox 549 5279 860 5352; x_wconf 84' lang='lat' dir='ltr'>cap.1,exceptoquod</span> <span class='ocrx_word' id='word_1_763' title='bbox 882 5278 980 5334; x_wconf 83' lang='lat' dir='ltr'>omittit</span> <span class='ocrx_word' id='word_1_764' title='bbox 1034 5275 1197 5347; x_wconf 85' lang='lat' dir='ltr'>cxcrnplaria</span> <span class='ocrx_word' id='word_1_765' title='bbox 1219 5281 1321 5329; x_wconf 86' lang='lat' dir='ltr'>vetera.</span> <span class='ocrx_word' id='word_1_766' title='bbox 1343 5272 1421 5342; x_wconf 78' lang='lat' dir='ltr'>Apud</span> <span class='ocrx_word' id='word_1_767' title='bbox 1445 5270 1569 5334; x_wconf 85' lang='lat' dir='ltr'>Esdram,</span> <span class='ocrx_word' id='word_1_768' title='bbox 1594 5278 1654 5340; x_wconf 85' lang='lat' dir='ltr'>post</span> <span class='ocrx_word' id='word_1_769' title='bbox 1675 5285 1706 5324; x_wconf 85' lang='lat' dir='ltr'>ea</span> <span class='ocrx_word' id='word_1_770' title='bbox 1733 5269 1827 5350; x_wconf 81' lang='lat' dir='ltr'>verba,</span> 
     </span>
     <span class='ocr_line' id='line_1_60' title="bbox 192 5341 1830 5420; baseline -0.007 -16"><span class='ocrx_word' id='word_1_771' title='bbox 192 5350 267 5419; x_wconf 80' lang='lat' dir='ltr'>qaod</span> <span class='ocrx_word' id='word_1_772' title='bbox 290 5359 382 5404; x_wconf 70' lang='lat' dir='ltr'>amen</span> <span class='ocrx_word' id='word_1_773' title='bbox 396 5353 478 5404; x_wconf 89' lang='lat' dir='ltr'>etiam</span> <span class='ocrx_word' id='word_1_774' title='bbox 502 5351 601 5405; x_wconf 90' lang='lat' dir='ltr'>babent</span> <span class='ocrx_word' id='word_1_775' title='bbox 627 5351 759 5418; x_wconf 78' lang='lat' dir='ltr'>llebraeae,</span> <span class='ocrx_word' id='word_1_776' title='bbox 783 5349 933 5407; x_wconf 78' lang='lat' dir='ltr'>chaldaicae</span> <span class='ocrx_word' id='word_1_777' title='bbox 955 5358 982 5404; x_wconf 90' lang='lat' dir='ltr'>et</span> <span class='ocrx_word' id='word_1_778' title='bbox 1041 5349 1156 5407; x_wconf 86' lang='lat' dir='ltr'>Viduam</span> <span class='ocrx_word' id='word_1_779' title='bbox 1166 5346 1308 5419; x_wconf 80' lang='lat' dir='ltr'>justifica,</span> <span class='ocrx_word' id='word_1_780' title='bbox 1333 5344 1441 5418; x_wconf 88' lang='lat' dir='ltr'>pupilla</span> <span class='ocrx_word' id='word_1_781' title='bbox 1458 5342 1569 5413; x_wconf 87' lang='lat' dir='ltr'>judica,</span> <span class='ocrx_word' id='word_1_782' title='bbox 1585 5341 1674 5420; x_wconf 79' lang='lat' dir='ltr'>statim</span> <span class='ocrx_word' id='word_1_783' title='bbox 1694 5350 1830 5418; x_wconf 73' lang='lat' dir='ltr'>soqmtur,</span> 
     </span>
     <span class='ocr_line' id='line_1_61' title="bbox 220 5407 1832 5494; baseline -0.007 -20"><span class='ocrx_word' id='word_1_784' title='bbox 220 5420 285 5474; x_wconf 75' lang='lat' dir='ltr'>tinne</span> <span class='ocrx_word' id='word_1_785' title='bbox 299 5420 445 5488; x_wconf 81' lang='lat' dir='ltr'>editiones}</span> <span class='ocrx_word' id='word_1_786' title='bbox 463 5419 581 5477; x_wconf 85' lang='lat' dir='ltr'>liberare</span> <span class='ocrx_word' id='word_1_787' title='bbox 595 5423 707 5493; x_wconf 86' lang='lat' dir='ltr'>injuria</span> <span class='ocrx_word' id='word_1_788' title='bbox 722 5438 896 5494; x_wconf 85' lang='lat' dir='ltr'>oppressam.</span> <span class='ocrx_word' id='word_1_789' title='bbox 908 5422 981 5476; x_wconf 81' lang='lat' dir='ltr'>l&#39;rae-</span> <span class='ocrx_word' id='word_1_790' title='bbox 1036 5423 1213 5491; x_wconf 74' lang='lat' dir='ltr'>confractum</span> <span class='ocrx_word' id='word_1_791' title='bbox 1228 5422 1256 5476; x_wconf 90' lang='lat' dir='ltr'>et</span> <span class='ocrx_word' id='word_1_792' title='bbox 1276 5416 1392 5473; x_wconf 87' lang='lat' dir='ltr'>debilem</span> <span class='ocrx_word' id='word_1_793' title='bbox 1415 5430 1495 5470; x_wconf 88' lang='lat' dir='ltr'>cara.</span> <span class='ocrx_word' id='word_1_794' title='bbox 1511 5413 1545 5467; x_wconf 84' lang='lat' dir='ltr'>m</span> <span class='ocrx_word' id='word_1_795' title='bbox 1568 5411 1651 5465; x_wconf 80' lang='lat' dir='ltr'>lsanas</span> <span class='ocrx_word' id='word_1_796' title='bbox 1673 5409 1753 5487; x_wconf 69' lang='lat' dir='ltr'>duait,</span> <span class='ocrx_word' id='word_1_797' title='bbox 1773 5407 1832 5462; x_wconf 76' lang='lat' dir='ltr'>iad-</span> 
     </span>
     <span class='ocr_line' id='line_1_62' title="bbox 182 5481 1836 5574; baseline -0.006 -27"><span class='ocrx_word' id='word_1_798' title='bbox 182 5499 308 5562; x_wconf 76' lang='lat' dir='ltr'>torquem</span> <span class='ocrx_word' id='word_1_799' title='bbox 321 5491 396 5573; x_wconf 83' lang='lat' dir='ltr'>quod</span> <span class='ocrx_word' id='word_1_800' title='bbox 416 5491 507 5555; x_wconf 86' lang='lat' dir='ltr'>addat,</span> <span class='ocrx_word' id='word_1_801' title='bbox 527 5492 644 5565; x_wconf 81' lang='lat' dir='ltr'>ditipere</span> <span class='ocrx_word' id='word_1_802' title='bbox 667 5495 851 5566; x_wconf 74' lang='lat' dir='ltr'>questiones,</span> <span class='ocrx_word' id='word_1_803' title='bbox 867 5492 916 5549; x_wconf 88' lang='lat' dir='ltr'>scd</span> <span class='ocrx_word' id='word_1_804' title='bbox 929 5507 982 5574; x_wconf 87' lang='lat' dir='ltr'>po·</span> <span class='ocrx_word' id='word_1_805' title='bbox 1037 5491 1123 5547; x_wconf 81' lang='grc' dir='ltr'>στελλε</span> <span class='ocrx_word' id='word_1_806' title='bbox 1145 5490 1322 5561; x_wconf 73' lang='grc' dir='ltr'>τιθραμμέιους</span> <span class='ocrx_word' id='word_1_807' title='bbox 1344 5485 1369 5538; x_wconf 81' lang='grc' dir='ltr'>ἐν</span> <span class='ocrx_word' id='word_1_808' title='bbox 1391 5484 1541 5564; x_wconf 54' lang='lat' dir='ltr'>datreaEt</span> <span class='ocrx_word' id='word_1_809' title='bbox 1563 5481 1621 5537; x_wconf 74' lang='lat' dir='ltr'>bac</span> <span class='ocrx_word' id='word_1_810' title='bbox 1652 5494 1742 5535; x_wconf 88' lang='lat' dir='ltr'>omma</span> <span class='ocrx_word' id='word_1_811' title='bbox 1769 5486 1836 5538; x_wconf 85' lang='lat' dir='ltr'>sunt</span> 
     </span>
     <span class='ocr_line' id='line_1_63' title="bbox 184 5550 1623 5635; baseline -0.006 -18"><span class='ocrx_word' id='word_1_812' title='bbox 184 5562 237 5617; x_wconf 81' lang='lat' dir='ltr'>dus</span> <span class='ocrx_word' id='word_1_813' title='bbox 251 5561 343 5632; x_wconf 78' lang='lat' dir='ltr'>(sicuti</span> <span class='ocrx_word' id='word_1_814' title='bbox 364 5561 469 5635; x_wconf 74' lang='lat' dir='ltr'>castigo</span> <span class='ocrx_word' id='word_1_815' title='bbox 483 5577 517 5618; x_wconf 88' lang='lat' dir='ltr'>ex</span> <span class='ocrx_word' id='word_1_816' title='bbox 534 5563 768 5620; x_wconf 86' lang='lat' dir='ltr'>animaduersione</span> <span class='ocrx_word' id='word_1_817' title='bbox 781 5565 863 5619; x_wconf 90' lang='lat' dir='ltr'>Joan.</span> <span class='ocrx_word' id='word_1_818' title='bbox 879 5563 982 5619; x_wconf 78' lang='lat' dir='ltr'>llnnd-</span> <span class='ocrx_word' id='word_1_819' title='bbox 1039 5581 1055 5620; x_wconf 86' lang='lat' dir='ltr'>a</span> <span class='ocrx_word' id='word_1_820' title='bbox 1073 5560 1204 5635; x_wconf 88' lang='lat' dir='ltr'>Septimio</span> <span class='ocrx_word' id='word_1_821' title='bbox 1218 5558 1282 5614; x_wconf 88' lang='lat' dir='ltr'>satis</span> <span class='ocrx_word' id='word_1_822' title='bbox 1296 5557 1466 5628; x_wconf 77' lang='lat' dir='ltr'>negligenter</span> <span class='ocrx_word' id='word_1_823' title='bbox 1479 5560 1567 5609; x_wconf 81' lang='lat' dir='ltr'>atate.</span> <span class='ocrx_word' id='word_1_824' title='bbox 1584 5550 1623 5608; x_wconf 88' lang='lat' dir='ltr'>ln.</span> 
     </span>
     <span class='ocr_line' id='line_1_64' title="bbox 183 5630 986 5710; baseline 0.004 -20"><span class='ocrx_word' id='word_1_825' title='bbox 183 5633 215 5690; x_wconf 84' lang='lat' dir='ltr'>sii</span> <span class='ocrx_word' id='word_1_826' title='bbox 234 5630 332 5706; x_wconf 68' lang='lat' dir='ltr'>baali)</span> <span class='ocrx_word' id='word_1_827' title='bbox 353 5633 496 5706; x_wconf 71' lang='lat' dir='ltr'>diripere,·</span> <span class='ocrx_word' id='word_1_828' title='bbox 518 5650 581 5693; x_wconf 83' lang='lat' dir='ltr'>narn</span> <span class='ocrx_word' id='word_1_829' title='bbox 602 5637 655 5694; x_wconf 89' lang='lat' dir='ltr'>boc</span> <span class='ocrx_word' id='word_1_830' title='bbox 675 5634 920 5710; x_wconf 77' lang='lat' dir='ltr'>frequentissimum</span> <span class='ocrx_word' id='word_1_831' title='bbox 943 5644 986 5693; x_wconf 89' lang='lat' dir='ltr'>cst</span> 
     </span>
    </p>
   </div>
   <div class='ocr_carea' id='block_1_8' title="bbox 0 0 1957 6132">
    <p class='ocr_par' dir='ltr' id='par_1_8' title="bbox 0 0 1957 6132">
     <span class='ocr_line' id='line_1_65' title="bbox 0 0 1957 6132; baseline 0 0"><span class='ocrx_word' id='word_1_832' title='bbox 0 0 1957 6132; x_wconf 95' lang='lat' dir='ltr'> </span> 
     </span>
    </p>
   </div>
  </div>
 </body>
</html>
