3848 6120
125 316 178 377 723
462 311 681 375 rturnttttttt
702 314 832 377 orantur
851 314 936 376 etus
959 314 993 376 ll.
1013 340 1049 359 -
1066 308 1182 373 SERIES
1195 308 1217 380 l,
1236 304 1410 368 POLRblle.
1720 300 1774 362 72l

127 445 184 501 baec
197 441 266 509 sola,
278 453 358 511 quam
373 438 487 497 dicimus
496 455 558 496 cum
573 440 646 497 omui
660 439 792 496 instructu
807 441 923 514 su0(27)
937 428 960 506 Ι
975 438 1025 494 bus
1040 436 1148 493 feminee
1162 432 1246 490 loreis
1269 429 1457 490 commendata
1473 444 1533 487 cum
1558 427 1632 485 omni
1657 442 1707 484 sua
1729 441 1776 499 pa·

130 531 213 587 nasci.
228 528 262 583 Et
277 528 300 583 si
324 527 357 581 ad
381 527 493 584 arbores
516 543 707 600 provocamur,
730 528 924 599 amplectemur
976 534 1078 597 rntnrn,
1104 521 1246 598 pullulabit
1275 529 1328 577 tam
1351 517 1489 576 intellectu
1514 533 1597 589 quarn
1618 525 1647 572 et
1669 514 1777 572 senaar

127 619 280 691 exemplum
297 636 304 673 :
330 616 467 689 siquidem
491 625 518 672 et
541 616 606 684 illis,
622 617 738 673 necdum
762 617 921 681 arbusculis,
977 615 1106 684 Mentior,
1122 613 1145 668 si
1160 627 1214 668 non
1230 609 1321 666 statim
1345 608 1432 665 intans
1448 614 1477 663 ut
1499 605 1580 662 vitam
1595 603 1689 677 vagitu
1703 602 1776 660 salu·

127 708 176 763 sed
200 706 336 777 stipitibus
362 706 460 770 adbuc,
476 713 503 760 et
518 704 633 760 surculis
648 705 729 761 etiam
746 720 827 775 nunc,
843 705 925 761 simul
978 705 1044 760 terit
1062 704 1129 776 (at),
1146 702 1198 758 boc
1222 701 1312 773 ipsum
1331 715 1362 755 se
1377 705 1489 754 testatur
1502 696 1622 753 sensisse
1637 702 1719 766 atque
1736 692 1776 748 in·

131 795 165 851 de
178 795 321 852 scrobibus
340 795 473 861 oriuntur,
486 792 556 848 inest
569 793 678 864 propria
691 794 732 848 ris
746 794 853 850 animae.
869 792 921 849 Ve-
977 792 1124 860 tellexissc,
1144 789 1217 862 quod
1233 797 1312 844 natus
1336 795 1388 852 est,
1403 801 1497 842 ornnes
1517 783 1597 840 simul
1610 781 1712 838 ibidem
1728 780 1777 838 de-

128 901 189 940 rum
204 900 253 955 pro
273 882 402 953 temporis
421 881 524 937 ratione
546 891 707 952 remoratur,
723 882 876 939 coalescens
899 889 925 937 et
978 881 1071 936 dicans
1091 895 1197 944 sensus,
1221 885 1247 933 ct
1264 876 1325 932 luce
1349 875 1446 940 visum,
1462 880 1489 929 et
1514 886 1582 927 sono
1601 870 1777 937 auditumst

72 997 77 1005 ·
129 972 323 1028 coadulescens
340 970 366 1008 99
381 970 472 1026 robori
495 984 555 1036 stro,
572 969 660 1026 donec
682 981 747 1026 setas
771 972 883 1043 imp¹eat
899 971 926 1010 ⁹⁹
978 971 1092 1026 humore
1105 976 1225 1037 gestum,
1241 972 1269 1020 et
1282 980 1345 1021 aere
1365 963 1518 1026 odoratum,
1534 968 1561 1016 et
1579 968 1651 1014 terra
1664 964 1775 1015 tactum.

129 1062 246 1117 habiturn
259 1075 313 1132 quo
338 1065 432 1115 natura
446 1057 583 1129 iungatur.
601 1060 655 1113 llut
670 1062 739 1116 undo
754 1074 815 1115 rnox
831 1058 884 1114 illis
898 1067 926 1115 et
978 1055 1014 1113 lta
1035 1058 1121 1129 prima
1135 1056 1179 1111 illa
1192 1069 1246 1111 vox
1262 1053 1296 1109 dc
1311 1053 1407 1125 primis
1421 1066 1558 1116 sensuum,
1574 1057 1601 1105 et
1624 1048 1661 1102 do
1682 1047 1775 1121 primis

129 1148 238 1205 frutices
252 1146 432 1218 inoculantur,
447 1154 475 1202 et
497 1146 560 1202 tolia
583 1147 740 1212 tonnantur,
761 1154 788 1203 et
805 1147 926 1221 germina
979 1145 1166 1200 intellectuum
1181 1142 1304 1213 pulsibus
1317 1139 1432 1213 cogitur.
1444 1138 1509 1194 Plus
1520 1145 1570 1204 est,
1582 1136 1658 1210 quod
1668 1135 1702 1191 dc
1714 1151 1774 1207 pro·

130 1238 267 1305 iuilautnr,
281 1244 308 1293 et
322 1235 427 1292 ilosculi
443 1236 614 1301 inornantur,
629 1243 655 1293 et
665 1237 737 1291 succi
750 1237 925 1304 condiuntur3
979 1239 1074 1307 spectu
1096 1231 1280 1305 lacrymabilis
1301 1231 1357 1300 (32)
1373 1228 1434 1284 ritae
1448 1227 1556 1299 quidam
1580 1241 1715 1297 augurem
1737 1224 1775 1280 in-

131 1326 154 1381 si
173 1342 227 1383 nou
247 1327 272 1381 in
291 1325 359 1396 ipsis
383 1325 473 1381 omnis
495 1332 622 1394 paratura
636 1325 745 1396 generis
762 1325 885 1396 quiescit,
900 1333 928 1380 ct
980 1322 1184 1379 commodorum
1200 1334 1294 1376 rocem
1314 1318 1386 1373 illam
1409 1315 1526 1373 flebilem
1541 1314 1775 1386 interpretantur:

131 1415 251 1486 partibus
267 1419 389 1485 promota
404 1411 573 1482 grandescit?
592 1411 656 1467 lude
676 1411 758 1485 igitur
776 1419 803 1469 et
822 1413 928 1482 sapiunt
981 1426 1034 1482 qun
1049 1410 1129 1466 etiam
1144 1408 1282 1480 presciens
1306 1406 1429 1462 habenda
1440 1405 1474 1460 sit
1487 1404 1521 1459 ab
1540 1405 1668 1477 ingressu
1684 1402 1777 1459 natisi-

130 1502 203 1558 unde
216 1501 319 1570 vivunt,
332 1508 385 1555 tarn
400 1500 599 1572 vivendiquam
614 1500 736 1571 sapiendi
752 1501 926 1572 proprietate,
981 1499 1052 1566 tntis,
1069 1499 1166 1554 nedum
1190 1495 1357 1569 intelligens.
1371 1495 1383 1534 9
1399 1494 1504 1550 Exinde
1517 1499 1545 1548 et
1557 1500 1672 1548 matrem
1687 1490 1776 1565 spiritu

131 1588 280 1659 etquidem
299 1588 332 1643 ab
346 1586 496 1643 inlautiaet
510 1588 643 1656 ipsaesua.
658 1588 740 1643 Viden
754 1589 826 1643 euim
840 1597 866 1643 et
886 1590 927 1644 vi·
980 1586 1086 1657 probat,
1111 1592 1137 1640 et
1160 1584 1294 1640 nutricem
1317 1581 1413 1654 spiritu
1438 1579 1580 1647 examinat,
1606 1586 1634 1636 ct
1661 1578 1778 1655 gerulam

131 1689 187 1737 tcm
214 1678 302 1733 adbuc
326 1685 444 1733 teneram
472 1684 499 1731 et
525 1675 704 1744 impuberem,
732 1677 925 1749 intelligentem
981 1675 1077 1746 spiritu
1101 1671 1232 1744 agnoscit,
1258 1671 1365 1746 lugiens
1384 1678 1510 1726 extranea
1533 1670 1637 1734 ubera,
1656 1674 1687 1725 et
1704 1683 1777 1726 recu·

130 1774 218 1822 umen
233 1767 290 1836 jam
304 1779 390 1837 opera
409 1779 468 1829 sua,
489 1773 515 1818 et
529 1763 663 1820 volentem
681 1764 760 1821 alicui
780 1766 928 1835 adterere,
946 1737 968 1816 Β
983 1778 1046 1819 sans
1065 1762 1157 1833 ignota
1180 1760 1289 1827 cubilia,
1312 1767 1339 1816 ct
1362 1759 1498 1815 neminem
1521 1765 1651 1830 appetens
1677 1756 1778 1814 nisiex

131 1855 174 1910 cui
194 1853 282 1908 inuisa
304 1852 329 1890 99
352 1858 379 1906 et
401 1851 500 1906 innexa
523 1849 664 1921 proficiat,
679 1852 795 1924 deniquo
811 1869 864 1908 nou
883 1870 930 1910 ex·
983 1869 1044 1909 usu.
1055 1852 1134 1910 Unde
1148 1850 1186 1906 illi
1198 1849 1330 1921 judicium
1346 1846 1472 1903 novitatis
1485 1854 1512 1902 et
1526 1845 1619 1911 moris,
1636 1844 1661 1901 si
1676 1861 1732 1901 non
1744 1861 1780 1902 ss·

47 1954 48 1958 ’
131 1948 236 2014 pectata
259 1937 358 1994 rustica
382 1937 534 2008 disciplina,
550 1937 609 1994 sine
633 1941 774 2007 arundine,
790 1941 849 1996 sine
868 1957 929 1997 aer·
982 1943 1047 2015 pit?
1060 1940 1132 1996 unde
1147 1940 1186 1996 illi
1201 1949 1227 1995 et
1247 1938 1349 1996 otiandi
1369 1945 1397 1992 et
1417 1934 1575 2006 demulceri,
1592 1934 1617 1991 si
1631 1949 1690 1991 non
1706 1934 1779 1991 intel·

132 2045 167 2083 ⁹0
185 2029 210 2066 ⁹⁵
224 2026 292 2096 (28),
309 2026 331 2081 Si
355 2025 420 2098 quid
435 2027 562 2102 attigerit,
588 2027 660 2083 ultro
682 2030 806 2095 ambibit,
827 2039 855 2086 et
869 2030 930 2102 qui·
983 2028 1066 2101 tigit?
1080 2031 1176 2086 Mirum
1199 2028 1275 2093 satis,
1291 2036 1321 2084 ιιι
1343 2025 1456 2082 ὶιιιίιιιίιι
1479 2024 1638 2081 naturaliter
1660 2023 1779 2080 animosa

132 2117 194 2173 dern
208 2114 334 2174 viriosius
357 2115 390 2170 de
416 2129 466 2171 suo
487 2114 609 2188 ingenio,
624 2132 704 2189 quam
728 2119 763 2173 dc
787 2125 833 2174 tuo
854 2120 930 2175 arbi·
984 2123 1028 2182 sit,
1043 2134 1096 2176 non
1116 2120 1217 2175 babens
1242 2118 1381 2185 animnm;
1407 2123 1435 2171 et
1458 2114 1615 2171 naturaliter
1637 2112 1780 2172 adfectiosa
1809 2163 1812 2167 .

133 2203 197 2267 trio,
213 2211 340 2274 properat
354 2218 415 2259 csse
429 2218 536 2260 secura.
552 2205 640 2262 Video
656 2214 683 2261 et
701 2206 824 2275 hederas,
842 2223 929 2278 quan·
984 2209 1029 2276 sit,
1045 2224 1099 2264 non
1115 2209 1217 2263 habens
1231 2206 1406 2264 intellectum.
1421 2203 1529 2259 etenim
1550 2203 1675 2259 Christus
1690 2219 1724 2259 ex
1735 2219 1779 2259 ore

133 2302 190 2348 tum
216 2292 284 2348 retis
311 2291 423 2362 primas,
447 2293 536 2349 statim
565 2292 598 2348 ad
624 2309 741 2362 sirperna
764 2296 868 2360 conari,
892 2304 928 2365 ct,
983 2297 1137 2354 lactentium
1160 2303 1187 2351 et
1210 2295 1381 2366 parrulnmm
1403 2291 1566 2365 experiendo
1590 2290 1715 2356 lacedem,
1732 2306 1777 2348 nec

132 2381 208 2436 nullo
231 2389 377 2450 praeeunte,
402 2381 548 2452 suspeudi;
570 2384 641 2453 quod
666 2382 762 2437 malint
782 2384 930 2454 parietibus
984 2383 1138 2457 pueritiam,
1154 2398 1205 2439 nec
1221 2382 1358 2437 infantiam
1372 2376 1683 2450 bebetespronuntiarit
1697 2395 1704 2432 :
1718 2394 1778 2450 qna·

132 2469 233 2538 invehi,
251 2469 336 2523 textili
357 2469 444 2542 sylva,
457 2486 538 2542 quam
557 2471 632 2525 humi
648 2471 707 2539 teri,
722 2472 872 2528 voluntaria
884 2472 930 2527 iu·
984 2488 1044 2528 rum
1068 2471 1154 2528 altera
1167 2470 1277 2540 (Mattio.
1303 2468 1375 2534 xxi),
1391 2484 1454 2525 curu
1478 2465 1613 2539 suffragio
1628 2480 1778 2533 occurrens,

131 2556 212 2628 juria.
227 2557 335 2623 Contra,
351 2557 449 2627 quibus
471 2558 505 2612 de
528 2556 643 2613 aeoitcio
663 2558 736 2613 mele
761 2566 802 2616 est
816 2559 885 2629 (29),
901 2565 931 2615 ut
985 2560 1167 2617 testimouium
1189 2560 1214 2616 ei
1239 2560 1326 2632 potuit
1348 2558 1462 2629 niierre3
1487 2557 1568 2613 altera
1600 2554 1717 2629 (natat.
1739 2555 1776 2626 tr),

133 2646 280 2701 crescendo
309 2644 455 2702 recedunt!
480 2652 508 2700 ut
530 2643 666 2718 refugiunt
685 2645 730 2701 99(
755 2646 863 2703 Sentias
886 2662 931 2702 ra·
985 2666 1035 2723 pro
1050 2651 1110 2723 ipso
1126 2649 1267 2715 trucidata,
1283 2648 1376 2720 utique
1389 2646 1443 2704 vim
1456 2645 1551 2702 sensit.

133 2748 193 2789 mos
206 2731 231 2771 99
241 2732 370 2788 aliorsum
385 2732 535 2788 destinatos
547 2733 606 2790 ⁹⁹et
619 2732 810 2790 animationem
825 2735 932 2790 arboris

132 2824 166 2880 de
181 2823 298 2879 divortio
313 2822 421 2894 parietis
435 2823 589 2896 intelligas3
605 2833 731 2880 contenta
745 2834 785 2880 est
798 2825 823 2864 ⁹⁹
837 2826 932 2897 parri·
1289 2789 1402 2848 CAPUT
1416 2787 1479 2846 xx·

134 2920 187 2969 tate
203 2912 270 2982 (30),
282 2926 363 2982 quarn
374 2927 407 2966 ex
422 2911 571 2983 primordio
581 2911 815 2983 providentissimi
829 2911 933 2969 trutinis
1022 2917 1056 2974 Et
1072 2916 1115 2972 bic
1129 2915 1219 2988 itaque
1242 2911 1439 2983 concludimus,
1456 2909 1548 2967 omnia
1570 2908 1706 2966 naturalia
1723 2908 1776 2963 ari·

136 3000 255 3064 edidicit,
271 2998 368 3055 timens
393 3000 497 3055 letiarn
515 3001 631 3060 ruinam.
649 3001 701 3056 ilas
718 3017 771 3074 ego
785 3002 933 3075 sapientias
948 3017 970 3096 e
985 3023 1047 3073 mae,
1063 3014 1092 3060 ut
1115 3004 1281 3061 substantiva
1303 3003 1372 3073 ejus,
1398 3000 1450 3071 ipsi
1470 3000 1572 3064 inesse,
1597 3008 1625 3054 et
1649 2999 1777 3071 cumipse

136 3097 164 3145 et
178 3088 305 3145 scientias
327 3090 466 3154 arborum,
481 3104 530 3145 cur
553 3105 606 3146 non
631 3092 816 3151 contendam?
835 3093 930 3147 Vivant
985 3093 1132 3166 procedere
1160 3101 1242 3162 atque
1265 3090 1408 3163 prolicere,
1431 3106 1463 3144 ex
1488 3102 1543 3158 quo
1571 3087 1630 3159 ipsa
1651 3095 1777 3153 causetur,

135 3185 165 3233 ut
177 3177 332 3247 philosophi
345 3178 455 3249 rolun13
471 3177 576 3248 sapiant
595 3185 625 3234 ut
647 3179 803 3250 philosophi
819 3180 954 3251 nolunt3.
984 3183 1055 3239 sicut
1080 3190 1107 3238 et
1133 3180 1238 3237 Seneca
1265 3193 1338 3250 saepe
1363 3187 1456 3234 noster
1479 3179 1536 3248 (33t
1561 3195 1568 3231 ε
1590 3175 1779 3232 «instassent

136 3266 268 3338 intelligat
291 3274 317 3324 et
339 3265 479 3322 intantia²
498 3266 586 3340 ligui3
611 3282 665 3341 quo
695 3269 780 3342 magis
803 3269 931 3337 hominis,
986 3270 1066 3326 nobis
1092 3268 1215 3325 omnium
1242 3267 1339 3322 artium
1363 3274 1390 3320 et
1411 3272 1519 3322 aetatum
1541 3261 1632 3321 683
1653 3264 1776 3321 semina:

135 3356 214 3426 cujus
232 3355 334 3426 anima,
348 3351 437 3412 689
459 3356 536 3412 reiut
558 3356 682 3413 surculus
702 3357 810 3429 quidam
825 3373 859 3414 ex
875 3373 933 3413 ma·
986 3359 1165 3433 magisterque
1178 3372 1212 3412 ex
1226 3355 1331 3413 occulto
1346 3355 1418 3411 [teus
1432 3354 1555 3426 producit
1568 3353 1681 3427 ingonia
1693 3353 1776 3426 (atti

137 3443 202 3501 trice
232 3444 322 3501 tuam
351 3444 379 3500 in
408 3444 586 3517 propaginem
613 3445 739 3517 deducta,
752 3453 780 3502 et
806 3446 934 3519 genitali-
987 3448 1028 3502 Ex
1042 3445 1193 3501 seminibus
1212 3443 1316 3500 scilicet
1330 3430 1429 3509 insitis,
1447 3450 1475 3499 et
1495 3442 1609 3500 occultis
1633 3458 1682 3515 per
1697 3440 1776 3498 inias·

817 3536 913 3599 Variae
925 3540 1081 3600 lectiones.

170 3628 196 3667 99
210 3629 244 3684 Ει
270 3629 462 3686 coadulescens
484 3632 580 3688 omitt.
596 3630 682 3687 Sami.
700 3631 789 3688 Obcrt.
804 3630 830 3670 99
843 3632 1084 3706 ΑάἰιῃρΙοιιιΡαιη.
1101 3632 1190 3689 libera.
1205 3629 1333 3685 ⁹⁹lnnixa
1349 3627 1430 3686 Pam.
1449 3627 1535 3684 libera.
1552 3629 1577 3667 ⁹⁵
1597 3628 1689 3683 Coruo
1704 3630 1775 3685 Pera.

138 3703 223 3756 Fran.
239 3714 306 3754 orno
321 3701 361 3756 at.
372 3701 397 3739 99
409 3701 550 3773 lleiugiuru
567 3701 656 3757 littera
674 3703 752 3758 Pam.
770 3702 855 3760 Scml.
870 3703 895 3740 ⁹⁷
910 3705 1000 3761 Remis
1014 3705 1047 3760 al.
1061 3701 1203 3759 destinatis
1226 3702 1292 3759 ion.
1307 3700 1332 3738 99
1347 3701 1512 3755 Destinatuni
1523 3700 1589 3756 Par.
1608 3698 1636 3739 99
1648 3698 1778 3756 Contenta

136 3771 478 3896 ῗιέἔαιιῖιὴθιὲιεέἑτδῗηιι.
491 3772 500 3810 ¹
513 3770 643 3827 Timentis
656 3773 736 3829 Pam.
750 3773 838 3830 noca.
851 3776 936 3834 Semi.
949 3774 1124 3850 ²Intelligant
1137 3784 1164 3829 ct
1173 3771 1310 3829 intantian
1319 3775 1400 3829 Pom.
1415 3772 1503 3830 lltrcrr.
1514 3770 1527 3810 9
1539 3770 1601 3827 Non
1612 3772 1688 3826 enirn
1699 3772 1776 3827 inser.

181 3857 191 3895 r
212 3879 219 3895 .
322 3880 328 3893 .
390 3857 431 3895 u.

829 3914 1076 3984 Commentarius.

174 4013 232 4085 (22)
253 4014 323 4072 Cum
337 4016 416 4072 orani
438 4016 584 4073 instructa
604 4032 665 4077 aaa.
685 4016 768 4087 Quasi
783 4034 843 4076 cum
859 4021 934 4078 omni
1023 4023 1080 4093 (32)
1098 4024 1130 4081 trt
1145 4024 1233 4079 uitam
1244 4023 1338 4095 vagitu
1353 4021 1502 4077 salutavit.
1519 4018 1582 4075 llaec
1603 4018 1780 4089 primordiaet

137 4086 267 4166 instructo
296 4092 324 4168 et
351 4086 539 4168 instrumento,
560 4103 621 4143 curn
644 4090 718 4145 orani
747 4105 840 4157 censu,
869 4108 931 4150 cum
987 4093 1126 4150 bominum
1150 4093 1282 4165 principia
1305 4093 1371 4148 satis
1389 4090 1509 4147 infelicia
1531 4097 1625 4147 tractat
1643 4089 1713 4147 Plin.
1733 4090 1778 4162 lib.

137 4158 266 4213 ommbus
279 4173 345 4212 sors.
362 4157 406 4212 Sic
428 4159 502 4213 enirn
521 4175 621 4230 supra,
645 4167 672 4214 at
692 4175 724 4216 uo
747 4161 775 4215 in
800 4163 870 4218 bunc
894 4163 931 4219 si·
988 4181 1034 4230 vn,
1055 4165 1082 4220 in
1103 4164 1273 4222 Praeiationo.
1288 4165 1326 4218 Le
1340 4165 1389 4218 Pa.

137 4228 294 4310 gallicarum
315 4228 462 4309 locutiones
480 4228 545 4284 istas
559 4233 630 4301 apud
652 4178 793 4288 affricanos
816 4249 931 4304 praeser-
1020 4235 1078 4361 532)
1089 4239 1127 4291 Dc
1135 4240 1285 4309 prospecta
1300 4234 1489 4307 lacrymabilis
1501 4234 1578 4288 vitre.
1588 4230 1658 4303 Quid
1669 4231 1718 4286 illa
1732 4231 1780 4287 rita

138 4308 186 4355 tarn
207 4300 292 4354 luisse
314 4302 414 4354 indicat
439 4303 479 4356 Au
503 4302 615 4370 ustinus,
638 4302 706 4358 libro
725 4318 745 4358 u
772 4305 875 4372 Qaoest.
899 4309 931 4362 in
947 4281 970 4358 ὓ
985 4306 1019 4361 de
1041 4310 1140 4363 endum
1156 4311 1251 4377 magis,
1267 4321 1361 4376 quasa
1384 4304 1490 4360 miseris
1515 4301 1609 4373 incipit
1634 4304 1779 4374 vagitibus,

138 4369 226 4427 deod.
241 4379 337 4450 quaest.
362 4372 418 4452 tr:
438 4393 449 4419 a
473 4317 595 4436 grecus,
615 4372 712 4444 inquit,
737 4372 872 4443 danmando
886 4377 935 4430 ba·
989 4377 1092 4443 dolore,
1108 4379 1191 4444 tame,
1208 4378 1252 4434 siti
1267 4384 1294 4431 et
1309 4376 1382 4432 mille
1397 4374 1456 4430 aliis
1471 4372 1661 4443 incommodis,
1676 4390 1741 4447 quae
1757 4374 1779 4428 in

138 4443 192 4509 bct,
209 4441 254 4495 ulu
270 4440 445 4496 substantiam
458 4442 567 4498 Latinus
580 4442 772 4514 interpretatus
795 4456 845 4511 ost,
861 4447 935 4518 quod
989 4447 1084 4503 iisdem
1111 4457 1192 4521 atque
1214 4447 1360 4516 nlaioribus
1382 4446 1508 4521 exigitur,
1534 4459 1649 4517 quaequc
1674 4454 1781 4502 merten

136 4511 283 4586 aliquando
300 4527 411 4592 censum
430 4513 639 4586 interpretantur
657 4515 752 4582 nostri,
773 4516 841 4571 sicut
864 4534 936 4574 nunc
990 4520 1072 4574 babet
1087 4535 1136 4590 pro
1151 4520 1288 4575 termino‘l
1304 4519 1343 4573 Le
1362 4518 1412 4572 Pa.

138 4584 297 4639 instructum
321 4582 411 4639 dicere
425 4584 602 4642 voluimus.»
627 4586 720 4656 ltaque
742 4586 781 4641 sic
800 4588 880 4644 etiarn
896 4590 935 4644 te-
1024 4593 1080 4660 (32)
1099 4592 1203 4648 Seneca
1225 4605 1297 4662 saepo
1320 4595 1423 4647 mater.
1447 4587 1518 4657 Quia
1539 4600 1612 4657 saepe
1634 4586 1781 4644 secundun

138 4653 258 4733 gendum
273 4652 300 4709 in
314 4651 439 4720 Septimii
463 4656 548 4712 uostri
571 4657 746 4738 dputopetiro
763 4676 773 4713 .·
790 4679 804 4710 a
828 4660 868 4713 De
883 4659 933 4714 ba·
989 4661 1158 4717 Christianos
1172 4661 1261 4716 sentit.
1276 4660 1339 4717 llic.

137 4726 206 4789 bitu,
221 4725 303 4792 vieto,
324 4724 468 4792 instructu,
484 4743 578 4791 censu,
594 4742 655 4800 ipso
672 4728 788 4798 denique
812 4744 936 4787 sermone
1026 4734 1131 4789 Seneca
1144 4748 1216 4805 saepe
1230 4735 1335 4788 aester.
1352 4730 1382 4785 ld
1404 4739 1444 4784 est
1460 4728 1505 4801 qui
1521 4726 1666 4784 nobiscum
1682 4727 1749 4786 iacit
1760 4728 1782 4783 in

137 4797 245 4868 proavis
261 4796 444 4851 renuntiastis.
464 4821 474 4845 ι
491 4799 554 4853 llic.
989 4802 1091 4857 multis.
1107 4802 1150 4856 An
1165 4805 1275 4858 Senecae
1294 4800 1328 4858 ad
1344 4801 1375 4857 B.
1391 4800 1512 4870 Paulum,
1529 4800 1647 4870 itemque
1665 4798 1698 4854 tt.
1716 4797 1784 4857 Pauli

173 4867 230 4937 (28)
247 4868 313 4924 Sine
331 4882 419 4923 cervo.
442 4869 535 4923 lietuit
558 4866 690 4935 Rigaltius
711 4884 819 4925 serrare
841 4886 935 4928 vocem
988 4873 1118 4944 Epistolae
1137 4872 1284 4939 extiterint,
1309 4886 1362 4927 nou
1391 4871 1476 4928 ausim
1499 4868 1644 4935 affirmare,
1685 4869 1784 4927 uamrit

138 4951 217 4994 cereo
231 4951 311 5006 quam
331 4952 415 4993 corno
428 4947 474 4991 ant
493 4954 561 4997 orno
583 4953 723 5006 reponere.
746 4940 795 4997 Hic
813 4941 885 4997 cuim
901 4941 935 4999 de
989 4945 1016 5000 S.
1033 4943 1214 5014 llicronymus
1236 4943 1263 5000 id
1286 4953 1415 5011 testetur;
1439 4944 1462 4998 si
1484 4956 1546 5028 quac
1568 4941 1641 5000 enim
1664 4889 1783 5005 inerunt.

24 5032 32 5043 ·
136 5007 200 5061 ritis
215 5006 391 5075 pedamentis,
408 5023 461 5062 non
475 5008 510 5063 de
529 5008 671 5065 arboribus
693 5012 755 5066 vitis
773 5013 864 5068 amicis
878 5014 936 5084 agi·
989 5031 1029 5071 eas
1044 5014 1223 5097 supposititiae
1246 5015 1365 5073 iucnurt.
1381 5012 1556 5083 Nccobjrciat
1568 5012 1632 5083 quis
1654 5022 1786 5071 emuncta

138 5084 194 5158 tur,
207 5076 381 5157 quates'sunt
395 5093 479 5134 ornus
492 5088 520 5136 et
533 5096 642 5137 cornus.
661 5082 730 5138 Sunt
744 5094 831 5139 autem
856 5085 935 5143 Cervi
989 5086 1061 5140 naris
1080 5088 1218 5142 hominem
1238 5087 1267 5144 S.
1290 5086 1484 5155 Hieronymum
1504 5081 1575 5138 haud
1597 5081 1678 5139 tacite
1700 5080 1785 5155 deripi

136 5144 235 5204 bacilla
249 5146 380 5203 surculata
398 5150 524 5206 babentia
538 5151 651 5222 liguram
671 5151 765 5209 litterae
780 5170 806 5219 v,
823 5169 837 5208 a
853 5157 934 5211 simi·
989 5157 1120 5229 potuisse.
1135 5158 1204 5213 Corn
1219 5159 1291 5215 enirn
1305 5155 1543 5214 continentissimae
1564 5152 1629 5210 vitre
1652 5154 1786 5213 Senecam

138 5217 248 5274 titudine
261 5233 391 5275 cornuum
406 5222 495 5292 ccrri3
513 5222 586 5294 quod
596 5224 721 5278 docetltt.
739 5225 823 5281 Varro
835 5226 933 5283 lib.1r.
989 5230 1034 5293 ait,
1050 5230 1112 5353 quis
1125 5229 1267 5300 deceptum
1284 5242 1337 5283 nou
1353 5227 1505 5302 agnoscat?
1520 5226 1558 5281 Le
1575 5226 1623 5282 Pa.

136 5293 176 5346 LE
193 5293 240 5346 Pb·
348 5361 352 5372 ¹
396 5363 400 5373 Ι
1025 5303 1052 5368 (3
1072 5300 1173 5369 'placita
1186 5300 1343 5357 cantandis
1357 5300 1485 5355 amariam
1499 5298 1608 5352 artiora
1623 5299 1652 5353 et
1666 5302 1787 5356 oetataar

174 5364 230 5431 (29)
245 5360 416 5430 Dandaricae
432 5364 508 5419 mole
538 5371 590 5422 eat.
607 5363 653 5422 Sic
666 5364 715 5420 lib.
727 5367 759 5424 de
770 5367 870 5424 Pallio.
886 5371 935 5423 «Α
989 5372 1110 5434 semion,
1125 5374 1312 5446 magisterque
1328 5386 1365 5425 ec
1387 5371 1496 5426 occulto
1512 5371 1584 5424 iteras
1594 5368 1732 5441 producit
1745 5370 1787 5425 ix·

136 5432 354 5489 coelobeueest.
373 5452 384 5481 a
402 5432 464 5488 lira.
515 5507 519 5517 Ι
812 5507 818 5519 ¹
988 5443 1079 5512 penio.
1092 5439 1181 5509 Yerbe
1195 5456 1256 5500 sunt
1270 5442 1388 5505 senece,
1403 5456 1463 5511 cap.
1478 5442 1506 5511 6,
1522 5438 1581 5506 lib,
1598 5441 1788 5509 tultellae-

148 5575 153 5583 ·
172 5506 229 5574 (30)
241 5505 377 5561 Contenta
386 5508 429 5560 ert
438 5510 590 5576 paractote.
600 5507 665 5564 Cod.
678 5507 852 5579 agobardus
865 5509 935 5564 Con·
988 5513 1073 5582 ficiis.
1089 5512 1128 5570 Le
1141 5516 1191 5569 Pa.

136 5576 249 5632 tinentia
262 5584 303 5632 est
317 5591 375 5646 par.
392 5597 404 5625 ι
419 5577 481 5632 ltro.
