3848 6120
136 307 193 369 Elii
409 312 412 317 '
669 307 765 375 LIBER
783 308 826 371 tttt
844 309 1113 376 RESURRECTIONE
1129 309 1256 377 dtttttts
1538 374 1546 381 .
1731 321 1787 385 Eli

132 430 274 488 Christum
302 429 435 487 induisti?
466 430 537 503 Quid
561 431 649 490 alieno
669 434 753 493 uteris
780 436 885 509 clypco,
910 434 935 491 si
949 452 972 533 Ι
988 446 1014 495 et
1036 438 1109 496 visui
1137 446 1164 497 et
1185 436 1320 496 contactui
1343 444 1371 497 ct
1396 440 1537 499 recordatu
1580 450 1626 503 tuo
1649 455 1788 520 ereptam,

132 521 168 579 ab
191 521 314 591 apostolo
351 528 468 578 armatus
486 523 540 577 esi
566 522 613 579 llle
638 523 728 595 potius
759 532 824 582 ate
848 525 935 583 dison
988 529 1148 600 persuadere
1166 528 1191 566 ⁴⁵
1209 529 1282 601 quod
1298 544 1326 584 se
1347 537 1488 600 receptura
1510 532 1673 606 quandoque
1701 537 1735 592 sit
1756 508 1800 594 ιη’

132 610 226 668 carnis
247 609 468 666 resurrectionem
496 611 629 678 conliteri,
660 629 740 684 quum
765 620 794 669 tu
827 614 861 669 ab
888 613 935 670 illo
987 616 1124 692 integrum
1143 619 1176 675 da
1191 626 1329 691 corrupto,
1346 619 1373 674 iu
1393 617 1510 675 solidum
1525 620 1660 685 decesso,
1683 624 1709 678 in
1730 625 1786 694 ple-

137 697 251 756 diifiteri
267 716 274 752 ε
290 697 353 769 quia
375 697 399 753 si
417 705 444 753 el
468 697 493 736 44
520 715 535 753 a
562 699 723 755 Christianis
747 700 843 773 negari
874 716 934 757 eam
989 722 1053 763 nuru
1068 708 1101 764 de
1124 707 1236 778 inanito,
1262 707 1290 762 in
1310 706 1411 780 aliquid
1435 707 1545 764 omnino
1565 708 1599 764 de
1618 709 1725 768 nihiloi
1752 715 1787 771 Et

138 795 308 862 opporteret,
324 785 460 843 sul'iiceret
472 787 523 844 illis
546 790 641 846 desua
663 789 787 857 scicntia,
819 806 874 847 nou
902 791 936 846 de
989 796 1082 868 utique
1096 796 1299 853 redhibentibus
1312 811 1373 851 eam
1386 795 1495 869 ignibus
1514 804 1540 853 et
1560 798 1649 866 undis,
1666 809 1694 855 et
1719 803 1787 859 alvis

134 879 212 955 vulgi
234 877 387 952 ignorantia
410 878 513 935 instrui.
529 879 606 937 adeo
622 897 675 938 non
690 883 740 938 erit
755 882 935 951 Christianus,
990 884 1116 941 ieramm.
1134 895 1159 941 et
1174 885 1255 942 rumis
1275 885 1379 953 alitum,
1400 893 1426 940 et
1441 884 1556 942 lactibus
1571 885 1595 925 ⁴⁰
1610 885 1736 959 piscium,
1759 897 1787 947 et

136 969 186 1042 qui
212 983 270 1024 eam
299 968 416 1039 negabit,
441 984 523 1040 quarn
546 969 707 1028 confitentur
735 971 938 1038 christianici
989 972 1111 1047 ipsorum
1132 983 1281 1044 temporum
1301 974 1324 1012 44
1347 972 1458 1047 propria
1480 973 1545 1047 gula
1573 976 1651 1049 (22(i
1680 978 1788 1036 Adeone

135 1057 180 1115 bis
193 1057 360 1128 argumentis
378 1057 497 1129 negabit,
513 1059 612 1131 quibus
636 1060 720 1116 utitur
734 1075 790 1117 non
803 1059 936 1118 Cltristia-
990 1069 1079 1119 autem
1094 1062 1190 1119 eadem
1206 1063 1358 1134 sperabitur
1372 1078 1433 1136 quae
1449 1062 1594 1132 intercidit,
1611 1074 1640 1121 ut
1663 1067 1787 1136 claudus,

134 1163 189 1203 nus
221 1146 257 1200 ³⁴.
287 1145 371 1201 Auier
404 1147 429 1184 ³⁰
455 1147 571 1218 denique
610 1149 741 1205 haereticis
779 1166 839 1223 quae
875 1166 937 1207 cum
991 1157 1017 1208 et
1031 1151 1135 1221 luscus,
1148 1159 1175 1208 et
1189 1166 1286 1222 caecus,
1301 1159 1329 1206 et
1348 1151 1482 1223 leprosus,
1503 1163 1530 1208 et
1552 1155 1719 1226 paralyticus
1743 1174 1788 1216 rc·

136 1234 257 1297 ethnicis
276 1234 443 1306 ³⁰sapiunt3
474 1245 502 1293 ut
530 1236 563 1295 de
590 1237 736 1309 Scripturis
766 1240 833 1294 solis
861 1255 937 1312 quae·
990 1244 1141 1307 vertantur,
1157 1247 1186 1296 ut
1200 1239 1303 1296 redisse
1318 1256 1370 1296 non
1395 1240 1477 1297 libeat
1500 1242 1535 1297 ad
1562 1242 1789 1314 pristinumidn

136 1326 240 1383 stiones
267 1333 336 1380 suas'
357 1324 452 1381 sistant
474 1326 510 1396 ⁴⁰,
548 1335 575 1382 et
612 1335 683 1384 stare
715 1344 770 1384 non
797 1335 936 1400 poterunt.
990 1328 1097 1402 integri,
1114 1338 1143 1386 ut
1170 1331 1267 1387 iterum
1292 1329 1355 1385 talia
1369 1331 1424 1401 pati
1440 1330 1573 1388 timeant?
1596 1330 1667 1400 Quid
1684 1337 1788 1393 tumde

136 1416 302 1473 Communes
317 1414 389 1470 euim
402 1429 497 1470 sensus
511 1414 667 1487 simplicitas
679 1416 737 1487 ipsa
757 1417 937 1483 commendat,
991 1419 1191 1492 consequentiis
1205 1417 1313 1476 camisi
1339 1419 1480 1476 Rursusne
1512 1418 1604 1476 omnia
1636 1425 1791 1482 necessaria

136 1512 165 1562 et
178 1503 333 1575 compassio
351 1502 543 1560 sententiarum
559 1504 627 1575 (ld),
645 1512 672 1560 et
695 1502 863 1562 familiaritas
877 1504 938 1575 opi·
991 1505 1041 1573 illi,
1056 1515 1082 1562 et
1096 1506 1231 1579 imprimis
1244 1507 1346 1579 pabula
1367 1517 1449 1581 atque
1473 1510 1606 1578 potacula,
1636 1517 1662 1568 et
1684 1512 1790 1585 pulmo·

135 1593 270 1662 nionum;
289 1607 378 1665 eoque
400 1590 539 1650 fideliores
553 1595 753 1662 existimentur,
777 1595 841 1669 quia
866 1593 940 1651 nuda
992 1593 1072 1653 nibus
1091 1596 1253 1663 natandum,
1268 1603 1296 1651 et
1319 1595 1455 1653 intestinis
1482 1599 1661 1666 astuandum,
1692 1607 1719 1656 et
1741 1616 1791 1672 pu·

133 1690 163 1740 ct
177 1689 314 1755 apertast
328 1680 454 1741 omnibus
468 1679 684 1741 notadcfiniuut.
993 1682 1089 1742 dandis
1103 1699 1157 1741 nou
1177 1682 1342 1754 pudendum,
1363 1692 1390 1740 et
1411 1682 1537 1741 omnibus
1556 1686 1683 1742 membris
1710 1687 1790 1746 lnbe-

446 1771 560 1828 CAPUT
586 1772 631 1828 tv.
955 1743 1131 1830 urendum?
1163 1774 1267 1831 Rursus
1289 1773 1392 1857 ulqera,
1429 1780 1457 1828 et
1493 1772 1615 1845 vulnera,
1644 1780 1672 1830 et
1696 1773 1789 1845 febris,

178 1859 272 1932 ltaque
285 1857 405 1915 heretici
419 1857 481 1914 inde
496 1860 586 1915 statim
599 1858 739 1932 incipiunt,
755 1863 782 1915 et
792 1856 856 1915 inde
872 1872 941 1932 prae·
993 1870 1022 1920 et
1036 1864 1159 1936 podagra
1172 1863 1208 1934 ⁴⁰,
1219 1871 1246 1920 et
1259 1877 1335 1919 mors
1347 1861 1515 1932 redoptanda
1523 1861 1570 1916 ⁴⁰?
1583 1863 1718 1921 Nimirum
1731 1865 1791 1924 hec

136 1956 270 2015 struunt;
285 1947 379 2004 dehinc
403 1947 550 2016 instruunt,
574 1950 645 2004 unde
673 1947 763 2005 sciunt
781 1945 859 2005 iacile
881 1948 942 2020 capi
994 1963 1072 2008 erunt
1095 1959 1158 2012 rota
1194 1951 1284 2008 carnis
1312 1950 1517 2023 recuperanda,
1550 1949 1647 2009 itemnr
1691 1968 1792 2025 cupere

134 2048 257 2103 mentes,
269 2035 504 2093 decommunione
515 2035 657 2093 favorabili
669 2035 942 2093 sensuumdnaliud
994 2038 1029 2096 dc
1048 2055 1080 2096 ea
1093 2040 1219 2099 evadere.
1243 2039 1278 2095 Et
1300 2054 1350 2096 nos
1368 2038 1480 2112 quidem
1493 2039 1560 2111 qhaec
1587 2039 1725 2113 aliquanto
1739 2042 1792 2100 lto-

136 2127 219 2203 prius
233 2126 291 2199 (tt)
301 2125 345 2182 vel
355 2126 441 2199 magis
452 2127 545 2182 audias
560 2135 613 2181 tam
624 2126 647 2165 ⁴¹
658 2126 692 2182 ab
706 2126 845 2196 haeretico,
861 2141 940 2198 quatu
994 2128 1097 2187 nestins
1110 2145 1160 2201 pro
1183 2128 1245 2203 styli
1258 2129 1372 2202 pudore.
1396 2128 1537 2202 Ceterum,
1547 2128 1692 2203 [quantam
1711 2132 1791 2189 etiam

135 2217 174 2274 ab
189 2214 323 2275 ethnico?
336 2214 371 2272 Et
385 2231 439 2272 non
463 2217 596 2287 protinus,
613 2225 639 2272 et
653 2231 706 2272 non
731 2215 832 2288 ubique
846 2214 940 2272 eonvi·
994 2216 1171 2292 spurciloquii
1187 2217 1251 2275 licet
1274 2219 1299 2258 ⁵⁰
1323 2219 1431 2275 illorum
1460 2218 1489 2275 in
1503 2219 1696 2293 congressibus
1708 2236 1792 2295 expe·

136 2306 214 2367 οἰιιιιι
229 2305 327 2373 caruis,
340 2304 367 2360 in
381 2304 523 2381 originem,
539 2304 566 2359 in
580 2305 731 2373 materiam,
755 2303 782 2381 in
797 2318 890 2361 casum
903 2304 939 2375 ⁴²,
993 2305 1052 2374 riri,
1064 2314 1119 2364 nm
1133 2307 1314 2375 ethnicorum,
1330 2322 1409 2378 quam
1424 2306 1635 2367 haeretieoruml

135 2396 168 2454 in
182 2410 290 2455 omnem
304 2394 405 2452 exitum
433 2395 511 2464 ejus‘l
534 2393 682 2450 luunundae
708 2408 724 2449 a
746 2392 895 2468 primordio
908 2410 941 2450 ex
1310 2395 1423 2454 CAPUT
1436 2396 1470 2455 ll.

136 2484 255 2545 faecibus
276 2491 367 2550 terrae,
392 2482 580 2540 immundioris
611 2483 740 2554 deinceps
769 2499 803 2539 ex
831 2482 943 2539 seminis
1029 2484 1115 2560 Igitur
1138 2483 1267 2557 quoniam
1290 2494 1318 2541 ct
1345 2484 1428 2543 rudes
1448 2483 1549 2559 quique
1576 2485 1610 2543 de
1638 2488 1793 2546 communi-

136 2574 183 2635 sui
199 2574 274 2641 limo,
288 2572 392 2630 irivolae
416 2574 484 2644 (lb),
510 2572 634 2643 inlirmae,
662 2571 826 2643 criminosae,
846 2587 941 2629 onero·
993 2573 1147 2631 busadhuc
1162 2572 1286 2630 sensibus
1304 2573 1423 2647 sapiunt,
1448 2581 1475 2630 et
1498 2573 1576 2630 dubii
1603 2583 1631 2632 et
1658 2576 1795 2650 simplices

138 2680 190 2723 ssa.
210 2661 446 2730 Mmalestae,
471 2670 498 2718 et
518 2670 580 2734 post
593 2670 678 2718 totum
694 2659 873 2736 ignobilitatis
886 2661 941 2717 elo·
993 2678 1042 2735 per
1071 2663 1183 2719 eosdem
1205 2677 1301 2720 sensus
1320 2662 1408 2718 denuo
1425 2660 1619 2734 inquietantur,
1649 2675 1676 2721 et
1695 2667 1794 2740 ubique

136 2753 215 2831 giem
229 2752 255 2795 ⁴³
271 2752 341 2824 (19),
357 2752 468 2809 caducae
483 2750 510 2805 in
525 2751 657 2827 originem
677 2758 776 2807 terram
796 2750 830 2817 ⁴⁴,
847 2757 875 2806 et
893 2764 941 2806 ca·
995 2751 1098 2823 primus
1112 2750 1134 2788 54
1152 2750 1202 2806 iste
1230 2749 1257 2804 in
1280 2766 1332 2807 nos
1355 2749 1426 2807 aries
1440 2757 1613 2821 temperatur,
1628 2767 1682 2823 quo
1704 2754 1794 2813 carnis

142 2842 251 2902 dareris
278 2856 387 2909 nomeu,
416 2851 443 2897 et
466 2841 565 2898 deisto
580 2855 688 2915 qnoque
703 2839 813 2898 nomine
834 2839 940 2911 perita·
995 2839 1114 2895 conditio
1132 2847 1294 2911 quassatur;
1325 2840 1478 2897 necessario
1506 2846 1533 2896 et
1561 2841 1680 2898 anobis
1705 2846 1794 2903 earnis

138 2934 249 3006 roelibl
270 2931 418 2989 innullum
442 2931 503 2986 inde
517 2931 572 3002 jam
592 2946 702 3002 nomen,
718 2930 746 2986 in
767 2930 856 2988 omnis
881 2929 938 2999 jam
992 2927 1109 3000 primum
1134 2928 1254 2984 conditio
1279 2926 1366 2985 810
1388 2929 1534 2986 munietur.
1565 2929 1793 3003 vituperationem

135 3020 265 3083 vocabuli
278 3028 395 3078 mortem
412 3020 493 3095 (alti
518 3021 628 3076 Hancne
651 3037 715 3095 ergo
736 3019 787 3085 vis,
816 3017 935 3092 sapiens,
956 3012 1150 3094 claudationo
1177 3017 1294 3090 depellas
1327 3018 1362 3074 ⁵².
1400 3019 1439 3073 lta
1473 3034 1524 3075 nos
1550 3019 1708 3078 rhetoricari
1734 3024 1793 3099 (id)

820 3135 917 3199 Varie
948 3136 1105 3198 lectiones.

174 3245 204 3287 ³⁰
219 3243 254 3302 ttt
280 3243 356 3304 otest
377 3262 395 3301 o
420 3246 506 3301 Fran.
527 3244 607 3299 Pom.
634 3243 658 3282 ³⁴
683 3243 801 3299 Utuntur
824 3257 879 3297 non
902 3240 1047 3296 Christiani
1071 3238 1132 3295 elii.
1158 3238 1184 3277 ³⁰
1208 3237 1308 3295 deiero
1336 3238 1423 3297 Rhea.
1453 3240 1540 3298 Scrnl.
1563 3238 1588 3280 ³⁰
1607 3240 1792 3323 Quaecumque

136 3317 245 3378 ethnici
260 3316 348 3375 Rhcst.
364 3318 434 3374 lert.
458 3317 483 3354 ⁴⁰
510 3316 643 3372 instruant
665 3317 728 3372 Lot.
748 3315 771 3353 ⁴¹
795 3314 858 3369 Tam
883 3313 962 3371 obest
984 3328 1003 3368 o
1026 3310 1114 3367 libert.
1135 3309 1160 3348 ⁴²
1186 3308 1300 3365 &usam
1330 3312 1393 3367 olii.
1417 3309 1443 3348 ⁴³
1465 3312 1514 3367 lllo
1536 3313 1590 3369 ium
1610 3315 1793 3374 tancra-

133 3406 230 3448 renara
245 3390 313 3447 lust.
330 3388 356 3427 ⁴⁵
371 3388 553 3445 Persuadeare
570 3389 636 3443 lert.
653 3387 742 3442 thcu.
767 3385 793 3423 ⁴⁰
807 3384 927 3441 lactibus
940 3383 1025 3441 Scml.
1042 3383 1065 3420 44
1088 3382 1253 3463 Temporurn
1275 3383 1351 3463 obest
1373 3398 1390 3436 a
1413 3381 1503 3439 Rhea.
1515 3329 1548 3422 45
1569 3383 1692 3458 Podagra
1714 3388 1791 3449 abeat

133 3462 254 3521 athcu.
270 3458 295 3498 ⁴⁹
310 3461 367 3517 lleo
388 3458 468 3514 tanda
483 3460 546 3515 elii.
566 3458 591 3496 ⁵⁰
605 3455 793 3532 Spurciloquio
806 3455 888 3513 liceat
907 3455 996 3512 Rhea.
1018 3455 1099 3511 Puer.
1115 3452 1139 3491 54
1160 3452 1190 3507 ln
1204 3468 1300 3525 prrmrs
1315 3452 1401 3509 erce.
1422 3453 1446 3492 ⁵²
1471 3453 1674 3526 vituperatione
1699 3457 1792 3518 lauda·

132 3531 368 3606 tionedipulsaR
405 3548 435 3587 tt.
457 3530 517 3587 cod.
540 3530 618 3586 Pttt.

874 3597 1125 3663 Commentarius.

167 3711 230 3797 (to)
245 3710 405 3785 compassio
429 3708 649 3765 sententiarum.
670 3705 743 3761 later
764 3720 813 3762 ees
834 3704 936 3762 scilicet
988 3704 1081 3760 ubido
1100 3712 1194 3759 natura
1208 3708 1297 3759 terras.
1314 3701 1378 3760 lire.

132 3786 297 3865 quibuscum
318 3780 460 3838 intercedit
474 3782 625 3835 communis
639 3776 778 3835 sententiae
793 3791 935 3832 commune
1024 3776 1080 3844 (iil
1094 3778 1129 3832 at
1140 3775 1269 3848 ipsoram
1287 3777 1449 3848 terrariorum
1458 3779 1576 3859 propria
1589 3779 1667 3852 gale.
1686 3780 1790 3841 ttttudit

133 3855 286 3928 negotium
316 3854 362 3911 Sic
389 3860 498 3920 contra,
533 3851 602 3907 libro
631 3850 663 3907 dc
703 3851 772 3921 Viro.
797 3848 933 3914 ucleedis,
990 3847 1024 3905 ad
1055 3846 1130 3903 Vedii
1159 3846 1287 3903 Pollionis
1310 3848 1434 3921 gulosam
1456 3848 1586 3909 saevrtiam
1621 3860 1647 3908 et
1674 3853 1789 3911 sevien-

134 3924 395 4001 janrseproprium
412 3923 588 3996 opinionibus
602 3922 659 3979 suis
674 3924 808 3995 negotium
824 3935 935 3993 passum
990 3926 1042 3974 tem
1072 3918 1182 3991 gulam;
1211 3933 1273 3973 nam
1301 3917 1325 3972 is
1359 3917 1484 3975 damnata
1520 3921 1651 3995 mandpia
1679 3922 1788 3983 vivariis

139 4014 203 4055 esse
238 3998 358 4054 raeintur.
375 3994 438 4051 Rte.
988 4005 1169 4046 muraenarum
1185 3989 1371 4061 immergebat,
1387 4006 1441 4046 non
1465 4000 1568 4048 tautum
1590 4003 1621 4051 ut
1636 4003 1719 4052 totum
1740 3996 1788 4053 ho·

172 4018 385 4141 (l'lidnult'ud
405 4068 493 4191 qritts,
517 4073 570 4121 etc.
593 4063 718 4118 Haerelici
738 4060 780 4116 isti
808 4060 937 4117 adversus
989 4061 1090 4117 minem
1128 4059 1230 4130 pariter
1260 4060 1370 4116 distrahi
1406 4071 1548 4133 spectaret,
1581 4068 1655 4136 quod
1683 4066 1787 4124 Plinius

136 4155 211 4213 qnos
237 4139 296 4213 agit
326 4137 506 4196 Tertulianus
541 4135 641 4192 maiam
668 4133 794 4189 dicebant
829 4146 937 4188 caruem
989 4131 1090 4204 prodit,
1114 4132 1308 4189 verumetiam
1335 4142 1364 4188 ut
1384 4131 1502 4187 humana
1516 4149 1598 4191 carno
1614 4136 1641 4190 in
1669 4136 1789 4207 piscibus

135 4218 272 4277 umnam,
287 4219 318 4269 ut
334 4209 434 4266 laetam
454 4209 536 4267 adeo
552 4206 634 4273 malo,
657 4206 697 4261 sic
717 4204 799 4261 etiam
824 4212 852 4259 et
869 4218 938 4277 gen·
989 4209 1153 4267 vesceretur,
1181 4200 1252 4274 quod
1272 4201 1352 4257 docet
1378 4201 1557 4260 Tertullianus
1578 4204 1605 4260 in
1625 4205 1659 4260 dc
1681 4207 1786 4277 Pellio,

136 4283 201 4339 tiles
225 4280 403 4353 (Riphanius
425 4279 453 4335 in
476 4278 646 4348 Anchoroto)
674 4274 799 4350 Epicurei
833 4283 860 4329 et
891 4273 937 4329 alii
952 4258 975 4337 Ι]
990 4272 1033 4329 his
1061 4272 1177 4354 serbis:
1206 4294 1217 4322 ι
1246 4272 1380 4352 lmnrero
1408 4288 1486 4345 aeque
1500 4275 1670 4346 scalpellum,
1688 4276 1785 4350 iuquit,

135 4297 292 4435 philosopiti
325 4352 352 4408 in
381 4367 489 4408 caruem
523 4360 642 4407 nostram
671 4355 697 4402 et
734 4346 936 4420 generationem
990 4345 1127 4401 acerbitati
1142 4358 1196 4415 qua
1220 4341 1321 4397 Vedius
1344 4287 1429 4397 Eoilio
1449 4360 1541 4401 serves
1560 4348 1687 4404 muraenis
1707 4347 1786 4406 inva-

136 4424 233 4483 rnultis
251 4425 457 4493 invehebantur,
472 4431 501 4477 ut
519 4429 625 4478 constat
652 4435 682 4475 et
703 4418 839 4474 Clemente
855 4415 933 4474 Ales.
990 4416 1024 4473 de
1037 4416 1140 4471 dendus
1152 4412 1312 4484 oblectabat.
1328 4413 1405 4469 Nova
1419 4414 1521 4471 scilieet
1537 4419 1641 4474 saevitia
1655 4420 1786 4477 delectato

90 4522 109 4541 ·
133 4494 183 4554 hb.
194 4511 228 4552 nr
241 4496 358 4562 serem„
383 4505 410 4551 et
433 4493 567 4550 Lactamio
583 4493 629 4548 lib.
645 4490 678 4547 dc
695 4490 818 4563 opificio.
832 4491 897 4546 tte.
990 4497 1103 4546 terrenae
1117 4486 1209 4543 bestie
1229 4484 1395 4549 eredentulae
1410 4495 1437 4543 et
1451 4488 1592 4559 exanguis,
1609 4499 1636 4546 et
1648 4493 1787 4561 ciconnis,

167 4571 230 4639 (18)
251 4568 379 4624 Frt'ooloe.
391 4566 433 4622 Ob
461 4565 623 4630 nuditatem;
653 4561 742 4618 inians
764 4575 818 4616 nou
846 4560 935 4616 nativo
989 4560 1023 4615 de
1038 4558 1158 4630 piscihus
1172 4555 1273 4630 placuit
1296 4555 1366 4614 ieras
1383 4571 1489 4628 cogere,
1507 4559 1599 4631 utique
1615 4560 1704 4617 statim
1731 4579 1783 4620 co·

132 4639 247 4705 vestitu,
265 4645 295 4694 ut
316 4639 369 4695 alia
390 4636 525 4705 animalia,
548 4637 594 4693 sed
623 4635 723 4703 nudus,
748 4632 930 4714 tremulusque
984 4631 1108 4704 quendis,
1123 4638 1154 4686 ut
1168 4630 1194 4685 in
1209 4628 1358 4685 visceribus
1372 4643 1463 4683 earum
1478 4627 1577 4701 aliquid
1594 4631 1783 4692 deserueram

150 4711 236 4781 rodit,
251 4711 326 4782 quod
341 4709 576 4780 optirncSidonius
589 4706 715 4777 expendit
729 4704 776 4762 lib.
794 4718 834 4758 vit
847 4710 929 4774 epist.
985 4718 1098 4758 suorum
1122 4701 1281 4772 corporibus
1303 4709 1330 4755 et
1353 4699 1411 4771 ipse
1440 4707 1597 4774 gustaret.»
1632 4702 1694 4760 lloec
1717 4703 1782 4761 illic.

151 4779 659 4852 ,etmeantiusttb.rndcttptfieto
673 4776 857 4847 cap.5.Ltc.
984 4774 1062 4843 Ergo
1077 4789 1133 4828 non
1153 4769 1515 4829 sinemussahicdteitzttt
1529 4773 1655 4845 ipsorum
1688 4777 1785 4849 roprt'o

166 4854 229 4925 (¹9)
245 4855 311 4910 Post
326 4858 419 4909 totum
430 4853 578 4924 dignitatis
591 4849 722 4921 elogio-m.
739 4847 768 4902 ld
783 4853 824 4902 est
838 4862 929 4903 recen·
984 4846 1051 4973 qula
1064 4845 1246 4908 recludente:
1257 4843 1384 4912 subaudi,
1400 4859 1460 4915 quta
1471 4845 1644 4902 devoraverat
1678 4862 1783 4904 ecarne

130 4924 251 4981 sionem
272 4924 302 4979 ln
329 4925 427 4981 bonam
450 4935 477 4979 et
501 4923 527 4977 in
558 4923 653 4977 malam
678 4926 780 4991 partem
799 4918 931 4989 accipitur
1004 4932 1112 4973 emano.

131 4997 266 5069 etogium.
293 4994 338 5051 Sic
366 4995 456 5050 iul'ra:
486 4994 542 5052 Reli
554 4995 653 5048 rionem
677 4989 785 5064 publico
812 4990 876 5046 odio
903 4996 930 5045 et
1020 4990 1077 5057 (23)
1096 4986 1389 5045 licoosrltclort'ccrt'.
1415 4984 1524 5043 llioime
1547 4986 1661 5046 libenter
1679 4989 1785 5064 antiqui

131 5064 226 5124 ltostili
243 5065 335 5151 elogio
350 5066 504 5122 obnoxiam.
523 5012 645 5120 iiluna.
985 5059 1076 5115 Patres
1091 5057 1267 5131 philosophiae
1288 5066 1314 5112 et
1341 5057 1504 5130 eloquentiae
1527 5057 1599 5117 rivos
1625 5063 1780 5131 vertebant,

164 5138 228 5211 (2⁰)
237 5140 276 5195 lle
290 5143 345 5195 asto
357 5154 465 5212 quoquc
479 5138 595 5193 nominee
628 5137 755 5191 oritura.
771 5132 834 5187 Post
848 5131 930 5187 cada·
984 5147 1053 5203 quos
1067 5131 1200 5186 modestia
1214 5146 1263 5186 sua
1281 5131 1465 5193 continebant,
1486 5145 1517 5185 ac
1531 5140 1674 5204 propterea
1688 5134 1782 5193 Simon

127 5209 204 5265 veris
225 5211 312 5267 nostri
336 5210 547 5281 corruptionem,
568 5154 672 5262 nuiium
696 5213 737 5261 est
767 5203 928 5259 destinatum
983 5219 1080 5276 magus
1094 5204 1134 5273 (ll
1153 5205 1269 5273 Recepta.
1293 5201 1324 5256 tt.
1349 5200 1445 5271 Clem.)
1466 5212 1491 5256 et
1509 5200 1642 5271 Julianus,
1668 5214 1695 5261 et
1719 5206 1783 5261 Por·

128 5294 303 5354 nomenque
323 5281 435 5338 materia
460 5281 514 5347 illa,
535 5296 595 5351 qaae
619 5278 706 5334 luerat
729 5275 839 5330 humani
867 5290 927 5331 eor·
984 5276 1096 5400 phycitis
1112 5276 1183 5344 apud
1195 5273 1350 5337 Eusebium,
1363 5272 1526 5343 objiciebant
1545 5274 1702 5331 Christianis
1719 5276 1778 5345 phi·

129 5352 254 5425 potissi
293 5357 364 5410 etur.
394 5353 675 5408 llocvocatmertcm
696 5348 834 5406 vocabuli.
861 5346 929 5402 Nam
993 5346 1113 5416 osoplriae
1131 5344 1779 5418 etoloquentiaeinrperitiaru3sedquamialso·

131 5424 246 5483 ndarer
271 5424 372 5481 acessit
386 5424 413 5480 in
428 5424 593 5489 terram,vel
608 5420 661 5477 alia
674 5419 810 5475 animalia.
826 5417 891 5473 Lac.
982 5417 1146 5473 convincunt
1173 5416 1214 5472 ele
1253 5415 1374 5475 utissima
1399 5424 1425 5472 et
1453 5415 1629 5473 disertissima
1657 5418 1776 5483 Patrum,

80 5500 90 5515 “
162 5494 223 5567 (il)
238 5496 273 5552 ln
286 5499 377 5554 musis
387 5496 727 5570 jomvocobrtlimortem.
742 5488 845 5546 Etenim
856 5503 929 5544 mor·
983 5487 1190 5559 volumina,qui
1263 5486 1395 5544 haereticis
1414 5486 1595 5560 eoactiplena
1614 5487 1715 5544 lluenta
1732 5485 1777 5545 iu·

131 5566 169 5623 tsi
182 5566 317 5626 desinunt
334 5582 394 5626 esse
413 5568 476 5643 quic
515 5568 542 5625 id
569 5569 633 5623 dum
653 5563 776 5622 viverent
793 5560 929 5619 vocabar·
982 5558 1090 5618 derunt
1105 5559 1170 5619 lte.

131 5646 183 5705 tur,
213 5647 243 5697 et
268 5639 325 5708 jam
349 5648 412 5697 suot
434 5639 480 5696 nul
493 5641 512 5696 i.
533 5638 636 5696 Plinius
655 5637 703 5693 lib.
721 5650 752 5693 ιι
771 5635 841 5691 llt'st.
864 5634 926 5687 stat.
