3848 6120
128 377 183 438 aas
482 368 704 432 ιιιιιιιιιιι
721 363 854 428 oaaauu
872 362 956 426 aras
983 362 1017 424 u.
1036 392 1072 406 -
1094 339 1246 428 mansi,
1268 355 1442 418 notamen.
1735 349 1791 415 ιιι

127 499 294 573 imperfecta
307 498 545 563 essentiaesumns,
569 496 632 569 quia
661 494 798 552 amoribus
818 491 932 573 ennea,
1271 500 1384 560 CAPUT
1397 499 1503 558 xxxt,

126 592 261 664 2222222122
275 589 385 647 2222022222
416 589 585 660 deputamur,
606 587 678 660 quod
706 593 794 641 mater
811 583 929 641 2212222222·
1019 594 1150 669 Superest
1191 593 1225 649 de
1263 592 1496 649 consummatione
1531 595 1559 645 et
1584 585 1791 660 dispensatione

128 682 181 739 Sed
196 680 275 737 nobis
292 678 402 752 quidem
420 693 474 745 vae,
494 679 519 733 si
535 675 741 733 excesserimus
755 672 781 728 in
793 670 932 746 aliquodi·
984 685 1131 744 mercedis,
1154 683 1211 740 Ubi
1227 690 1309 740 popam
1325 697 1440 739 messem
1460 679 1609 737 gehamop,
1629 677 1654 717 ae
1677 675 1792 734 semini,

128 771 366 844 222922221262222
382 785 389 822 ²
407 767 664 839 ⁸²0²²²⁰²P²¹²²²s²¹¹s
682 763 931 837 22012222222282222·
985 774 1027 832 sui
1056 774 1196 846 presserit,
1221 772 1283 829 dein
1312 770 1443 844 colligere
1461 768 1489 826 iu
1511 768 1639 826 horreum
1665 766 1791 839 eoeperit,

131 859 233 916 etitatis
259 869 339 927 atque
363 855 473 926 justitiae
496 855 544 910 :si
559 852 743 909 confitendum
755 851 827 918 alibi,
843 851 933 907 nescio
985 865 1028 922 vel
1043 880 1101 922 cum
1116 864 1149 918 ad
1164 863 1249 919 molas
1263 861 1393 928 delatum,
1415 866 1442 915 et
1463 856 1652 920 defarinatum,
1679 854 1705 910 in
1728 869 1792 913 een·

53 994 55 999 ·
130 947 256 1020 ubi(57),
272 954 300 1003 222
315 961 368 1001 22022
388 945 438 1001 2222)
452 942 633 1018 9022222222
650 943 728 998 2222222
746 941 848 1009 muli,
864 939 933 1010 apud
986 952 1134 1025 apersionis
1166 951 1282 1011 alvearia
1314 949 1340 990 ²⁰
1366 946 1549 1014 absconderit,
1587 947 1675 1004 denec
1705 952 1793 1002 totum

131 1036 279 1095 tribunalia
297 1035 447 1107 praesidum
465 1033 488 1072 22
508 1031 702 1105 optaverimus.
717 1031 757 1086 llli
779 1046 845 1087 vere
858 1038 885 1085 et
899 1029 934 1084 de
986 1042 1217 1100 contemnentem,
1241 1039 1276 1107 aa,
1301 1046 1364 1096 pune
1377 1036 1574 1095 consummatio
1597 1035 1720 1109 urgebit,
1737 1033 1795 1107 (εἰ.

129 1125 362 1201 12252222222222222
385 1124 454 1196 (53),
471 1129 499 1179 22
517 1119 658 1193 difidentia
686 1114 939 1190 d⁰l²²¹0²1¹¹¹¹i5⁹lss
988 1138 1031 1187 tur
1060 1130 1088 1185 in
1107 1129 1206 1203 primis
1220 1128 1280 1200 ipsa
1293 1124 1455 1192 Achamoth,
1474 1125 1508 1181 dc
1529 1122 1640 1197 regione
1664 1122 1795 1179 medieta-

132 1217 344 1294 generositatem
386 1229 461 1270 suam
503 1210 650 1282 vindicent,
684 1208 838 1266 blandiente
876 1207 936 1264 suis
989 1218 1033 1287 tis,
1058 1219 1093 1274 de
1116 1218 1234 1275 tabulato
1263 1215 1383 1272 secundo
1412 1216 1439 1271 in
1464 1229 1600 1270 summum
1620 1209 1793 1283 transfertur,

129 1307 293 1374 Achamoth,
310 1301 437 1378 quoniam
461 1309 488 1359 et
508 1301 567 1373 illst
597 1299 778 1374 delinquen&
793 1299 817 1339 ¹⁸
843 1296 936 1371 prole·
989 1305 1111 1364 restituta
1126 1306 1292 1364 Pleromati:
1309 1311 1336 1361 et
1353 1303 1440 1359 statim
1457 1300 1556 1376 excipit
1565 1300 1758 1373 compactitius
1770 1299 1794 1340 ²²

130 1396 177 1455 cit.
191 1397 260 1453 Nam
291 1403 318 1450 ct
343 1392 562 1450 honorandorum
591 1390 779 1464 conjugiorum
807 1402 936 1460 superno·
990 1394 1036 1451 ille
1057 1394 1136 1454 Soter
1159 1393 1227 1467 (6)),
1256 1407 1372 1465 sponsus
1394 1389 1607 1449 scilicetzambo
1631 1388 1795 1463 conjugium

132 1502 193 1543 rum
220 1484 305 1558 gratia
325 1482 424 1539 dicitur
452 1481 522 1552 apud
553 1479 632 1550 illes,
648 1479 831 1554 meditandum
855 1488 937 1550 atque
990 1499 1100 1542 norum.
1126 1483 1160 1540 Et
1187 1482 1212 1522 ²³
1237 1483 1281 1539 bic
1304 1480 1358 1538 erit
1385 1480 1413 1536 in
1440 1478 1584 1553 scripturis
1616 1492 1742 1551 sponsus
1767 1478 1795 1536 et

132 1573 323 1634 celebrandum
343 1587 453 1642 semper
477 1576 674 1627 sacramentum
695 1568 761 1641 (60),
784 1563 868 1624 586
889 1581 937 1625 eo·
992 1589 1099 1646 spensa,
1115 1581 1142 1630 et
1155 1571 1282 1643 sponsale
1301 1570 1434 1627 Pleroma.
1454 1568 1556 1627 Credas
1583 1566 1669 1636 enirn,
1698 1567 1795 1627 ubido

132 1662 199 1730 miti,
213 1662 243 1719 id
262 1659 420 1717 estleminae
438 1654 747 1727 adhaercndo;alioquin
759 1656 936 1731 degenerem,
991 1661 1100 1719 1000111
1123 1660 1213 1719 locum
1246 1659 1457 1732 transmigratur
1481 1657 1552 1732 (66),
1580 1657 1656 1730 leges
1681 1672 1795 1732 queque

133 1767 183 1809 nec
210 1749 360 1823 legitimum
384 1746 518 1812 veritatis,
537 1745 583 1818 qui
606 1745 765 1801 diversatus
790 1745 818 1802 in
835 1744 937 1802 munde
989 1750 1133 1824 luliaslll)
1148 1747 1318 1816 intervenire,
1334 1748 1404 1804 sicut
1431 1754 1458 1805 ct
1481 1762 1587 1805 coeuam
1610 1747 1637 1787 22
1664 1747 1735 1821 (66).
1761 1747 1797 1805 Et

132 1858 188 1899 non
211 1836 340 1895 amaverit
363 1835 502 1900 feminam.
517 1849 568 1889 net
582 1833 649 1890 seei
669 1833 803 1904 junxerit.
828 1832 936 1907 Ecquid
954 1814 1154 1912 BDemiurgus
1176 1845 1240 1894 tunc
1258 1836 1292 1892 de
1317 1820 1489 1893 hebdomade
1512 1836 1564 1892 sub
1590 1833 1695 1893 coelestl
1719 1835 1745 1874 ²⁵
1768 1835 1796 1892 iu

136 1928 236 1986 iaciant
255 1926 403 1999 spadones,
416 1939 488 1997 quos
501 1922 624 1982 uidemus
637 1923 710 1995 apud
724 1923 803 1982 illos?
997 1929 1139 2001 superiora
1151 1926 1275 1997 mutabit,
1292 1923 1381 1985 58⁷-
1399 1924 1426 1982 in
1449 1939 1568 1982 vacuum
1592 1925 1651 1997 jam
1668 1940 1796 1982 eoeuacu·

996 2016 1053 2073 lum
1062 2016 1166 2088 matris,
1183 2015 1272 2073 sciens
1288 2015 1345 2085 jam
1359 2029 1409 2071 nee
1431 2012 1525 2072 videns
1538 2013 1615 2071 illam
1635 2014 1708 2087 (66).
1727 2015 1796 2074 liant

997 2106 1021 2163 si
1036 2107 1072 2162 ita
1084 2113 1154 2174 erat,
1171 2119 1279 2179 semper
1291 2103 1317 2145 22
1331 2103 1458 2178 ignorare
1471 2103 1610 2162 maluisset
1631 2103 1702 2176 (66).

868 2203 939 2268 Vari
953 2224 978 2268 ae
998 2209 1155 2270 lectiones·
1279 2246 1282 2253 ,

143 2288 165 2332 ¹²
192 2285 338 2348 Praesidem
367 2285 454 2342 Prae.
492 2282 552 2354 (ιι).
587 2280 612 2321 22
634 2279 693 2337 Deli
731 2279 802 2338 endo
826 2283 910 2341 Semi.
933 2285 1095 2341 blandiendo
1121 2287 1187 2341 Per.
1207 2284 1231 2325 22
1257 2283 1352 2341 Subito
1380 2281 1530 2341 Achamoth
1554 2288 1637 2339 telam
1665 2297 1795 2339 masmana

147 2361 230 2421 Semi.
260 2359 285 2397 ²⁰
307 2354 438 2413 salutm
466 2352 554 2410 Rheae.
584 2352 669 2410 Semt.
718 2353 806 2411 berth.
836 2353 857 2391 ²¹
884 2354 1125 2427 Coulrcquentetur
1156 2357 1244 2415 litteo.
1278 2357 1362 2413 Semi.
1397 2355 1509 2413 oberth.
1537 2353 1563 2392 ²²
1599 2352 1795 2426 Comparcinus

144 2433 232 2492 Rhea.
249 2429 334 2488 semi.
362 2424 472 2484 Odertlt.
492 2423 679 2494 compareirus
698 2425 764 2481 lun.
787 2423 812 2461 ²³
826 2425 930 2481 Novum
952 2427 1008 2482 liet.
1033 2427 1083 2483 llic
1105 2429 1185 2483 Pam.
1211 2427 1299 2485 lllten.
1318 2426 1402 2484 Semi.
1420 2426 1483 2481 lient
1503 2423 1578 2496 prael.
1595 2425 1663 2482 ren.
1685 2431 1715 2483 et
1727 2425 1792 2481 llec.

141 2506 166 2543 22
180 2503 290 2559 (lainam
309 2501 390 2554 Pam.
406 2496 494 2553 Rhea.
520 2497 605 2553 Seml.
631 2495 741 2552 oberth.
757 2496 907 2553 canuleiam
915 2499 984 2571 jan.
1007 2515 1075 2556 mas.
1091 2498 1138 2569 lll,
1167 2500 1253 2557 Vatic.
1277 2497 1393 2554 caulam.
1418 2498 1443 2538 ²⁵
1461 2495 1570 2553 Coelesti
1597 2495 1690 2555 uteo.
1709 2497 1793 2557 seat.

147 2574 257 2635 Obertb.
275 2573 341 2630 tuo.
357 2567 382 2607 22
396 2568 495 2638 Quum,
511 2567 534 2622 si
548 2567 584 2622 ita
599 2567 651 2623 crit
665 2582 772 2640 semper
786 2567 852 2624 lan.

837 2638 1086 2706 Ceanmentarius.

141 2724 303 2795 inscriptura
330 2722 414 2790 buius
428 2718 544 2775 samnis
557 2725 599 2776 est
613 2717 704 2790 regula
719 2717 829 2775 animali
844 2719 938 2776 semini
992 2719 1118 2789 legimus,
1145 2719 1281 2790 Sponsum
1296 2725 1323 2776 et
1337 2718 1468 2790 Sponsam
1486 2735 1493 2774 :
1511 2733 1559 2772 nec
1586 2717 1661 2775 aliud
1692 2718 1790 2775 intelli·

137 2797 287 2870 proestituta
300 2796 391 2850 uuas.
992 2791 1111 2918 gendum
1131 2791 1272 2861 Pleroma,
1306 2805 1387 2873 quarn
1417 2789 1577 2861 Nymphena
1601 2797 1629 2845 et
1652 2790 1789 2862 sponsale.

175 2868 274 2941 (57)St
288 2863 482 2935 confitendum
496 2861 575 2925 elidi,
590 2862 684 2918 nescio
697 2860 754 2929 obi,
769 2868 821 2919 etc.
835 2863 875 2919 bc
889 2864 939 2920 hac
1017 2863 1041 2919 ic
1064 2864 1147 2934 igitur
1164 2862 1312 2933 Scptianius
1324 2861 1450 2932 locando,
1466 2861 1514 2916 sed
1532 2859 1623 2917 anirno
1641 2876 1750 2935 semper
1765 2861 1791 2918 ia

145 2938 295 3012 quastione
310 2935 390 2991 latius
403 2932 512 2990 disserit
524 2932 551 2986 in
570 2931 726 3001 Scorpiace.
736 2934 826 2990 Rana.
995 2935 1103 3004 nuptias
1119 2932 1229 2998 infeste,
1240 2933 1341 2988 Credas
1366 2934 1447 2999 enim,
1470 2931 1568 3004 inquit,
1598 2931 1644 2987 ubi
1673 2935 1708 2989 de
1732 2931 1787 2990 loco

179 3009 240 3079 (66)
262 3009 309 3065 ltti
331 3020 395 3064 uere
417 3004 451 3062 de
471 3004 639 3076 passivitate
657 3005 733 3061 vitae.
751 3004 870 3062 lrenaeus
885 3023 892 3060 ε
909 3007 942 3062 lo
958 3020 980 3100 e
996 3005 1023 3060 in
1046 3004 1137 3078 legem
1152 3004 1371 3079 transmigratur,
1388 3005 1463 3078 teges
1477 3018 1586 3076 quoque
1603 3003 1692 3061 tuliae
1705 3005 1784 3060 inter·

139 3083 352 3156 choscuapoe
366 3078 479 3148 [aerim
493 3077 589 3146 fectis.
604 3075 863 3132 Passivitatemvirae
876 3076 942 3134 dicit
993 3077 1168 3149 reuire,quae
1188 3075 1309 3132 caelibem
1334 3090 1394 3131 esse
1417 3089 1581 3147 quemquam
1604 3089 1659 3130 non
1688 3075 1791 3147 padan-

144 3153 226 3211 uitam
256 3149 418 3205 incustodite
444 3163 476 3202 ac
502 3162 552 3218 pro
580 3146 691 3202 libidine
720 3155 940 3204 transactam-
995 3157 1059 3213 tur,
1082 3147 1208 3218 adeoque
1235 3145 1362 3202 omnibus
1384 3144 1489 3200 hincin
1506 3145 1606 3201 coelum
1638 3145 1792 3218 migraturis

139 3222 329 3280 Passivitatcm
352 3219 415 3276 ritae
436 3225 517 3275 vocat
540 3217 747 3286 incompositam
769 3227 795 3274 et
818 3219 939 3277 licentio·
993 3227 1048 3273 tam
1062 3218 1097 3272 im
1120 3218 1298 3288 remptulorc
1321 3216 1568 3289 conjugem,quam
1581 3230 1691 3274 coenaan
1703 3218 1792 3290 bospi-

139 3311 197 3351 sam
212 3294 273 3349 ritae
288 3292 447 3355 libertatem,
466 3303 520 3359 qua
538 3287 738 3347 Valentinianos
756 3288 840 3346 luisse
861 3301 940 3348 neta·
993 3290 1066 3346 tibus
1079 3236 1274 3344 assentoriam.
1289 3288 1352 3344 llrc.

141 3366 212 3423 biles
227 3373 321 3420 auctor
335 3369 376 3417 est
389 3361 516 3415 lrenaeus.
528 3359 620 3414 Pasa.
1029 3359 1086 3442 (63)
1107 3362 1187 3431 tepea
1196 3359 1411 3442 guoquetuties.
1428 3357 1513 3430 Leges
1526 3357 1656 3432 intelligit
1668 3359 1703 3417 de
1715 3358 1792 3417 udul-

176 3435 234 3508 (66)
249 3435 402 3506 diligentie
424 3431 604 3490 delictorum.
620 3430 702 3486 Poena
725 3430 758 3486 ad
784 3428 941 3502 delinquen·
994 3431 1070 3487 terris
1084 3438 1112 3487 ct
1126 3441 1237 3502 stuprrs,
1253 3440 1281 3487 et
1293 3432 1328 3486 de
1348 3430 1374 3487 vi
1389 3429 1496 3502 publica
1516 3443 1548 3486 ac
1561 3429 1686 3502 privata3
1702 3430 1739 3489 de
1751 3430 1792 3487 hic

144 3508 208 3564 dum
231 3506 356 3563 libidine.
371 3501 546 3578 Diligentiam
562 3502 603 3557 hic
616 3510 727 3572 usurpat
740 3516 772 3556 ee
786 3517 868 3557 sensu
886 3518 940 3573 quo
994 3516 1019 3557 c.
1041 3503 1089 3558 lib.
1117 3504 1143 3568 9,
1169 3502 1209 3558 tit.
1235 3510 1262 3559 et
1281 3504 1325 3557 16.
1357 3501 1492 3558 advertes
1521 3501 1630 3558 interim
1659 3503 1689 3558 in
1722 3503 1793 3573 hisee

143 3577 309 3651 proximesu
330 3591 359 3631 ra
379 3572 940 3641 notavimususurpatumablaeuae.ttae.
995 3574 1080 3630 titulis
1102 3576 1257 3645 promiscue
1280 3571 1440 3628 adulterium
1465 3586 1497 3628 ac
1511 3579 1634 3644 stuprum
1655 3588 1708 3631 usn
1765 3571 1790 3642 ⁴,

177 3679 214 3690 —
228 3652 263 3706 ut
277 3594 428 3718 tuliparum
442 3645 622 3702 delictorum.
641 3642 813 3716 Diligentiam
829 3645 943 3701 delicto-
995 3659 1056 3700 cum
1089 3642 1250 3700 adulterium
1274 3644 1300 3698 iu
1330 3651 1451 3715 nuptam,
1475 3650 1600 3714 stuprum
1626 3643 1656 3701 in
1684 3647 1712 3702 vi
1732 3658 1791 3703 uera

36 3746 41 3756 ·
146 3735 208 3774 rum
221 3727 299 3775 vocat
320 3716 446 3773 allectum
470 3723 497 3771 et
520 3714 641 3770 studium
667 3717 701 3769 ad
728 3714 942 3788 delinquendum
995 3721 1041 3770 aut
1066 3714 1181 3783 puellam
1204 3714 1395 3771 committatur.
1418 3715 1465 3770 La.
1482 3717 1529 3770 Ptt.

146 3789 205 3845 sive
233 3787 409 3859 peccandum.
425 3787 517 3843 linare
1030 3785 1089 3868 (el)
1105 3787 1184 3843 Sicut
1196 3791 1225 3843 et
1249 3785 1381 3842 Getarum.
1390 3786 1489 3842 Nescio
1504 3784 1611 3858 3inquit
1634 3786 1788 3853 Rhenanus,

181 3860 238 3930 (60)
250 3859 449 3929 conjugiorum
462 3858 943 3936 superatorumsocrcmerttem.lne·
995 3871 1029 3912 an
1061 3856 1197 3927 significet
1224 3857 1316 3930 legem
1338 3856 1394 3912 Caii
1420 3856 1539 3927 Pompeii
1567 3857 1727 3927 Strabonis,
1761 3871 1791 3913 at

145 3930 335 3985 narrabileset
353 3926 560 3983 innominabiles
576 3927 651 3984 illius
668 3929 809 3985 desursum
825 3929 942 4002 syzygiae
995 3927 1132 3984 veteribus
1168 3929 1261 3984 incolis
1290 3927 1495 3998 Transpadanis,
1521 3928 1569 4000 jus
1611 3927 1679 3985 Latii
1708 3875 1790 3996 dealt

145 4000 314 4072 mysterium.
333 3999 512 4054 hembecca.
994 3999 1069 4070 quod
1084 4006 1188 4056 ceterae
1201 3999 1316 4056 colonia
1336 4000 1438 4055 Latinae
1458 3999 1593 4056 habebant
1602 4043 1612 4080 ,
1638 4010 1669 4056 ιιι
1681 3997 1788 4071 petendi

181 4071 239 4143 (66)
256 4071 458 4144 compactitius
471 4069 521 4126 ille
535 4069 624 4126 Soter.
639 4068 684 4125 Sic
701 4070 854 4127 emendavit
867 4073 942 4128 lllre·
997 4072 1186 4144 magistratus,
1206 4080 1232 4126 ct
1255 4071 1370 4128 civitatis
1384 4071 1464 4128 llom.
1494 4071 1540 4140 jue
1566 4069 1789 4140 adipiscerentur.

145 4158 233 4200 nanus
243 4142 315 4216 quod
329 4143 356 4196 in
366 4141 485 4223 antiquis
503 4141 705 4212 exemplaribus
726 4143 823 4214 legitur
839 4186 846 4211 ,
861 4161 940 4200 com·
994 4141 1126 4198 Caeterum
1154 4142 1302 4199 Achamoth
1331 4142 1365 4197 de
1392 4141 1517 4198 exteriori
1548 4140 1728 4215 inferiorique
1754 4151 1790 4199 ta·

144 4217 293 4288 parcimus.
306 4212 512 4282 Compactrtium
535 4219 613 4269 vocat
631 4213 778 4284 Septimius
792 4214 915 4270 Soterem
931 4256 937 4283 ,
956 4201 1096 4279 ssbulato,
1131 4215 1184 4270 uod
1198 4212 1248 4269 sud
1261 4213 1410 4268 Pleromate
1423 4221 1481 4269 crat
1507 4212 1695 4296 consulatum,
1725 4212 1791 4270 intra

38 4331 41 4338 .
145 4288 357 4356 cujusornatum
371 4285 514 4355 patronium
536 4299 619 4354 supra
640 4283 716 4341 dixit.
731 4286 850 4342 lrenaeus
863 4286 943 4343 dixe·
997 4286 1085 4410 ipsum
1101 4230 1221 4341 Pieroma
1236 4283 1376 4350 transiens,
1391 4284 1529 4357 indigebat
1554 4296 1627 4341 certe
1650 4284 1790 4358 pravilegio

146 4367 219 4415 rat:
250 4356 345 4413 ulleci
367 4371 412 4411 erc
436 4371 564 4424 sponsum
588 4371 665 4410 surum
694 4355 874 4428 Salvatorcm,
915 4357 944 4413 ui
997 4357 1100 4427 aiqrro,
1115 4355 1318 4412 utsublimieris
1330 4356 1514 4429 digniorisque
1527 4354 1580 4411 loci
1592 4353 1671 4414 ficret
1693 4370 1789 4429 capax·

146 4437 188 4483 est
202 4427 329 4483 omnibus
343 4372 440 4483 iectus.
458 4448 469 4476 ι
487 4427 585 4482 Noster
598 4427 679 4499 paule
699 4436 760 4495 post
773 4428 855 4484 dicet.
873 4449 886 4481 a
926 4447 943 4486 x
999 4428 1105 4498 Alioqui
1121 4443 1200 4499 poena
1213 4427 1293 4502 Legis
1306 4425 1439 4485 Viscelllae
1449 4426 1476 4483 ei
1488 4426 1606 4483 timenda
1617 4434 1686 4496 erat,
1697 4429 1790 4502 dequo

148 4500 267 4554 omniurn
283 4501 399 4555 AEonum
413 4497 533 4554 llosculis
546 4505 738 4554 constructum.
754 4518 767 4550 υ
784 4500 845 4554 ltro.
999 4499 1083 4554 habes
1097 4500 1182 4555 c.l1b.
1198 4500 1277 4568 rxtit,
1291 4498 1325 4553 ad
1336 4499 1436 4571 Legem
1451 4497 1557 4554 Viscell.
1580 4498 1650 4556 Pata.

181 4573 238 4644 (62)
248 4570 348 4628 Credas
361 4570 438 4625 euim
449 4569 497 4625 eoi
507 4569 540 4625 de
549 4569 606 4626 loce
615 4572 645 4624 iat
659 4572 751 4626 locam
763 4573 946 4642 transmigro·
1034 4571 1090 4640 (66)
1106 4571 1203 4627 Sciens
1214 4573 1282 4639 tum,
1299 4585 1351 4627 rtec
1372 4569 1469 4627 videtu
1483 4569 1575 4627 illem.
1601 4568 1675 4626 llicit
1703 4583 1788 4640 supra.

147 4641 943 4716 tor,legesquequetotiucinteruenire,aicctetduirtcm.
999 4640 1174 4711 Demiurgum
1190 4651 1305 4697 amatre
1331 4641 1481 4697 achamoth
1514 4642 1542 4696 in
1570 4655 1678 4698 emnem
1699 4656 1791 4712 opet-

143 4712 396 4839 Legeudumhpute,
411 4714 485 4769 aieut
498 4716 526 4768 et
545 4728 664 4769 certem.
691 4711 746 4766 Sed
768 4713 945 4785 explicatione
998 4712 1098 4767 tionem
1112 4711 1222 4767 ductum
1237 4728 1268 4768 ac
1283 4722 1433 4781 permotum
1448 4712 1542 4778 tuisse,
1556 4718 1686 4784 unquam
1700 4712 1791 4785 »ope

145 4798 215 4853 opus
230 4796 282 4839 est.
338 4799 420 4839 onum
444 4781 689 4840 Valentinianorum
709 4782 800 4838 tabula
827 4791 882 4839 tota
904 4793 946 4841 est
997 4800 1093 4836 παυτυυ
1121 4790 1148 4837 ct
1179 4783 1268 4839 nervis
1292 4782 1388 4839 alienis
1414 4782 1512 4839 mobile
1538 4781 1654 4856 liguum,
1672 4782 1791 4858 quieti·

146 4854 174 4908 in
198 4853 343 4910 suadendis
353 4854 500 4919 amoribus,
526 4855 599 4926 quod
621 4853 702 4909 facile
725 4853 861 4911 declarant
883 4871 944 4927 quae
998 4853 1098 4909 delicet
1111 4853 1176 4907 nihil
1191 4855 1251 4923 eius
1278 4854 1410 4909 sentiebat
1425 4871 1432 4908 :
1449 4856 1499 4910 hec
1513 4860 1564 4921 est,
1592 4854 1742 4927 ignorabat
1765 4866 1792 4909 to

147 4924 175 4976 in
198 4939 279 4995 opere
293 4925 345 4980 isto
369 4925 469 4996 passim
486 4933 631 4981 occurrunt
644 4924 854 4995 copulationum,
879 4942 944 4982 cen·
998 4935 1113 4981 amatre
1128 4925 1239 4991 moveri,
1255 4934 1337 4997 atque
1351 4925 1400 4981 abs
1414 4940 1443 4979 se
1457 4927 1516 4999 ipso
1535 4924 1593 4981 lieri
1610 4926 1709 4983 ornatis
1723 4932 1793 4997 pate·

144 4992 327 5066 jugationum,
351 4996 542 5070 conjugiorum
561 5002 588 5051 et
609 4997 842 5054 concinnationum
860 5012 943 5054 roca·
996 4994 1053 5050 bat.
1067 4996 1126 5052 tam
1141 5011 1204 5053 vero
1221 5003 1360 5068 postquam
1388 4995 1438 5052 luit
1451 4997 1480 5053 iu
1503 4994 1596 5051 matris
1624 4998 1792 5055 coenwuln!

146 5063 221 5134 bula,
237 5074 265 5122 et
279 5083 313 5123 ne
327 5065 377 5120 alia
392 5083 618 5140 commemorem,
636 5084 697 5139 quae
712 5066 859 5138 Septimius
872 5070 943 5125 indi·
999 5067 1157 5133 translatus,
1171 5067 1242 5124 scire
1264 5083 1295 5123 se
1309 5066 1440 5138 quidquid
1467 5065 1609 5134 feceram
1637 5076 1727 5129 metra
1748 5080 1793 5124 set

146 5139 273 5209 gnatlonc
290 5136 409 5208 percitus
442 5138 535 5194 rotulit
583 5156 617 5195 ne
632 5155 694 5194 curn
720 5139 825 5208 jactura
848 5144 941 5211 pude-
996 5152 1057 5194 esse
1071 5154 1122 5209 per
1136 5137 1221 5210 ipsum
1238 5138 1316 5195 lacta.
1337 5136 1483 5208 Septimius
1508 5137 1594 5211 igitur
1606 5137 1711 5196 lateam
1736 5136 1793 5197 Vn·

146 5208 193 5264 ris.
223 5208 269 5264 Sic
295 5214 383 5263 autem
412 5154 449 5263 ifli
480 5225 553 5282 nuga
573 5219 651 5266 antur
673 5229 679 5264 :
704 5225 853 5282 supernum
877 5211 942 5268 illud
997 5208 1208 5266 lentinianerum
1223 5211 1383 5265 sententiam
1410 5209 1502 5266 ridens
1518 5227 1525 5266 :
1542 5209 1608 5267 Nam
1623 5209 1702 5268 alita
1728 5216 1791 5279 crat.

146 5295 224 5336 suum
267 5279 389 5334 Pleroma
429 5280 595 5351 frequentari
632 5282 762 5354 συζυγίαις,
800 5281 942 5354 ipsamque
996 5279 1023 5335 in
1044 5280 1094 5350 uit,
1109 5297 1218 5352 semper
1230 5281 1353 5354 ignorare
1364 5280 1512 5337 maluisset.
1527 5280 1591 5338 llae.

145 5352 296 5409 Achamoth
310 5348 418 5422 Sophiae
440 5349 521 5407 filiam
536 5353 570 5407 de
592 5354 683 5409 medio
698 5352 817 5409 tabulate
833 5354 952 5411 tandem
1025 5298 1088 5424 ((66)
1104 5353 1256 5411 lictoisset.
1275 5353 1345 5408 lren.
1368 5357 1467 5411 centra
1494 5353 1595 5412 lloerea.
1612 5366 1676 5424 cap.
1693 5352 1790 5429 ’1,(6.

145 5423 173 5479 in
204 5438 338 5479 summum
372 5422 528 5477 translatam
552 5437 584 5479 ac
609 5424 759 5480 restitutam
787 5423 940 5493 Pleromati,
993 5457 1026 5470 -
1041 5430 1117 5483 ὀταν
1138 5434 1164 5483 ot
1178 5439 1227 5484 πᾶν
1248 5433 1277 5484 τι
1300 5434 1398 5500 σπέρμα
1410 5433 1594 5498 artemiae-ir
1617 5433 1664 5501 pta
1680 5428 1792 5501 Ἀχιμῧ

146 5494 240 5551 statim
265 5502 404 5564 exceptam
430 5493 514 5549 luisse
538 5494 712 5564 amplexibus
734 5495 837 5568 sponsi,
857 5511 940 5578 quem
994 5505 1038 5565 τιν
1053 5506 1147 5572 μητέρα
1161 5507 1243 5557 αὐτων
1258 5507 1392 5571 maumam
1404 5513 1449 5559 coe
1462 5513 1505 5569 τις
1518 5505 1656 5574 paoem
1666 5504 1794 5572 altumalt-

148 5566 271 5622 Soterem
298 5566 424 5632 rocitant‚
450 5574 481 5621 ut
508 5565 665 5640 conjugium
688 5567 766 5624 sacret
786 5568 887 5624 Soteris
912 5576 942 5625 et
994 5593 1075 5641 γουσι,
1088 5578 1131 5629 καὶ
1144 5579 1211 5637 ἐντὸς
1224 5581 1386 5645 πληρώματος
1404 5579 1528 5641 emitote,
1541 5577 1585 5630 sal
1600 5576 1794 5632 &masur

66 5674 69 5679 -
148 5636 268 5708 Sophia,
284 5638 336 5696 hoc
361 5653 429 5696 rere
459 5640 611 5711 essequod
636 5640 663 5695 in
686 5637 833 5712 scripturis
858 5640 941 5698 sacris
994 5650 1097 5715 νυμφίου
1112 5650 1367 5717 udascalchus-epe,
1380 5651 1424 5704 ete
1441 5651 1471 5703 ιι
1486 5651 1588 5704 πάντων
1607 5650 1794 5717 man
