3840 6134
52 308 104 368 am
674 302 739 364 uta.
761 305 772 365 t
792 303 875 363 tot.
897 298 1100 369 ultumum.
1653 330 1705 390 302

51 434 179 500 dosunt
198 447 260 489 caro
280 429 1426 527 ministrinomineoccurritCarensdeui-flmodo,verumetsola.iarnenimct
1453 447 1504 504 hoc
1533 450 1629 509 discuti
1658 473 1706 527 par

52 541 107 598 que
122 523 216 579 anima
230 536 304 588 caro,
320 521 450 578 hactenus
460 529 563 593 peccat.
575 521 615 575 lta
628 529 655 578 et
670 521 699 577 in
722 522 773 577 hoc
789 520 860 592 ioju·
914 533 965 592 est,
986 541 1019 581 an
1035 526 1107 582 Deus
1117 527 1152 584 de
1165 529 1221 585 sola
1234 529 1351 587 bonitate
1366 538 1518 594 censendus
1531 541 1576 607 sit,
1601 548 1706 617 negatis

51 623 93 670 sta
108 611 229 676 bonitas,
242 617 268 666 ct
282 611 323 666 sic
335 625 444 683 quoque
455 609 628 680 imperfecta3
645 609 859 665 innocentiorem
912 614 1015 670 caeteris
1038 616 1241 690 appendicibus,
1270 621 1394 678 sensibus
1417 627 1475 697 (81)
1502 637 1529 682 ct
1554 629 1705 702 affectibus,

52 701 234 760 substantiam
257 698 415 770 relinquens
443 698 471 752 in
491 697 612 768 exitium,
637 698 779 769 obsequio,
805 712 859 753 non
911 718 982 774 qnos
1010 705 1173 764 Marcionitae
1201 708 1308 781 quidem
1338 711 1428 768 adeo
1448 730 1499 771 suo
1514 719 1656 791 ambigunt
1679 725 1707 778 in

52 791 171 849 arbitrio
189 790 392 861 delinquentem
409 807 416 842 ι
433 790 512 859 cujtrs
526 787 652 843 Christus
676 789 726 843 etsi
747 802 801 843 non
815 788 858 843 in·
912 792 1077 863 Creatorem,
1093 812 1143 852 nos
1161 814 1225 854 acro
1240 807 1266 854 et
1285 801 1455 873 agnoscimus
1478 805 1504 859 ῑῃ
1522 806 1659 873 creator&
1679 822 1707 868 m

53 881 111 938 duit
124 880 279 949 acritatem,
295 886 324 933 ut
351 885 404 933 tuac
419 877 516 934 haeresi
537 877 623 935 nisum
643 885 693 943 est,
714 876 859 951 imaginem
912 881 1084 956 Dcodignos.
1101 885 1133 940 Et
1150 901 1183 941 ex
1197 888 1250 942 hoc
1264 904 1373 962 quoque
1388 892 1548 963 negabimus
1568 896 1592 934 aa
1607 899 1705 965 Deum,

54 980 144 1027 umen
161 971 225 1040 ejus
239 967 332 1023 subire
346 966 473 1039 dignatus
495 974 545 1022 est.
562 966 653 1034 ipsum
668 965 739 1037 quod
759 966 858 1020 menti·
913 971 1007 1042 inquo
1024 974 1182 1030 nonomnia
1197 992 1257 1048 quae
1283 978 1339 1034 Deo
1357 979 1439 1052 digna
1469 992 1541 1050 sunt,
1571 996 1706 1044 constent,

52 1067 97 1118 tus
117 1068 162 1116 est
188 1058 274 1129 illam,
294 1054 394 1126 aliquid
416 1054 440 1110 ei
464 1054 556 1110 debuit
579 1053 604 1091 ²⁰
625 1053 763 1110 debuisse.
788 1052 860 1123 Quid
913 1058 941 1114 si
956 1059 1070 1133 aliquem
1085 1063 1119 1118 de
1135 1064 1242 1134 Epicuri
1262 1067 1355 1122 schola
1374 1069 1460 1126 Deum
1487 1073 1541 1144 (82)
1571 1073 1709 1136 atfecpapjp

54 1156 97 1205 est
111 1155 207 1204 antem
221 1146 305 1200 homo
324 1143 399 1199 aliud
418 1159 500 1215 quam
522 1143 607 1200 caro‘l
622 1142 649 1198 Si
673 1142 782 1213 quidem
805 1158 858 1198 no·
913 1147 1011 1204 Christi
1033 1150 1143 1208 nomine
1167 1153 1283 1222 titulare,
1302 1164 1330 1210 ut
1357 1158 1430 1229 quod
1446 1160 1554 1216 beatum
1577 1171 1605 1220 et
1622 1164 1711 1223 incor-

55 1253 116 1294 men
145 1233 279 1301 bominis,
309 1231 420 1287 materia
447 1229 605 1303 corporalis,
636 1245 690 1285 non
726 1230 858 1298 animalis,
913 1236 1039 1306 ruptihile
1064 1238 1109 1306 sit,
1126 1255 1214 1312 neque
1229 1241 1291 1309 sihi,
1314 1260 1404 1317 neque
1423 1246 1469 1302 alii
1485 1250 1624 1307 molestias
1639 1271 1710 1327 prae-

56 1330 89 1386 ab
106 1333 225 1384 auctore
239 1322 333 1380 sortita
345 1323 461 1377 estrdt
478 1321 548 1391 fecit
564 1322 797 1387 hominemllccs,
815 1321 859 1376 in·
913 1330 966 1379 stet
995 1325 1077 1394 (hanc
1109 1328 1182 1383 enim
1209 1331 1369 1387 sententiam
1402 1336 1541 1395 ruminans
1564 1341 1708 1410 Marcion,

54 1427 111 1502 quit
128 1422 266 1495 (66228),
284 1419 529 1485 fimumdcterro,
550 1418 753 1490 nonanimam;
769 1418 860 1474 anima
914 1413 1026 1472 remouit
1036 1415 1069 1469 ab
1084 1414 1129 1472 illo
1145 1419 1304 1476 severitates
1319 1427 1346 1475 et
1366 1422 1523 1490 judiciarias
1552 1428 1635 1503 vires)
1663 1441 1712 1490 aue

55 1518 125 1575 euim
140 1515 179 1572 de
191 1510 285 1568 afflatu
299 1511 376 1583 (80);
395 1511 432 1566 ut
439 1512 535 1582 sectus
544 1512 585 1567 est
596 1508 676 1567 homo
690 1510 860 1565 inanimem
912 1503 940 1559 in
963 1508 1047 1558 fotum
1072 1504 1237 1562 immobilem
1260 1517 1287 1564 et
1315 1517 1464 1583 stupentem
1492 1514 1580 1572 Deum
1609 1533 1711 1578 conoe·

56 1609 159 1666 rivom.
185 1601 278 1672 Quis?
291 1599 386 1673 ntique
402 1600 448 1673 qui
475 1601 508 1655 de
523 1598 598 1655 limo.
615 1600 651 1655 st
671 1600 768 1671 posuit
785 1601 857 1658 Deus
913 1590 988 1663 pisse
1002 1592 1133 1648 debuerat
1154 1611 1161 1664 3
1182 1604 1207 1649 et
1221 1595 1286 1669 quid
1300 1597 1341 1652 illi
1364 1615 1425 1655 cunr
1450 1601 1567 1673 Christo,
1593 1608 1710 1668 molesto

57 1696 201 1755 minem
216 1689 400 1764 inporcdiso,
421 1688 494 1762 quod
509 1687 596 1758 finxit,
611 1702 665 1743 non
678 1687 751 1761 quod
765 1686 856 1760 flatit;

58 1785 101 1859 qni
121 1798 188 1842 caro
206 1795 291 1851 nnnc,
316 1792 371 1835 non
391 1777 437 1852 qui
455 1778 558 1835 anima.
583 1778 685 1851 ltaque,
706 1777 730 1833 si
747 1776 783 1833 ita
805 1785 857 1847 est,

59 1889 111 1949 qno
138 1887 188 1929 ore
217 1869 365 1928 contendes
399 1866 548 1939 perfectum
577 1866 705 1922 honitatis
739 1865 857 1938 titulum,

64 1978 122 2037 quae
146 1974 200 2016 noo
221 1959 313 2031 jama
342 1956 483 2031 partitione
511 1955 620 2030 speciali
644 1952 761 2011 hominis
789 1956 858 2015 libe-

62 2051 139 2111 randi
152 2047 259 2119 defecit,
283 2048 332 2104 sed
354 2063 370 2102 a
386 2045 548 2119 proprietate
571 2044 717 2117 generali?
733 2043 762 2099 Si
783 2045 860 2115 plena

59 2149 100 2198 est
119 2139 210 2215 gratia
235 2146 263 2194 et
291 2137 378 2194 solida
401 2134 667 2206 misericordiaque
691 2132 742 2188 soli
764 2132 860 2189 animae

58 2228 180 2286 mutaris
196 2234 251 2295 est,
272 2227 334 2298 plus
348 2232 456 2296 praestat
480 2225 537 2279 baec
556 2222 619 2295 vita,
633 2237 687 2294 qua
707 2220 753 2279 toti
767 2231 795 2278 et
814 2223 861 2277 in-

59 2318 122 2392 tegri
136 2316 268 2375 fruimur.
293 2315 438 2384 ceterum,
459 2328 494 2368 ex
520 2319 593 2384 parte
614 2325 768 2385 resurgere,
788 2310 861 2366 mul-

59 2403 119 2464 ctati
147 2402 214 2473 erit,
245 2416 303 2459 non
332 2400 451 2456 liberari.
487 2398 548 2454 Erat
585 2404 614 2453 et
644 2396 708 2453 illud
736 2398 861 2469 perlectae

61 2492 193 2561 munus,
213 2498 247 2548 ut
269 2491 352 2546 horno
371 2488 500 2545 liberatus
523 2486 550 2542 in
574 2484 653 2542 fidem
683 2485 733 2542 Dei
755 2486 860 2559 optimi,

61 2583 141 2639 atadm
155 2582 328 2638 eximeretur
341 2577 375 2635 de
390 2575 527 2633 domicilio
552 2583 631 2647 atqne
654 2574 793 2631 dominatu
817 2576 861 2636 dei

60 2672 126 2728 reri.
148 2671 189 2728 At
203 2683 278 2725 nnnc
296 2676 322 2725 et
339 2665 488 2736 febricitas,
505 2680 521 2722 o
544 2664 712 2732 Marcionita,
735 2673 762 2720 ct
780 2673 861 2721 cete-

61 2776 102 2816 ros
124 2758 246 2817 tribulos
265 2763 292 2812 et
321 2756 413 2826 spinas
434 2753 513 2809 dolor
536 2754 625 2809 carnis
649 2763 702 2809 tuae
717 2752 764 2810 tibi
787 2754 860 2820 edit;

61 2867 105 2909 nec
118 2848 283 2908 fulminibus
298 2854 411 2914 tantum,
427 2852 476 2901 aut
493 2843 579 2909 bellis,
596 2854 622 2899 et
635 2843 771 2915 pestibus,
786 2842 862 2898 eliis·

61 2958 111 3012 que
128 2939 221 3014 plagis
240 2935 386 3001 Creatoris,
402 2934 450 2992 sed
465 2941 493 2989 et
513 2933 627 3005 scorpiis
642 2933 702 3003 ejus
721 2934 861 3003 obiectum

913 1688 940 1736 et
951 1679 1053 1736 tndaets
1068 1697 1117 1753 per
1129 1681 1318 1753 doctrinam,et
1332 1686 1383 1742 sibi
1398 1705 1447 1759 per
1462 1707 1574 1750 sensum
1593 1696 1618 1734 ²⁵
1637 1698 1651 1755 f
1665 1708 1711 1755 auf

875 1733 899 1812 Β
912 1768 987 1822 etde
1001 1767 1105 1823 caeteris
1128 1769 1247 1825 motibus
1266 1787 1328 1827 eum
1342 1775 1488 1847 agnovisse
1503 1779 1539 1846 26,
1551 1789 1578 1836 et
1593 1783 1658 1854 quid
1673 1785 1711 1840 illi

912 1871 975 1913 cum
987 1855 1116 1927 Epicuro,
1145 1874 1196 1915 nec
1219 1858 1271 1915 sibi
1285 1875 1334 1917 nec
1355 1861 1514 1921 Christianis
1529 1872 1683 1930 necessario
1698 1876 1713 1930 l

913 1946 986 2002 Ecce
1001 1945 1073 2000 enim
1093 1946 1144 2003 hoc
1165 1946 1225 2019 ipso
1253 1950 1327 2020 quod
1357 1958 1430 2009 retro
1457 1955 1577 2027 quietus,
1593 1959 1639 2031 qui
1661 1976 1714 2020 nec

914 2033 1038 2090 notitiam
1062 2036 1104 2091 sui
1123 2036 1213 2109 aliquo
1237 2038 1343 2096 interim
1365 2057 1448 2114 opere
1475 2049 1619 2118 curaverit,
1649 2060 1712 2123 post

915 2131 1017 2180 tantum
1040 2125 1093 2179 aeui
1119 2127 1235 2183 senserit
1262 2127 1290 2185 in
1315 2130 1432 2187 hominis
1455 2135 1588 2203 salutem,
1619 2141 1713 2214 utique

915 2227 964 2284 per
978 2211 1152 2284 uoluntatem,
1167 2230 1258 2272 nonne
1271 2219 1460 2276 concussibilis
1483 2231 1547 2280 tunc
1562 2225 1614 2282 fuit
1638 2245 1714 2288 novae

914 2302 1056 2370 voluntati,
1072 2311 1101 2357 ut
1113 2311 1140 2360 et
1163 2306 1267 2362 caeteris
1282 2307 1401 2364 motibus
1415 2310 1540 2369 videatur
1554 2316 1715 2377 obnoxius?

915 2389 982 2461 Quae
997 2401 1087 2448 autem
1097 2393 1223 2450 voluntas
1233 2395 1291 2454 sine
1301 2398 1645 2468 concupiscentiaestimufo
1657 2410 1714 2464 est?

915 2480 1007 2538 Sedet
1022 2496 1086 2538 cura
1101 2484 1210 2541 accedet
1224 2485 1365 2543 voluntati.
1380 2486 1448 2557 Quis
1462 2490 1553 2560 volet,
1570 2496 1644 2566 quod
1661 2513 1716 2555 non

916 2570 1115 2642 concupiscet?
1144 2572 1210 2644 Quis
1239 2574 1309 2631 enim
1339 2577 1413 2634 volet
1434 2579 1509 2652 quid,
1533 2589 1560 2638 et
1582 2587 1716 2658 concupi·

917 2667 976 2716 scet
990 2660 1058 2732 (88),
1074 2667 1100 2717 ef
1114 2676 1168 2719 non
1192 2662 1323 2720 curabit?
1338 2665 1425 2737 Igitur
1446 2683 1507 2724 cum
1532 2678 1558 2726 et
1577 2674 1665 2730 votuit
1689 2683 1717 2731 et

917 2749 1052 2821 concupiit
1066 2749 1095 2806 in
1113 2750 1229 2807 hominis
1255 2753 1380 2822 salutem,
1399 2756 1453 2823 jam
1478 2767 1504 2813 et
1523 2758 1575 2813 sibi
1603 2770 1629 2816 ct
1657 2763 1716 2818 aliis

916 2839 1056 2911 negotium
1070 2838 1144 2909 fecit,
1161 2837 1245 2896 2⁷⁷
1269 2841 1386 2912 Epicuro
1409 2844 1517 2902 nolente
1534 2889 1541 2913 ,
1558 2850 1715 2911 consiliario

917 2927 1052 2984 lfarcrone
1081 2927 1115 2984 ²³.
1140 2929 1208 2984 Nam
1237 2938 1264 2984 ct
1286 2931 1469 2988 adversarium
1498 2936 1550 2991 sibi
1577 2941 1718 2999 constituit

63 3031 90 3086 tu
108 3046 161 3101 qun
185 3039 213 3085 te
236 3037 313 3101 putas
334 3026 477 3081 liberatum
496 3023 530 3081 de
553 3037 638 3096 regno
653 3023 725 3092 ejus,
740 3022 818 3092 cujus
841 3031 865 3078 te
884 3013 1006 3102 gipsum
1022 3014 1087 3069 illud
1108 3012 1238 3070 aduersus
1260 3019 1334 3088 quod
1358 3028 1384 3075 et
1407 3024 1504 3090 voluit,
1524 3035 1552 3081 et
1579 3032 1718 3102 concupiit

67 3132 167 3173 muscae
185 3117 270 3172 adhuc
288 3115 411 3173 catcant‘t
426 3114 448 3168 si
464 3111 606 3168 defuturo
630 3119 725 3168 erutus
749 3125 790 3176 es,
814 3126 863 3166 cur
916 3102 1070 3173 mentivit,
1100 3102 1158 3157 Siti
1184 3102 1395 3171 delictum,sive
1415 3121 1553 3179 m⁰tfssmt
1579 3116 1713 3188 imprimis

66 3220 119 3261 oon
133 3213 161 3261 ct
176 3205 210 3260 de
223 3204 356 3276 presenti,
381 3209 410 3259 nt
425 3200 542 3274 perfecte
560 3200 608 3256 221
623 3200 684 3256 Alia
708 3207 749 3255 cst
771 3206 862 3254 nostra
915 3199 1006 3270 ipsum
1020 3192 1151 3248 orbilium
1165 3205 1272 3257 60111111,
1292 3201 1319 3247 ef
1344 3193 1481 3251 d⁰t¹ti⁰ttm
1496 3198 1617 3257 hominis
1632 3204 1713 3260 Crea-

64 3292 148 3367 276
162 3295 291 3361 conditio,
307 3294 376 3364 apud
396 3298 541 3355 auctorem,
555 3290 626 3361 apud
643 3288 774 3361 judicem,
790 3286 861 3360 apud
915 3299 1010 3346 torem.
1024 3284 1118 3349 Porro,
1134 3280 1200 3334 nihil
1214 3280 1271 3335 sinc
1299 3283 1470 3342 aemulatione
1485 3286 1622 3357 decurret,
1641 3294 1714 3363 quod

66 3383 194 3442 offensum
220 3384 370 3456 principem
392 3381 511 3461 generis.
536 3378 576 3436 'l‘u
602 3377 786 3434 tantummodo
808 3381 861 3434 bo·
896 3378 974 3433 0sinc
989 3369 1146 3429 adversario
1165 3384 1220 3425 non
1242 3370 1302 3426 erit.
1327 3370 1451 3444 Denique
1466 3375 1574 3443 rolens,
1598 3387 1625 3435 et
1647 3395 1713 3438 con·

67 3490 123 3531 num
145 3476 230 3532 deum
244 3474 269 3512 ²²
293 3470 414 3546 praefers.
440 3470 501 3526 Non
524 3476 602 3543 potes
626 3477 716 3524 autem
741 3467 861 3538 perfecte
915 3465 1062 3537 cupiamus,
1080 3468 1215 3517 eteurans
1243 3459 1379 3515 hominem
1404 3460 1545 3536 liberare,
1573 3464 1626 3522 hoc
1654 3468 1714 3539 ipso

68 3563 159 3621 bonum
178 3562 323 3622 ostendere
336 3560 372 3632 ²³,
388 3575 405 3616 a
427 3573 481 3631 quo
504 3572 559 3614 nou
582 3556 698 3630 perfecte
723 3555 857 3613 liberaris.
912 3555 970 3625 jam
987 3550 1138 3615 aemulatur,
1155 3556 1181 3604 et
1196 3563 1289 3604 enma
1313 3549 1338 3585 ²⁸
1364 3565 1418 3621 quo
1441 3549 1560 3623 liberat;
1582 3555 1712 3615 adversus

915 3660 977 3700 eum
997 3640 1098 3698 seilicet
1113 3637 1165 3693 sibi
1179 3636 1341 3694 liberaturus
1357 3654 1365 3706 ;
1385 3646 1413 3695 et
1435 3653 1468 3695 ea
1483 3640 1516 3697 de
1531 3642 1631 3716 quihus
1647 3645 1715 3702 lihe-

343 3702 459 3759 CAPUT
477 3700 568 3758 XXV·
916 3742 968 3805 rat,
992 3733 1020 3787 in
1049 3729 1103 3786 alia
1126 3726 1297 3784 liberaturus.
1318 3727 1434 3785 Proinde
1452 3730 1522 3786 cuim
1552 3735 1715 3793 aemulationi

96 3830 174 3903 Quod
205 3827 304 3885 attinet
318 3827 351 3883 ad
370 3826 498 3887 honitatis
519 3823 707 3899 questionem,
724 3823 766 3882 his
780 3821 861 3882 lincis
914 3827 1077 3880 concurrant
1100 3817 1124 3856 22
1152 3833 1264 3874 necesse
1287 3824 1329 3874 est
1344 3815 1470 3875 officiales
1485 3835 1541 3875 sure
1556 3821 1584 3878 in
1598 3837 1631 3880 ea
1652 3841 1713 3897 quae

72 3921 221 3978 deduximus
247 3935 307 3976 eam
332 3917 443 3975 minime
468 3918 526 3973 Deo
550 3915 697 3988 adaequari,
721 3924 750 3970 ut
773 3930 861 3987 neque
915 3912 1068 3976 emulatur,
1083 3905 1301 3978 ira,discordia‚
1327 3906 1429 3976 ouium,
1454 3907 1622 3983 dedignatio,
1642 3913 1716 3970 indi-

72 4009 217 4086 ingenitam,
248 4025 334 4083 neque
370 4008 541 4079 rationalem,
574 4021 664 4079 neque
696 4004 860 4078 perfectam
914 4000 1019 4077 gratio,
1038 3998 1149 4068 bilis³⁰,
1173 3995 1308 4067 nolentia,
1325 3995 1441 4052 offensa.
1458 3996 1526 4054 Haec
1549 4000 1657 4070 omnia,
1688 4004 1712 4060 si

72 4101 107 4157 ted
119 4110 146 4158 et
163 4100 329 4173 improbam,
345 4107 374 4154 et
388 4099 526 4169 injustam,
546 4103 574 4154 ct
596 4096 656 4167 ipso
671 4094 728 4165 jam
752 4096 859 4150 bonita·
915 4087 1080 4147 aemulationi
1106 4084 1265 4152 adsistunt,
1294 4085 1431 4142 aemulatio
1459 4096 1547 4145 autern
1574 4089 1714 4151 liberando

72 4188 218 4247 fsnoroinc
232 4189 390 4264 indignam:
404 4187 477 4262 quod
492 4186 595 4243 scilicet
608 4184 636 4241 in
659 4190 788 4258 quantum
803 4183 860 4241 Dco
913 4177 1016 4239 homini
1025 4187 1154 4249 procurat
1171 4194 1178 4244 ;
1204 4176 1325 4232 liberatio
1339 4187 1429 4233 autem
1447 4177 1566 4233 hominis
1589 4182 1713 4251 operatio

72 4287 202 4354 magmat,
227 4278 256 4335 in
288 4287 391 4335 tantum
419 4277 506 4334 Deum
533 4290 589 4331 non
617 4288 680 4330 esse
705 4271 857 4339 conveniat,
913 4266 1040 4327 bonitatis
1054 4273 1105 4334 est,
1119 4280 1172 4321 non
1191 4265 1292 4336 poterit
1307 4279 1338 4321 ea
1360 4265 1468 4323 bonitas
1483 4266 1543 4323 sine
1566 4269 1624 4325 suis
1638 4270 1712 4328 doti·

71 4368 107 4440 qui
126 4370 160 4426 de
182 4368 229 4427 tali
251 4366 372 4425 bonitate
393 4365 473 4424 etiam
497 4363 657 4439 perferatur,
674 4376 725 4418 nec
754 4361 789 4417 de
812 4359 860 4416 tali
875 4309 898 4411 ,Β
912 4360 974 4427 hus,
990 4357 1017 4414 id
1032 4361 1075 4412 est
1087 4354 1146 4412 sine
1156 4353 1281 4411 sensibtts
1296 4361 1322 4410 et
1336 4353 1486 4429 affectibus,
1501 4373 1553 4431 per
1565 4376 1634 4433 quos
1658 4363 1711 4420 ad-

745 4485 841 4549 Variar
863 4487 1019 4550 lectiones.

96 4598 232 4656 ”Habuit
250 4600 317 4656 Iun.
341 4597 424 4654 debui
451 4597 513 4653 otii.
538 4595 562 4635 ²¹
585 4594 629 4652 Sis
652 4592 716 4652 cdd.
747 4593 830 4650 Semi.
855 4591 879 4630 22
901 4590 1080 4647 Deumcbeat
1102 4589 1188 4647 Fron.
1218 4587 1243 4627 2³
1261 4587 1442 4647 Deumoddt‘f
1466 4591 1553 4649 libem
1574 4594 1598 4634 ²⁴
1616 4593 1709 4667 Nega-

72 4673 202 4729 unsltm.
225 4670 355 4725 ²⁵iesum
379 4671 466 4726 liban.
482 4667 686 4739 tungrensem
712 4667 812 4724 ll'cuw.
829 4664 852 4702 22
872 4662 1015 4719 Marcionis
1032 4662 1097 4719 etit.
1120 4661 1144 4698 ²³
1163 4660 1229 4715 Cum
1252 4663 1285 4717 de
1314 4661 1400 4719 auen.
1428 4663 1536 4722 otcrtt.
1564 4667 1589 4706 ²⁹
1608 4665 1709 4726 Occur-

10 4810 12 4829 Ι
71 4752 118 4800 nat
131 4743 250 4812 semler,
270 4740 379 4799 Oderth.
396 4741 421 4779 ³⁰
435 4739 611 4812 indignahilis
626 4738 714 4795 liban.

757 4863 1006 4927 Commentarius.

10 4938 13 5035 i
94 4998 149 5067 (88)
164 4994 269 5053 Anime
282 4992 360 5049 enim
374 4992 407 5049 de
420 4991 533 5060 affiatu.
553 4988 670 5132 Vulgare
682 4995 724 5045 est
742 4995 861 5060 etymum
915 4985 982 5053 Deo,
1000 4984 1072 5055 quod
1088 4982 1209 5056 sequitur
1225 5002 1232 5039 ι
1250 5005 1263 5037 ι
1278 4984 1423 5060 Negotium
1435 4996 1461 5046 et
1475 4987 1562 5049 sibiet
1576 4992 1635 5052 aliis
1645 4995 1708 5055 secie

10 5108 12 5121 .
67 5068 177 5124 mimam
202 5081 262 5122 esse
282 5065 381 5121 dictam
394 5063 471 5131 quasi
493 5063 593 5135 ἄνεμοι.
634 5062 688 5118 nod
710 5061 779 5116 forte
797 5061 860 5116 Ter·
913 5057 1031 5130 Epicuro
1045 5055 1163 5114 nolente.
1182 5055 1280 5115 »Para

66 5139 185 5196 uniam
200 5138 229 5192 in
242 5144 330 5193 meme
344 5135 468 5191 habebat·
488 5134 527 5190 LE
543 5136 589 5189 pp,
953 5131 1009 5200 (88)
1028 5129 1093 5199 Quis
1107 5130 1264 5203 soleamne
1286 5148 1343 5189 non
1357 5149 1445 5190 conce
1467 5137 1545 5207 iacet,
1561 5146 1612 5195 etc.
1634 5140 1708 5199 istud

93 5210 267 5282 μωμηθῇ(
295 5209 406 5264 eaecerte
428 5205 648 5286 appendicibus,
669 5219 788 5284 sensus,
805 5208 858 5262 ctc.
912 5202 1028 5283 deletum
1043 5201 1222 5283 ahhenano,
1247 5202 1309 5284 quia
1333 5219 1385 5260 non
1408 5153 1559 5264 hachatur
1591 5213 1618 5266 in
1640 5212 1709 5270 Gor·

10 5298 12 5337 t
64 5275 156 5339 Premit
187 5282 233 5337 hic
264 5278 437 5342 llarcionem,
465 5277 630 5347 adhibetque
663 5275 858 5346 apellationes
913 5288 997 5329 arensi
1012 5273 1113 5342 codice,
1129 5283 1226 5329 iterum
1245 5274 1388 5346 adjicimus
1402 5293 1435 5333 ex
1454 5278 1540 5336 Vatic.
1557 5298 1588 5338 u.
1605 5300 1657 5340 ms.
1675 5301 1708 5341 eo

10 5344 13 5421 ξ
63 5350 199 5426 tuaequae
213 5348 398 5407 admiscebant
416 5294 707 5419 stantionisumtpuii,
723 5356 753 5402 ut
772 5346 859 5403 Deum
912 5343 1081 5428 quodadcx
1101 5344 1256 5402 ficationem
1271 5349 1414 5416 pertineat.
1437 5349 1501 5408 Sive
1529 5362 1617 5409 autern
1644 5370 1708 5410 cnm

62 5433 208 5484 morem
224 5437 326 5480 aarum
340 5420 472 5479 dicerent.
487 5421 527 5479 Ln
541 5420 591 5476 Pa.
912 5417 1009 5501 iisdem
1025 5416 1068 5471 tm
1083 5361 1168 5498 fugas,
1179 5421 1410 5490 concupiuit,sivc
1430 5437 1493 5478 cum
1507 5425 1624 5491 excusis,
1642 5441 1709 5483 con·

93 5494 153 5569 (aa)
167 5494 198 5555 st
206 5493 332 5570 aliquem
347 5491 381 5552 de
393 5492 509 5568 Epicuri
523 5491 619 5551 schola
632 5490 731 5547 Deum.
743 5489 857 5562 Nempe,
913 5492 1013 5562 capeat,
1043 5488 1152 5559 perinde
1166 5496 1217 5544 est.
1242 5489 1310 5545 Sunt
1323 5504 1412 5548 autem
1440 5494 1620 5551 Tertullianea
1642 5497 1710 5569 offi-

16 5616 22 5629 .
61 5570 96 5627 ιιι
172 5566 256 5638 uitur,
276 5565 457 5637 immobilem,
480 5569 509 5624 et
530 5565 701 5646 stupentem.
726 5576 758 5646 ac
771 5561 859 5631 dead,
913 5561 1089 5643 ctefesumoe,
1113 5573 1145 5615 ac
1162 5561 1417 5648 menumquam,
1440 5563 1469 5619 in
1490 5564 1529 5622 nit
1556 5565 1711 5644 Rhenanus,

62 5653 119 5719 erp.
138 5640 159 5705 a
179 5637 446 5718 ,stupidissimum
459 5632 811 5715 Quoportrnetctumtltud
824 5633 860 5696 de
913 5640 1027 5710 opponet
1039 5629 1173 5692 voluntati
1187 5645 1218 5691 ιι
1231 5580 1494 5712 ιοιιιιιιιρνοιιιιαῖ.
1513 5636 1584 5702 Part.
