<?xml version="1.0" encoding="UTF-8"?>
<!DOCTYPE html PUBLIC "-//W3C//DTD XHTML 1.0 Transitional//EN"
    "http://www.w3.org/TR/xhtml1/DTD/xhtml1-transitional.dtd">
<html xmlns="http://www.w3.org/1999/xhtml" xml:lang="en" lang="en">
 <head>
  <title>
</title>
<meta http-equiv="Content-Type" content="text/html;charset=utf-8" />
  <meta name='ocr-system' content='tesseract 3.04.00' />
  <meta name='ocr-capabilities' content='ocr_page ocr_carea ocr_par ocr_line ocrx_word'/>
</head>
<body>
  <div class='ocr_page' id='page_1' title='image "./patrologiaecurs51unkngoog_0382.png"; bbox 0 0 3840 6134; ppageno 0'>
   <div class='ocr_carea' id='block_1_1' title="bbox 62 215 1713 352">
    <p class='ocr_par' dir='ltr' id='par_1_1' title="bbox 62 215 1713 352">
     <span class='ocr_line' id='line_1_1' title="bbox 62 215 1713 352; baseline 0.015 -24"><span class='ocrx_word' id='word_1_1' title='bbox 62 271 120 338; x_wconf 78' lang='grc'><strong>753</strong></span> <span class='ocrx_word' id='word_1_2' title='bbox 744 268 843 334; x_wconf 84' lang='lat' dir='ltr'><strong>tttttt</strong></span> <span class='ocrx_word' id='word_1_3' title='bbox 862 215 1037 340; x_wconf 45' lang='lat' dir='ltr'><strong>mmm·</strong></span> <span class='ocrx_word' id='word_1_4' title='bbox 1660 286 1713 352; x_wconf 78' lang='lat' dir='ltr'><strong>tet</strong></span> 
     </span>
    </p>
   </div>
   <div class='ocr_carea' id='block_1_2' title="bbox 37 395 1757 3853">
    <p class='ocr_par' dir='ltr' id='par_1_2' title="bbox 37 395 1757 3853">
     <span class='ocr_line' id='line_1_2' title="bbox 62 395 1713 496; baseline 0.008 -34"><span class='ocrx_word' id='word_1_5' title='bbox 62 415 124 462; x_wconf 84' lang='lat' dir='ltr'><strong>runt</strong></span> <span class='ocrx_word' id='word_1_6' title='bbox 139 415 172 459; x_wconf 84' lang='lat' dir='ltr'><strong>cx</strong></span> <span class='ocrx_word' id='word_1_7' title='bbox 184 396 240 458; x_wconf 88' lang='lat' dir='ltr'><strong>illis</strong></span> <span class='ocrx_word' id='word_1_8' title='bbox 252 395 385 473; x_wconf 71' lang='lat' dir='ltr'>angelicis</span> <span class='ocrx_word' id='word_1_9' title='bbox 399 396 592 472; x_wconf 77' lang='lat' dir='ltr'><strong>potestatibus3</strong></span> <span class='ocrx_word' id='word_1_10' title='bbox 609 398 710 474; x_wconf 89' lang='lat' dir='ltr'><strong>quibus</strong></span> <span class='ocrx_word' id='word_1_11' title='bbox 721 396 860 470; x_wconf 88' lang='lat' dir='ltr'><strong>fallendis,</strong></span> <span class='ocrx_word' id='word_1_12' title='bbox 878 411 979 496; x_wconf 59' lang='lat' dir='ltr'><strong>flcnm</strong></span> <span class='ocrx_word' id='word_1_13' title='bbox 997 403 1051 465; x_wconf 87' lang='lat' dir='ltr'><strong>illis</strong></span> <span class='ocrx_word' id='word_1_14' title='bbox 1069 406 1222 467; x_wconf 88' lang='lat' dir='ltr'><strong>conversari</strong></span> <span class='ocrx_word' id='word_1_15' title='bbox 1245 423 1301 466; x_wconf 88' lang='lat' dir='ltr'><strong>non</strong></span> <span class='ocrx_word' id='word_1_16' title='bbox 1323 407 1424 468; x_wconf 88' lang='lat' dir='ltr'><strong>liceret.</strong></span> <span class='ocrx_word' id='word_1_17' title='bbox 1441 410 1509 471; x_wconf 83' lang='lat' dir='ltr'><strong>linia</strong></span> <span class='ocrx_word' id='word_1_18' title='bbox 1529 429 1595 491; x_wconf 83' lang='lat' dir='ltr'><strong>ergo</strong></span> <span class='ocrx_word' id='word_1_19' title='bbox 1610 413 1713 475; x_wconf 88' lang='lat' dir='ltr'><strong>bouum</strong></span> 
     </span>
     <span class='ocr_line' id='line_1_3' title="bbox 62 487 1712 577; baseline 0.012 -29"><span class='ocrx_word' id='word_1_20' title='bbox 62 501 91 552; x_wconf 83' lang='lat' dir='ltr'><strong>et</strong></span> <span class='ocrx_word' id='word_1_21' title='bbox 105 492 165 566; x_wconf 89' lang='lat' dir='ltr'><strong>ipsa</strong></span> <span class='ocrx_word' id='word_1_22' title='bbox 186 487 373 562; x_wconf 86' lang='lat' dir='ltr'><strong>configuratus</strong></span> <span class='ocrx_word' id='word_1_23' title='bbox 396 503 482 561; x_wconf 80' lang='lat' dir='ltr'><strong>aque,</strong></span> <span class='ocrx_word' id='word_1_24' title='bbox 497 498 525 545; x_wconf 93' lang='lat' dir='ltr'><strong>et</strong></span> <span class='ocrx_word' id='word_1_25' title='bbox 543 488 701 547; x_wconf 90' lang='lat' dir='ltr'><strong>bominibus</strong></span> <span class='ocrx_word' id='word_1_26' title='bbox 724 490 862 548; x_wconf 87' lang='lat' dir='ltr'><strong>hominem</strong></span> <span class='ocrx_word' id='word_1_27' title='bbox 916 493 1000 551; x_wconf 89' lang='lat' dir='ltr'><strong>animi</strong></span> <span class='ocrx_word' id='word_1_28' title='bbox 1027 505 1142 570; x_wconf 79' lang='lat' dir='ltr'><strong>praestes</strong></span> <span class='ocrx_word' id='word_1_29' title='bbox 1158 498 1237 570; x_wconf 90' lang='lat' dir='ltr'><strong>jubet</strong></span> <span class='ocrx_word' id='word_1_30' title='bbox 1258 500 1333 571; x_wconf 83' lang='lat' dir='ltr'><strong>lluc.</strong></span> <span class='ocrx_word' id='word_1_31' title='bbox 1354 498 1416 571; x_wconf 75' lang='lat' dir='ltr'><strong>vri:</strong></span> <span class='ocrx_word' id='word_1_32' title='bbox 1442 503 1557 577; x_wconf 74' lang='lat' dir='ltr'><strong>dlligite</strong></span> <span class='ocrx_word' id='word_1_33' title='bbox 1579 508 1712 568; x_wconf 81' lang='lat' dir='ltr'><strong>inimicos</strong></span> 
     </span>
     <span class='ocr_line' id='line_1_4' title="bbox 62 577 1713 663; baseline 0.009 -23"><span class='ocrx_word' id='word_1_34' title='bbox 62 580 230 646; x_wconf 86' lang='lat' dir='ltr'><strong>ementitus,</strong></span> <span class='ocrx_word' id='word_1_35' title='bbox 255 579 285 633; x_wconf 89' lang='lat' dir='ltr'><strong>iu</strong></span> <span class='ocrx_word' id='word_1_36' title='bbox 308 577 403 634; x_wconf 78' lang='lat' dir='ltr'><strong>tutat</strong></span> <span class='ocrx_word' id='word_1_37' title='bbox 426 577 537 650; x_wconf 92' lang='lat' dir='ltr'><strong>quidem</strong></span> <span class='ocrx_word' id='word_1_38' title='bbox 565 577 669 650; x_wconf 89' lang='lat' dir='ltr'><strong>filium,</strong></span> <span class='ocrx_word' id='word_1_39' title='bbox 692 577 720 634; x_wconf 90' lang='lat' dir='ltr'><strong>iu</strong></span> <span class='ocrx_word' id='word_1_40' title='bbox 742 577 863 636; x_wconf 76' lang='lat' dir='ltr'><strong>Samaria</strong></span> <span class='ocrx_word' id='word_1_41' title='bbox 915 589 1031 656; x_wconf 82' lang='lat' dir='ltr'><strong>uestros,</strong></span> <span class='ocrx_word' id='word_1_42' title='bbox 1046 587 1144 661; x_wconf 90' lang='lat' dir='ltr'><strong>iuquit,</strong></span> <span class='ocrx_word' id='word_1_43' title='bbox 1159 591 1188 645; x_wconf 86' lang='lat' dir='ltr'><strong>et</strong></span> <span class='ocrx_word' id='word_1_44' title='bbox 1201 593 1279 648; x_wconf 84' lang='lat' dir='ltr'><strong>orata</strong></span> <span class='ocrx_word' id='word_1_45' title='bbox 1296 605 1347 662; x_wconf 87' lang='lat' dir='ltr'><strong>pro</strong></span> <span class='ocrx_word' id='word_1_46' title='bbox 1361 590 1593 651; x_wconf 68' lang='lat' dir='ltr'><em>maledicentibus</em></span> <span class='ocrx_word' id='word_1_47' title='bbox 1605 611 1661 663; x_wconf 86' lang='lat' dir='ltr'><strong>cos,</strong></span> <span class='ocrx_word' id='word_1_48' title='bbox 1678 612 1713 655; x_wconf 89' lang='lat' dir='ltr'><strong>ue</strong></span> 
     </span>
     <span class='ocr_line' id='line_1_5' title="bbox 61 667 1710 752; baseline 0.006 -20"><span class='ocrx_word' id='word_1_49' title='bbox 61 690 130 732; x_wconf 88' lang='lat' dir='ltr'><strong>vero</strong></span> <span class='ocrx_word' id='word_1_50' title='bbox 153 678 260 745; x_wconf 82' lang='lat' dir='ltr'><strong>petrem</strong></span> <span class='ocrx_word' id='word_1_51' title='bbox 280 668 405 743; x_wconf 73' lang='lat' dir='ltr'><strong>gesserit.</strong></span> <span class='ocrx_word' id='word_1_52' title='bbox 427 668 449 722; x_wconf 94' lang='lat'>0</span> <span class='ocrx_word' id='word_1_53' title='bbox 473 667 601 725; x_wconf 83' lang='lat' dir='ltr'>Helenam</span> <span class='ocrx_word' id='word_1_54' title='bbox 623 669 695 724; x_wconf 91' lang='lat' dir='ltr'><strong>inter</strong></span> <span class='ocrx_word' id='word_1_55' title='bbox 718 677 812 742; x_wconf 90' lang='lat' dir='ltr'><strong>poetas</strong></span> <span class='ocrx_word' id='word_1_56' title='bbox 834 676 863 725; x_wconf 92' lang='lat' dir='ltr'><strong>et</strong></span> <span class='ocrx_word' id='word_1_57' title='bbox 885 675 888 683; x_wconf 81' lang='grc'><strong><em>’</em></strong></span> <span class='ocrx_word' id='word_1_58' title='bbox 915 671 1007 745; x_wconf 90' lang='lat' dir='ltr'><strong>aliquo</strong></span> <span class='ocrx_word' id='word_1_59' title='bbox 1031 674 1193 733; x_wconf 89' lang='lat' dir='ltr'><strong>commercio</strong></span> <span class='ocrx_word' id='word_1_60' title='bbox 1215 677 1389 748; x_wconf 89' lang='lat' dir='ltr'><strong>negotiorum</strong></span> <span class='ocrx_word' id='word_1_61' title='bbox 1416 678 1515 749; x_wconf 86' lang='lat' dir='ltr'><strong>injuria</strong></span> <span class='ocrx_word' id='word_1_62' title='bbox 1537 693 1710 752; x_wconf 86' lang='lat' dir='ltr'><strong>provocatus,</strong></span> 
     </span>
     <span class='ocr_line' id='line_1_6' title="bbox 61 757 1709 837; baseline 0.005 -15"><span class='ocrx_word' id='word_1_63' title='bbox 61 762 207 822; x_wconf 77' lang='lat' dir='ltr'><strong>haereticos</strong></span> <span class='ocrx_word' id='word_1_64' title='bbox 227 757 409 816; x_wconf 88' lang='lat' dir='ltr'><strong>laboranteml</strong></span> <span class='ocrx_word' id='word_1_65' title='bbox 427 766 491 814; x_wconf 91' lang='lat' dir='ltr'><strong>tuno</strong></span> <span class='ocrx_word' id='word_1_66' title='bbox 514 758 659 831; x_wconf 90' lang='lat' dir='ltr'><strong>adulterio,</strong></span> <span class='ocrx_word' id='word_1_67' title='bbox 678 775 751 816; x_wconf 89' lang='lat' dir='ltr'><strong>nnnc</strong></span> <span class='ocrx_word' id='word_1_68' title='bbox 767 766 862 829; x_wconf 87' lang='lat' dir='ltr'><strong>stupro</strong></span> <span class='ocrx_word' id='word_1_69' title='bbox 916 762 1051 819; x_wconf 88' lang='lat' dir='ltr'><strong>abstrahat</strong></span> <span class='ocrx_word' id='word_1_70' title='bbox 1066 770 1092 822; x_wconf 91' lang='lat' dir='ltr'><strong>te</strong></span> <span class='ocrx_word' id='word_1_71' title='bbox 1105 763 1139 820; x_wconf 91' lang='lat' dir='ltr'><strong>ad</strong></span> <span class='ocrx_word' id='word_1_72' title='bbox 1161 780 1242 822; x_wconf 89' lang='lat' dir='ltr'><strong>suum</strong></span> <span class='ocrx_word' id='word_1_73' title='bbox 1255 765 1387 837; x_wconf 89' lang='lat' dir='ltr'><strong>judicem,</strong></span> <span class='ocrx_word' id='word_1_74' title='bbox 1403 772 1431 823; x_wconf 92' lang='lat' dir='ltr'><strong>et</strong></span> <span class='ocrx_word' id='word_1_75' title='bbox 1443 766 1471 823; x_wconf 91' lang='lat' dir='ltr'><strong>in</strong></span> <span class='ocrx_word' id='word_1_76' title='bbox 1493 770 1645 828; x_wconf 82' lang='lat' dir='ltr'><strong>custodiam</strong></span> <span class='ocrx_word' id='word_1_77' title='bbox 1659 773 1709 830; x_wconf 90' lang='lat' dir='ltr'><strong>de·</strong></span> 
     </span>
     <span class='ocr_line' id='line_1_7' title="bbox 60 847 1711 924; baseline 0.004 -13"><span class='ocrx_word' id='word_1_78' title='bbox 60 847 211 912; x_wconf 87' lang='lat' dir='ltr'><strong>infameml</strong></span> <span class='ocrx_word' id='word_1_79' title='bbox 235 849 287 906; x_wconf 90' lang='lat' dir='ltr'><strong>nisi</strong></span> <span class='ocrx_word' id='word_1_80' title='bbox 309 848 384 920; x_wconf 92' lang='lat' dir='ltr'><strong>qnod</strong></span> <span class='ocrx_word' id='word_1_81' title='bbox 407 847 440 902; x_wconf 91' lang='lat' dir='ltr'><strong>de</strong></span> <span class='ocrx_word' id='word_1_82' title='bbox 464 847 547 918; x_wconf 77' lang='lat' dir='ltr'><strong>TroJa</strong></span> <span class='ocrx_word' id='word_1_83' title='bbox 578 847 722 919; x_wconf 82' lang='lat' dir='ltr'><strong>gloriosius</strong></span> <span class='ocrx_word' id='word_1_84' title='bbox 749 849 861 917; x_wconf 89' lang='lat' dir='ltr'><strong>eruitur,</strong></span> <span class='ocrx_word' id='word_1_85' title='bbox 915 848 1022 924; x_wconf 84' lang='lat' dir='ltr'><strong>legatus</strong></span> <span class='ocrx_word' id='word_1_86' title='bbox 1034 851 1067 906; x_wconf 91' lang='lat' dir='ltr'><strong>ad</strong></span> <span class='ocrx_word' id='word_1_87' title='bbox 1086 852 1283 910; x_wconf 78' lang='lat' dir='ltr'><strong>exsolutionem</strong></span> <span class='ocrx_word' id='word_1_88' title='bbox 1301 853 1386 911; x_wconf 90' lang='lat' dir='ltr'><strong>totius</strong></span> <span class='ocrx_word' id='word_1_89' title='bbox 1401 852 1485 912; x_wconf 92' lang='lat' dir='ltr'><strong>debiti</strong></span> <span class='ocrx_word' id='word_1_90' title='bbox 1505 857 1625 914; x_wconf 76' lang='lat' dir='ltr'><strong>ueteris.</strong></span> <span class='ocrx_word' id='word_1_91' title='bbox 1642 860 1711 918; x_wconf 88' lang='lat' dir='ltr'><strong>Tum</strong></span> 
     </span>
     <span class='ocr_line' id='line_1_8' title="bbox 62 935 1711 1018; baseline 0.005 -19"><span class='ocrx_word' id='word_1_92' title='bbox 62 957 147 1018; x_wconf 90' lang='lat' dir='ltr'><strong>quam</strong></span> <span class='ocrx_word' id='word_1_93' title='bbox 175 939 210 997; x_wconf 90' lang='lat' dir='ltr'><strong>de</strong></span> <span class='ocrx_word' id='word_1_94' title='bbox 234 937 382 1010; x_wconf 81' lang='lat' dir='ltr'><strong>lupanari:</strong></span> <span class='ocrx_word' id='word_1_95' title='bbox 412 935 485 993; x_wconf 93' lang='lat' dir='ltr'><strong>mille</strong></span> <span class='ocrx_word' id='word_1_96' title='bbox 513 937 627 994; x_wconf 91' lang='lat' dir='ltr'><strong>navibus</strong></span> <span class='ocrx_word' id='word_1_97' title='bbox 652 939 685 995; x_wconf 89' lang='lat' dir='ltr'><strong>de</strong></span> <span class='ocrx_word' id='word_1_98' title='bbox 700 939 794 1009; x_wconf 83' lang='lat' dir='ltr'><strong>Troia,</strong></span> <span class='ocrx_word' id='word_1_99' title='bbox 811 953 861 995; x_wconf 91' lang='lat' dir='ltr'><strong>nec</strong></span> <span class='ocrx_word' id='word_1_100' title='bbox 914 936 938 994; x_wconf 90' lang='lat' dir='ltr'><strong>si</strong></span> <span class='ocrx_word' id='word_1_101' title='bbox 964 938 992 994; x_wconf 94' lang='lat' dir='ltr'><strong>in</strong></span> <span class='ocrx_word' id='word_1_102' title='bbox 1019 939 1157 998; x_wconf 90' lang='lat' dir='ltr'><strong>diabolum</strong></span> <span class='ocrx_word' id='word_1_103' title='bbox 1186 942 1345 999; x_wconf 76' lang='lat' dir='ltr'><strong>transfertur</strong></span> <span class='ocrx_word' id='word_1_104' title='bbox 1375 942 1521 1001; x_wconf 87' lang='lat' dir='ltr'><strong>adversarii</strong></span> <span class='ocrx_word' id='word_1_105' title='bbox 1547 947 1649 1003; x_wconf 90' lang='lat' dir='ltr'><strong>mentio</strong></span> <span class='ocrx_word' id='word_1_106' title='bbox 1678 963 1711 1008; x_wconf 86' lang='lat' dir='ltr'><strong>ex</strong></span> 
     </span>
     <span class='ocr_line' id='line_1_9' title="bbox 61 1025 1714 1109; baseline 0.003 -20"><span class='ocrx_word' id='word_1_107' title='bbox 61 1032 138 1089; x_wconf 89' lang='lat' dir='ltr'><strong>mille</strong></span> <span class='ocrx_word' id='word_1_108' title='bbox 161 1028 279 1089; x_wconf 88' lang='lat' dir='ltr'><strong>denariis</strong></span> <span class='ocrx_word' id='word_1_109' title='bbox 300 1025 414 1084; x_wconf 80' lang='lat' dir='ltr'><strong>forsitan</strong></span> <span class='ocrx_word' id='word_1_110' title='bbox 433 1026 466 1081; x_wconf 92' lang='lat' dir='ltr'><strong>de</strong></span> <span class='ocrx_word' id='word_1_111' title='bbox 490 1025 623 1098; x_wconf 84' lang='lat' dir='ltr'><strong>lupanari.</strong></span> <span class='ocrx_word' id='word_1_112' title='bbox 639 1027 799 1096; x_wconf 82' lang='lat' dir='ltr'><strong>Erubesce,</strong></span> <span class='ocrx_word' id='word_1_113' title='bbox 814 1027 859 1083; x_wconf 91' lang='lat' dir='ltr'><strong>Si·</strong></span> <span class='ocrx_word' id='word_1_114' title='bbox 914 1029 1101 1089; x_wconf 87' lang='lat' dir='ltr'><strong>observatione</strong></span> <span class='ocrx_word' id='word_1_115' title='bbox 1127 1031 1284 1099; x_wconf 85' lang='lat' dir='ltr'><strong>comitante,</strong></span> <span class='ocrx_word' id='word_1_116' title='bbox 1306 1047 1368 1088; x_wconf 90' lang='lat' dir='ltr'><strong>cum</strong></span> <span class='ocrx_word' id='word_1_117' title='bbox 1394 1033 1442 1090; x_wconf 92' lang='lat' dir='ltr'><strong>illo</strong></span> <span class='ocrx_word' id='word_1_118' title='bbox 1465 1049 1574 1109; x_wconf 90' lang='lat' dir='ltr'><strong>quoqne</strong></span> <span class='ocrx_word' id='word_1_119' title='bbox 1595 1035 1714 1095; x_wconf 88' lang='lat' dir='ltr'><strong>moueris</strong></span> 
     </span>
     <span class='ocr_line' id='line_1_10' title="bbox 60 1114 1710 1193; baseline 0.002 -17"><span class='ocrx_word' id='word_1_120' title='bbox 60 1134 136 1188; x_wconf 85' lang='lat' dir='ltr'><strong>mon,</strong></span> <span class='ocrx_word' id='word_1_121' title='bbox 152 1117 254 1177; x_wconf 85' lang='lat' dir='ltr'><strong>tardior</strong></span> <span class='ocrx_word' id='word_1_122' title='bbox 281 1115 310 1171; x_wconf 93' lang='lat' dir='ltr'><strong>in</strong></span> <span class='ocrx_word' id='word_1_123' title='bbox 338 1114 515 1188; x_wconf 87' lang='lat' dir='ltr'><strong>requirendo,</strong></span> <span class='ocrx_word' id='word_1_124' title='bbox 535 1115 731 1172; x_wconf 82' lang='lat' dir='ltr'><strong>inconstantior</strong></span> <span class='ocrx_word' id='word_1_125' title='bbox 758 1117 785 1171; x_wconf 92' lang='lat' dir='ltr'><strong>in</strong></span> <span class='ocrx_word' id='word_1_126' title='bbox 814 1130 860 1173; x_wconf 87' lang='lat' dir='ltr'><strong>re·</strong></span> <span class='ocrx_word' id='word_1_127' title='bbox 913 1130 971 1175; x_wconf 84' lang='lat' dir='ltr'><strong>eam</strong></span> <span class='ocrx_word' id='word_1_128' title='bbox 990 1118 1060 1176; x_wconf 91' lang='lat' dir='ltr'><strong>iuira</strong></span> <span class='ocrx_word' id='word_1_129' title='bbox 1074 1120 1255 1186; x_wconf 82' lang='lat' dir='ltr'><strong>concordiam,</strong></span> <span class='ocrx_word' id='word_1_130' title='bbox 1270 1136 1331 1193; x_wconf 82' lang='lat' dir='ltr'><strong>qnae</strong></span> <span class='ocrx_word' id='word_1_131' title='bbox 1352 1121 1497 1192; x_wconf 88' lang='lat' dir='ltr'><strong>deputetur</strong></span> <span class='ocrx_word' id='word_1_132' title='bbox 1510 1139 1545 1180; x_wconf 85' lang='lat' dir='ltr'><strong>ex</strong></span> <span class='ocrx_word' id='word_1_133' title='bbox 1564 1121 1629 1181; x_wconf 87' lang='lat' dir='ltr'><strong>fidei</strong></span> <span class='ocrx_word' id='word_1_134' title='bbox 1640 1139 1710 1183; x_wconf 92' lang='lat' dir='ltr'><strong>con-</strong></span> 
     </span>
     <span class='ocr_line' id='line_1_11' title="bbox 60 1203 1713 1287; baseline 0.003 -22"><span class='ocrx_word' id='word_1_135' title='bbox 60 1207 205 1265; x_wconf 86' lang='lat' dir='ltr'><strong>trahendo.</strong></span> <span class='ocrx_word' id='word_1_136' title='bbox 222 1205 259 1262; x_wconf 80' lang='lat' dir='ltr'><strong>at</strong></span> <span class='ocrx_word' id='word_1_137' title='bbox 278 1203 417 1262; x_wconf 81' lang='lat' dir='ltr'><strong>Menelaus</strong></span> <span class='ocrx_word' id='word_1_138' title='bbox 434 1203 524 1260; x_wconf 88' lang='lat' dir='ltr'><strong>statim</strong></span> <span class='ocrx_word' id='word_1_139' title='bbox 546 1203 697 1277; x_wconf 86' lang='lat' dir='ltr'><strong>insequitur</strong></span> <span class='ocrx_word' id='word_1_140' title='bbox 715 1203 858 1275; x_wconf 90' lang='lat' dir='ltr'><strong>amissam,</strong></span> <span class='ocrx_word' id='word_1_141' title='bbox 913 1208 1036 1265; x_wconf 89' lang='lat' dir='ltr'><strong>ventione</strong></span> <span class='ocrx_word' id='word_1_142' title='bbox 1050 1224 1058 1265; x_wconf 74' lang='grc' dir='ltr'><em>τ</em></span> <span class='ocrx_word' id='word_1_143' title='bbox 1070 1216 1165 1281; x_wconf 89' lang='lat' dir='ltr'><strong>pactus</strong></span> <span class='ocrx_word' id='word_1_144' title='bbox 1178 1208 1289 1266; x_wconf 89' lang='lat' dir='ltr'><strong>esenim</strong></span> <span class='ocrx_word' id='word_1_145' title='bbox 1303 1209 1461 1267; x_wconf 89' lang='lat' dir='ltr'><strong>renuntiare</strong></span> <span class='ocrx_word' id='word_1_146' title='bbox 1475 1210 1540 1283; x_wconf 89' lang='lat' dir='ltr'><strong>ipsi,</strong></span> <span class='ocrx_word' id='word_1_147' title='bbox 1551 1220 1579 1269; x_wconf 93' lang='lat' dir='ltr'><strong>et</strong></span> <span class='ocrx_word' id='word_1_148' title='bbox 1593 1228 1713 1287; x_wconf 75' lang='lat' dir='ltr'><strong>pompa,</strong></span> 
     </span>
     <span class='ocr_line' id='line_1_12' title="bbox 60 1292 1712 1372; baseline 0.004 -18"><span class='ocrx_word' id='word_1_149' title='bbox 60 1297 152 1354; x_wconf 85' lang='lat' dir='ltr'><strong>statim</strong></span> <span class='ocrx_word' id='word_1_150' title='bbox 175 1294 275 1366; x_wconf 88' lang='lat' dir='ltr'><strong>repetit</strong></span> <span class='ocrx_word' id='word_1_151' title='bbox 296 1300 433 1365; x_wconf 84' lang='lat' dir='ltr'><strong>ereptum,</strong></span> <span class='ocrx_word' id='word_1_152' title='bbox 455 1292 569 1349; x_wconf 88' lang='lat' dir='ltr'><strong>decenni</strong></span> <span class='ocrx_word' id='word_1_153' title='bbox 592 1292 685 1366; x_wconf 77' lang='lat' dir='ltr'><strong>prelio</strong></span> <span class='ocrx_word' id='word_1_154' title='bbox 703 1301 859 1367; x_wconf 88' lang='lat' dir='ltr'><strong>extorquet,</strong></span> <span class='ocrx_word' id='word_1_155' title='bbox 912 1303 940 1353; x_wconf 91' lang='lat' dir='ltr'><strong>et</strong></span> <span class='ocrx_word' id='word_1_156' title='bbox 966 1296 1070 1372; x_wconf 87' lang='lat' dir='ltr'><strong>angelis</strong></span> <span class='ocrx_word' id='word_1_157' title='bbox 1095 1297 1407 1369; x_wconf 61' lang='lat' dir='ltr'><strong>cascautensium</strong></span> <span class='ocrx_word' id='word_1_158' title='bbox 1432 1315 1481 1356; x_wconf 89' lang='lat' dir='ltr'><strong>vos</strong></span> <span class='ocrx_word' id='word_1_159' title='bbox 1509 1301 1543 1357; x_wconf 92' lang='lat' dir='ltr'><strong>de</strong></span> <span class='ocrx_word' id='word_1_160' title='bbox 1569 1299 1632 1359; x_wconf 90' lang='lat' dir='ltr'><strong>isto.</strong></span> <span class='ocrx_word' id='word_1_161' title='bbox 1648 1302 1712 1362; x_wconf 83' lang='lat' dir='ltr'><strong>ttaec</strong></span> 
     </span>
     <span class='ocr_line' id='line_1_13' title="bbox 60 1380 1711 1463; baseline 0.002 -20"><span class='ocrx_word' id='word_1_162' title='bbox 60 1401 117 1443; x_wconf 90' lang='lat' dir='ltr'><strong>non</strong></span> <span class='ocrx_word' id='word_1_163' title='bbox 142 1385 239 1452; x_wconf 74' lang='lat' dir='ltr'><strong>lamus,</strong></span> <span class='ocrx_word' id='word_1_164' title='bbox 254 1398 310 1439; x_wconf 90' lang='lat' dir='ltr'><strong>nou</strong></span> <span class='ocrx_word' id='word_1_165' title='bbox 325 1380 431 1450; x_wconf 91' lang='lat' dir='ltr'><strong>fallens,</strong></span> <span class='ocrx_word' id='word_1_166' title='bbox 447 1397 501 1438; x_wconf 93' lang='lat' dir='ltr'><strong>uon</strong></span> <span class='ocrx_word' id='word_1_167' title='bbox 524 1381 736 1439; x_wconf 83' lang='lat' dir='ltr'><strong>cavillabundus.</strong></span> <span class='ocrx_word' id='word_1_168' title='bbox 755 1383 859 1440; x_wconf 81' lang='lat' dir='ltr'><strong>Vereor</strong></span> <span class='ocrx_word' id='word_1_169' title='bbox 913 1385 964 1442; x_wconf 87' lang='lat' dir='ltr'><strong>erit</strong></span> <span class='ocrx_word' id='word_1_170' title='bbox 986 1385 1104 1444; x_wconf 88' lang='lat' dir='ltr'><strong>amicitia</strong></span> <span class='ocrx_word' id='word_1_171' title='bbox 1127 1385 1315 1446; x_wconf 87' lang='lat' dir='ltr'><strong>observatione</strong></span> <span class='ocrx_word' id='word_1_172' title='bbox 1335 1386 1362 1426; x_wconf 83' lang='lat'><strong>⁹⁵</strong></span> <span class='ocrx_word' id='word_1_173' title='bbox 1385 1387 1560 1458; x_wconf 82' lang='lat' dir='ltr'><strong>sponsionis,</strong></span> <span class='ocrx_word' id='word_1_174' title='bbox 1585 1405 1621 1446; x_wconf 92' lang='lat' dir='ltr'><strong>ne</strong></span> <span class='ocrx_word' id='word_1_175' title='bbox 1645 1391 1711 1463; x_wconf 90' lang='lat' dir='ltr'><strong>quid</strong></span> 
     </span>
     <span class='ocr_line' id='line_1_14' title="bbox 59 1469 1712 1551; baseline 0.001 -18"><span class='ocrx_word' id='word_1_176' title='bbox 59 1491 95 1533; x_wconf 88' lang='lat' dir='ltr'><strong>ne</strong></span> <span class='ocrx_word' id='word_1_177' title='bbox 108 1473 156 1532; x_wconf 92' lang='lat' dir='ltr'><strong>ille</strong></span> <span class='ocrx_word' id='word_1_178' title='bbox 169 1472 257 1549; x_wconf 81' lang='lat' dir='ltr'><strong>magis</strong></span> <span class='ocrx_word' id='word_1_179' title='bbox 275 1479 353 1544; x_wconf 90' lang='lat' dir='ltr'><strong>pater</strong></span> <span class='ocrx_word' id='word_1_180' title='bbox 367 1469 456 1541; x_wconf 86' lang='lat' dir='ltr'><strong>fuerit,</strong></span> <span class='ocrx_word' id='word_1_181' title='bbox 472 1471 518 1544; x_wconf 91' lang='lat' dir='ltr'><strong>qui</strong></span> <span class='ocrx_word' id='word_1_182' title='bbox 536 1471 608 1527; x_wconf 90' lang='lat' dir='ltr'><strong>circa</strong></span> <span class='ocrx_word' id='word_1_183' title='bbox 621 1471 731 1529; x_wconf 81' lang='lat' dir='ltr'><strong>Helenae</strong></span> <span class='ocrx_word' id='word_1_184' title='bbox 743 1486 858 1544; x_wconf 90' lang='lat' dir='ltr'><strong>recupe·</strong></span> <span class='ocrx_word' id='word_1_185' title='bbox 914 1474 973 1545; x_wconf 89' lang='lat' dir='ltr'><strong>ejus</strong></span> <span class='ocrx_word' id='word_1_186' title='bbox 993 1483 1089 1549; x_wconf 87' lang='lat' dir='ltr'><strong>postea</strong></span> <span class='ocrx_word' id='word_1_187' title='bbox 1113 1490 1233 1532; x_wconf 85' lang='lat' dir='ltr'><strong>resumas</strong></span> <span class='ocrx_word' id='word_1_188' title='bbox 1252 1489 1286 1533; x_wconf 85' lang='lat' dir='ltr'><strong>ex</strong></span> <span class='ocrx_word' id='word_1_189' title='bbox 1308 1474 1351 1533; x_wconf 90' lang='lat' dir='ltr'><strong>his</strong></span> <span class='ocrx_word' id='word_1_190' title='bbox 1373 1492 1435 1549; x_wconf 73' lang='lat' dir='ltr'><strong>qua</strong></span> <span class='ocrx_word' id='word_1_191' title='bbox 1458 1476 1576 1548; x_wconf 89' lang='lat' dir='ltr'><strong>ejerasti,</strong></span> <span class='ocrx_word' id='word_1_192' title='bbox 1593 1494 1655 1551; x_wconf 86' lang='lat' dir='ltr'><strong>quae</strong></span> <span class='ocrx_word' id='word_1_193' title='bbox 1673 1479 1712 1535; x_wconf 92' lang='lat' dir='ltr'><strong>illi</strong></span> 
     </span>
     <span class='ocr_line' id='line_1_15' title="bbox 58 1558 1726 1672; baseline 0.002 -52"><span class='ocrx_word' id='word_1_194' title='bbox 58 1563 197 1622; x_wconf 90' lang='lat' dir='ltr'><strong>rationem</strong></span> <span class='ocrx_word' id='word_1_195' title='bbox 218 1569 246 1620; x_wconf 89' lang='lat' dir='ltr'><strong>et</strong></span> <span class='ocrx_word' id='word_1_196' title='bbox 264 1558 422 1638; x_wconf 83' lang='lat' dir='ltr'><strong>vigilantius</strong></span> <span class='ocrx_word' id='word_1_197' title='bbox 441 1568 467 1616; x_wconf 92' lang='lat' dir='ltr'><strong>et</strong></span> <span class='ocrx_word' id='word_1_198' title='bbox 488 1558 632 1617; x_wconf 88' lang='lat' dir='ltr'><strong>audentius</strong></span> <span class='ocrx_word' id='word_1_199' title='bbox 652 1567 680 1618; x_wconf 88' lang='lat' dir='ltr'><strong>et</strong></span> <span class='ocrx_word' id='word_1_200' title='bbox 694 1558 795 1618; x_wconf 90' lang='lat' dir='ltr'><strong>diutius</strong></span> <span class='ocrx_word' id='word_1_201' title='bbox 818 1560 860 1616; x_wconf 87' lang='lat' dir='ltr'><strong>la·</strong></span> <span class='ocrx_word' id='word_1_202' title='bbox 876 1561 1063 1672; x_wconf 57' lang='lat' dir='ltr'><strong>aseddidisti</strong></span> <span class='ocrx_word' id='word_1_203' title='bbox 1078 1578 1112 1619; x_wconf 92' lang='lat' dir='ltr'><strong>ue</strong></span> <span class='ocrx_word' id='word_1_204' title='bbox 1131 1574 1156 1619; x_wconf 90' lang='lat' dir='ltr'><strong>te</strong></span> <span class='ocrx_word' id='word_1_205' title='bbox 1170 1570 1200 1619; x_wconf 90' lang='lat' dir='ltr'><strong>ut</strong></span> <span class='ocrx_word' id='word_1_206' title='bbox 1216 1561 1409 1631; x_wconf 82' lang='lat' dir='ltr'><strong>fraudatorem,</strong></span> <span class='ocrx_word' id='word_1_207' title='bbox 1424 1572 1455 1621; x_wconf 93' lang='lat' dir='ltr'><strong>ut</strong></span> <span class='ocrx_word' id='word_1_208' title='bbox 1468 1565 1539 1638; x_wconf 89' lang='lat' dir='ltr'><strong>pacti</strong></span> <span class='ocrx_word' id='word_1_209' title='bbox 1560 1574 1726 1642; x_wconf 52' lang='lat' dir='ltr'><strong>transgres,</strong></span> 
     </span>
     <span class='ocr_line' id='line_1_16' title="bbox 59 1650 1709 1728; baseline 0.002 -19"><span class='ocrx_word' id='word_1_210' title='bbox 59 1653 207 1711; x_wconf 87' lang='lat' dir='ltr'><strong>horarerit.</strong></span> <span class='ocrx_word' id='word_1_211' title='bbox 912 1666 1002 1708; x_wconf 87' lang='lat' dir='ltr'><strong>sorem</strong></span> <span class='ocrx_word' id='word_1_212' title='bbox 1024 1650 1108 1723; x_wconf 86' lang='lat' dir='ltr'><strong>judici</strong></span> <span class='ocrx_word' id='word_1_213' title='bbox 1122 1653 1180 1708; x_wconf 84' lang='lat' dir='ltr'><strong>fleo</strong></span> <span class='ocrx_word' id='word_1_214' title='bbox 1204 1651 1327 1722; x_wconf 83' lang='lat' dir='ltr'><strong>objiciat,</strong></span> <span class='ocrx_word' id='word_1_215' title='bbox 1342 1652 1413 1710; x_wconf 88' lang='lat' dir='ltr'><strong>sicut</strong></span> <span class='ocrx_word' id='word_1_216' title='bbox 1426 1669 1488 1710; x_wconf 91' lang='lat' dir='ltr'><strong>eum</strong></span> <span class='ocrx_word' id='word_1_217' title='bbox 1511 1654 1627 1728; x_wconf 89' lang='lat' dir='ltr'><strong>legimus</strong></span> <span class='ocrx_word' id='word_1_218' title='bbox 1645 1654 1709 1713; x_wconf 91' lang='lat' dir='ltr'><strong>alibi</strong></span> 
     </span>
     <span class='ocr_line' id='line_1_17' title="bbox 332 1739 1711 1839; baseline 0.004 -42"><span class='ocrx_word' id='word_1_219' title='bbox 332 1780 447 1839; x_wconf 57' lang='lat' dir='ltr'>CAPUT</span> <span class='ocrx_word' id='word_1_220' title='bbox 466 1781 575 1838; x_wconf 70' lang='lat' dir='ltr'>XXXV</span> <span class='ocrx_word' id='word_1_221' title='bbox 912 1739 1007 1812; x_wconf 79' lang='lat' dir='ltr'><strong>(epac.</strong></span> <span class='ocrx_word' id='word_1_222' title='bbox 1038 1756 1096 1808; x_wconf 84' lang='lat' dir='ltr'><strong>xtt,</strong></span> <span class='ocrx_word' id='word_1_223' title='bbox 1123 1740 1167 1812; x_wconf 87' lang='lat' dir='ltr'><strong>to)</strong></span> <span class='ocrx_word' id='word_1_224' title='bbox 1196 1748 1351 1797; x_wconf 88' lang='lat' dir='ltr'><strong>sanctornm</strong></span> <span class='ocrx_word' id='word_1_225' title='bbox 1382 1741 1602 1809; x_wconf 85' lang='lat' dir='ltr'><strong>criminatorem,</strong></span> <span class='ocrx_word' id='word_1_226' title='bbox 1627 1743 1711 1803; x_wconf 89' lang='lat' dir='ltr'><strong>etde</strong></span> 
     </span>
     <span class='ocr_line' id='line_1_18' title="bbox 579 1822 1710 1904; baseline 0.004 -19"><span class='ocrx_word' id='word_1_227' title='bbox 579 1822 586 1837; x_wconf 85' lang='lat'>&#39;</span> <span class='ocrx_word' id='word_1_228' title='bbox 911 1830 971 1904; x_wconf 89' lang='lat' dir='ltr'><strong>ipso</strong></span> <span class='ocrx_word' id='word_1_229' title='bbox 999 1830 1080 1887; x_wconf 85' lang='lat' dir='ltr'><strong>etiam</strong></span> <span class='ocrx_word' id='word_1_230' title='bbox 1104 1830 1214 1888; x_wconf 91' lang='lat' dir='ltr'><strong>nomine</strong></span> <span class='ocrx_word' id='word_1_231' title='bbox 1237 1830 1379 1887; x_wconf 70' lang='lat' dir='ltr'><strong>distollit</strong></span> <span class='ocrx_word' id='word_1_232' title='bbox 1406 1828 1565 1901; x_wconf 87' lang='lat' dir='ltr'><strong>delatorem,</strong></span> <span class='ocrx_word' id='word_1_233' title='bbox 1582 1838 1609 1888; x_wconf 92' lang='lat' dir='ltr'><strong>et</strong></span> <span class='ocrx_word' id='word_1_234' title='bbox 1626 1834 1710 1904; x_wconf 85' lang='lat' dir='ltr'><strong>judex</strong></span> 
     </span>
     <span class='ocr_line' id='line_1_19' title="bbox 99 1909 1711 1996; baseline 0.001 -19"><span class='ocrx_word' id='word_1_235' title='bbox 99 1912 155 1969; x_wconf 83' lang='lat' dir='ltr'><strong>ssu</strong></span> <span class='ocrx_word' id='word_1_236' title='bbox 177 1926 231 1969; x_wconf 86' lang='lat' dir='ltr'><strong>non</strong></span> <span class='ocrx_word' id='word_1_237' title='bbox 252 1910 299 1968; x_wconf 84' lang='lat' dir='ltr'><strong>tibi</strong></span> <span class='ocrx_word' id='word_1_238' title='bbox 317 1910 367 1968; x_wconf 81' lang='lat' dir='ltr'><strong>tctt</strong></span> <span class='ocrx_word' id='word_1_239' title='bbox 386 1911 628 1985; x_wconf 73' lang='lat' dir='ltr'><strong>metempsychosis</strong></span> <span class='ocrx_word' id='word_1_240' title='bbox 647 1911 716 1967; x_wconf 82' lang='lat' dir='ltr'><strong>nanc</strong></span> <span class='ocrx_word' id='word_1_241' title='bbox 739 1909 858 1969; x_wconf 80' lang='lat' dir='ltr'><strong>tabulam</strong></span> <span class='ocrx_word' id='word_1_242' title='bbox 912 1928 938 1977; x_wconf 85' lang='lat' dir='ltr'><strong>te</strong></span> <span class='ocrx_word' id='word_1_243' title='bbox 957 1919 1046 1978; x_wconf 84' lang='lat' dir='ltr'><strong>tradat</strong></span> <span class='ocrx_word' id='word_1_244' title='bbox 1058 1920 1155 1996; x_wconf 77' lang='lat' dir='ltr'><strong>angela</strong></span> <span class='ocrx_word' id='word_1_245' title='bbox 1169 1917 1359 1985; x_wconf 78' lang='lat' dir='ltr'><strong>exsecutionis,</strong></span> <span class='ocrx_word' id='word_1_246' title='bbox 1374 1927 1402 1975; x_wconf 82' lang='lat' dir='ltr'><strong>et</strong></span> <span class='ocrx_word' id='word_1_247' title='bbox 1421 1918 1466 1976; x_wconf 82' lang='lat' dir='ltr'><strong>itta</strong></span> <span class='ocrx_word' id='word_1_248' title='bbox 1482 1926 1508 1976; x_wconf 84' lang='lat' dir='ltr'><strong>te</strong></span> <span class='ocrx_word' id='word_1_249' title='bbox 1534 1920 1562 1976; x_wconf 88' lang='lat' dir='ltr'><strong>tn</strong></span> <span class='ocrx_word' id='word_1_250' title='bbox 1576 1935 1711 1978; x_wconf 71' lang='lat' dir='ltr'><strong>aretum</strong></span> 
     </span>
     <span class='ocr_line' id='line_1_20' title="bbox 58 1998 1708 2077; baseline -0.003 -19"><span class='ocrx_word' id='word_1_251' title='bbox 58 1999 202 2058; x_wconf 80' lang='lat' dir='ltr'><strong>iustruxit.</strong></span> <span class='ocrx_word' id='word_1_252' title='bbox 228 2000 291 2056; x_wconf 90' lang='lat' dir='ltr'><strong>lade</strong></span> <span class='ocrx_word' id='word_1_253' title='bbox 321 1999 402 2057; x_wconf 88' lang='lat' dir='ltr'><strong>etiarn</strong></span> <span class='ocrx_word' id='word_1_254' title='bbox 435 1999 612 2073; x_wconf 86' lang='lat' dir='ltr'><strong>Carpocrates</strong></span> <span class='ocrx_word' id='word_1_255' title='bbox 643 1999 727 2055; x_wconf 92' lang='lat' dir='ltr'><strong>utitur</strong></span> <span class='ocrx_word' id='word_1_256' title='bbox 759 1998 858 2070; x_wconf 88' lang='lat' dir='ltr'><strong>pariter</strong></span> <span class='ocrx_word' id='word_1_257' title='bbox 912 2010 1020 2067; x_wconf 63' lang='lat' dir='ltr'><strong>mandet</strong></span> <span class='ocrx_word' id='word_1_258' title='bbox 1033 2008 1180 2077; x_wconf 67' lang='lat' dir='ltr'><strong>infernum,</strong></span> <span class='ocrx_word' id='word_1_259' title='bbox 1196 2009 1269 2067; x_wconf 60' lang='lat' dir='ltr'><strong>unda</strong></span> <span class='ocrx_word' id='word_1_260' title='bbox 1291 2023 1345 2063; x_wconf 75' lang='lat' dir='ltr'><strong>non</strong></span> <span class='ocrx_word' id='word_1_261' title='bbox 1358 2006 1511 2076; x_wconf 64' lang='lat' dir='ltr'><strong>dimittam,</strong></span> <span class='ocrx_word' id='word_1_262' title='bbox 1527 2009 1579 2066; x_wconf 57' lang='lat' dir='ltr'><strong>utet</strong></span> <span class='ocrx_word' id='word_1_263' title='bbox 1601 2009 1708 2069; x_wconf 61' lang='lat' dir='ltr'><strong>modico</strong></span> 
     </span>
     <span class='ocr_line' id='line_1_21' title="bbox 37 2086 1757 2171; baseline -0.005 -8"><span class='ocrx_word' id='word_1_264' title='bbox 37 2106 158 2163; x_wconf 79' lang='lat' dir='ltr'><strong>,magus</strong></span> <span class='ocrx_word' id='word_1_265' title='bbox 179 2087 355 2162; x_wconf 61' lang='grc'><strong>(323710</strong></span> <span class='ocrx_word' id='word_1_266' title='bbox 378 2087 477 2160; x_wconf 64' lang='lat' dir='ltr'><strong>Pisilis</strong></span> <span class='ocrx_word' id='word_1_267' title='bbox 500 2086 736 2154; x_wconf 71' lang='lat' dir='ltr'><strong>i0i⁰i⁰tirii¹820i³i</strong></span> <span class='ocrx_word' id='word_1_268' title='bbox 758 2087 859 2144; x_wconf 63' lang='lat' dir='ltr'><strong>iltioni</strong></span> <span class='ocrx_word' id='word_1_269' title='bbox 911 2113 1022 2171; x_wconf 91' lang='lat' dir='ltr'><strong>quoque</strong></span> <span class='ocrx_word' id='word_1_270' title='bbox 1057 2096 1155 2154; x_wconf 87' lang='lat' dir='ltr'><strong>delicto</strong></span> <span class='ocrx_word' id='word_1_271' title='bbox 1194 2111 1272 2154; x_wconf 91' lang='lat' dir='ltr'><strong>mora</strong></span> <span class='ocrx_word' id='word_1_272' title='bbox 1305 2095 1381 2153; x_wconf 74' lang='grc' dir='ltr'><strong>ῚΙΙ</strong></span> <span class='ocrx_word' id='word_1_273' title='bbox 1415 2096 1624 2156; x_wconf 87' lang='lat' dir='ltr'><strong>resurrectionis</strong></span> <span class='ocrx_word' id='word_1_274' title='bbox 1660 2114 1712 2156; x_wconf 84' lang='lat' dir='ltr'><strong>ex·</strong></span> <span class='ocrx_word' id='word_1_275' title='bbox 1752 2093 1757 2109; x_wconf 80' lang='lat'><strong><em>¹</em></strong></span> 
     </span>
     <span class='ocr_line' id='line_1_22' title="bbox 59 2175 1713 2259; baseline -0.001 -24"><span class='ocrx_word' id='word_1_276' title='bbox 59 2179 151 2235; x_wconf 86' lang='lat' dir='ltr'><strong>minus</strong></span> <span class='ocrx_word' id='word_1_277' title='bbox 172 2177 241 2250; x_wconf 88' lang='grc'>(33),</span> <span class='ocrx_word' id='word_1_278' title='bbox 256 2177 377 2250; x_wconf 76' lang='lat' dir='ltr'><strong>quidni?</strong></span> <span class='ocrx_word' id='word_1_279' title='bbox 391 2193 453 2234; x_wconf 90' lang='lat' dir='ltr'><strong>com</strong></span> <span class='ocrx_word' id='word_1_280' title='bbox 473 2185 587 2251; x_wconf 91' lang='lat' dir='ltr'><strong>propter</strong></span> <span class='ocrx_word' id='word_1_281' title='bbox 609 2176 791 2234; x_wconf 88' lang='lat' dir='ltr'><strong>omnimodam</strong></span> <span class='ocrx_word' id='word_1_282' title='bbox 812 2175 858 2233; x_wconf 93' lang='lat' dir='ltr'><strong>di·</strong></span> <span class='ocrx_word' id='word_1_283' title='bbox 913 2202 997 2258; x_wconf 68' lang='lat' dir='ltr'><strong>penso</strong></span> <span class='ocrx_word' id='word_1_284' title='bbox 1025 2187 1093 2258; x_wconf 79' lang='lat' dir='ltr'><strong>(at),</strong></span> <span class='ocrx_word' id='word_1_285' title='bbox 1117 2183 1188 2255; x_wconf 76' lang='lat' dir='ltr'><strong>Quid</strong></span> <span class='ocrx_word' id='word_1_286' title='bbox 1217 2184 1259 2240; x_wconf 78' lang='lat' dir='ltr'><strong>his</strong></span> <span class='ocrx_word' id='word_1_287' title='bbox 1286 2185 1414 2242; x_wconf 67' lang='lat' dir='ltr'><strong>sensibus</strong></span> <span class='ocrx_word' id='word_1_288' title='bbox 1440 2185 1553 2258; x_wconf 68' lang='lat' dir='ltr'><strong>aptius?</strong></span> <span class='ocrx_word' id='word_1_289' title='bbox 1576 2186 1642 2259; x_wconf 76' lang='lat' dir='ltr'><strong>quid</strong></span> <span class='ocrx_word' id='word_1_290' title='bbox 1669 2186 1713 2244; x_wconf 69' lang='lat' dir='ltr'><strong>his</strong></span> 
     </span>
     <span class='ocr_line' id='line_1_23' title="bbox 59 2265 1710 2349; baseline -0.005 -22"><span class='ocrx_word' id='word_1_291' title='bbox 59 2266 131 2327; x_wconf 82' lang='lat' dir='ltr'><strong>victe</strong></span> <span class='ocrx_word' id='word_1_292' title='bbox 148 2274 177 2324; x_wconf 89' lang='lat' dir='ltr'><strong>et</strong></span> <span class='ocrx_word' id='word_1_293' title='bbox 193 2268 320 2324; x_wconf 78' lang='lat' dir='ltr'><strong>humanae</strong></span> <span class='ocrx_word' id='word_1_294' title='bbox 334 2266 485 2338; x_wconf 84' lang='lat' dir='ltr'><strong>discipliuae</strong></span> <span class='ocrx_word' id='word_1_295' title='bbox 499 2265 671 2325; x_wconf 89' lang='lat' dir='ltr'><strong>eversionem</strong></span> <span class='ocrx_word' id='word_1_296' title='bbox 689 2266 858 2323; x_wconf 89' lang='lat' dir='ltr'><strong>constituen-</strong></span> <span class='ocrx_word' id='word_1_297' title='bbox 913 2273 1181 2349; x_wconf 66' lang='lat' dir='ltr'><strong>interpretationibus</strong></span> <span class='ocrx_word' id='word_1_298' title='bbox 1205 2270 1316 2330; x_wconf 71' lang='lat' dir='ltr'><strong>vetius?</strong></span> <span class='ocrx_word' id='word_1_299' title='bbox 1335 2272 1479 2343; x_wconf 63' lang='lat' dir='ltr'><strong>emtarum,</strong></span> <span class='ocrx_word' id='word_1_300' title='bbox 1503 2275 1574 2346; x_wconf 73' lang='lat' dir='ltr'><strong>apud</strong></span> <span class='ocrx_word' id='word_1_301' title='bbox 1606 2275 1710 2348; x_wconf 59' lang='lat' dir='ltr'><strong>Carpo.</strong></span> 
     </span>
     <span class='ocr_line' id='line_1_24' title="bbox 59 2354 1710 2430; baseline 0.003 -17"><span class='ocrx_word' id='word_1_302' title='bbox 59 2355 143 2426; x_wconf 88' lang='lat' dir='ltr'><strong>dam,</strong></span> <span class='ocrx_word' id='word_1_303' title='bbox 178 2355 348 2428; x_wconf 87' lang='lat' dir='ltr'><strong>recorporari</strong></span> <span class='ocrx_word' id='word_1_304' title='bbox 383 2355 488 2412; x_wconf 80' lang='lat' dir='ltr'><strong>annuas</strong></span> <span class='ocrx_word' id='word_1_305' title='bbox 515 2354 711 2415; x_wconf 79' lang='lat' dir='ltr'><strong>adseveraverit</strong></span> <span class='ocrx_word' id='word_1_306' title='bbox 745 2373 752 2409; x_wconf 79' lang='lat' dir='ltr'>z</span> <span class='ocrx_word' id='word_1_307' title='bbox 792 2354 859 2412; x_wconf 91' lang='lat' dir='ltr'><strong>nulli</strong></span> <span class='ocrx_word' id='word_1_308' title='bbox 911 2371 1027 2430; x_wconf 88' lang='lat' dir='ltr'><strong>cratem,</strong></span> <span class='ocrx_word' id='word_1_309' title='bbox 1042 2362 1066 2420; x_wconf 89' lang='lat' dir='ltr'><strong>si</strong></span> <span class='ocrx_word' id='word_1_310' title='bbox 1089 2361 1211 2418; x_wconf 92' lang='lat' dir='ltr'><strong>omnium</strong></span> <span class='ocrx_word' id='word_1_311' title='bbox 1233 2359 1383 2417; x_wconf 89' lang='lat' dir='ltr'><strong>facinorum</strong></span> <span class='ocrx_word' id='word_1_312' title='bbox 1406 2360 1524 2417; x_wconf 85' lang='lat' dir='ltr'><strong>debitrix</strong></span> <span class='ocrx_word' id='word_1_313' title='bbox 1542 2361 1634 2418; x_wconf 89' lang='lat' dir='ltr'><strong>anima</strong></span> <span class='ocrx_word' id='word_1_314' title='bbox 1656 2371 1710 2428; x_wconf 89' lang='lat' dir='ltr'><strong>est,</strong></span> 
     </span>
     <span class='ocr_line' id='line_1_25' title="bbox 60 2443 1712 2526; baseline 0.005 -22"><span class='ocrx_word' id='word_1_315' title='bbox 60 2445 134 2504; x_wconf 83' lang='lat' dir='ltr'><strong>snitu</strong></span> <span class='ocrx_word' id='word_1_316' title='bbox 161 2446 242 2503; x_wconf 88' lang='lat' dir='ltr'><strong>vitam</strong></span> <span class='ocrx_word' id='word_1_317' title='bbox 270 2446 351 2502; x_wconf 66' lang='lat' dir='ltr'><strong>bum</strong></span> <span class='ocrx_word' id='word_1_318' title='bbox 378 2453 438 2502; x_wconf 91' lang='lat' dir='ltr'><strong>rato</strong></span> <span class='ocrx_word' id='word_1_319' title='bbox 465 2444 534 2514; x_wconf 84' lang='lat' dir='ltr'><strong>fieri,</strong></span> <span class='ocrx_word' id='word_1_320' title='bbox 558 2445 612 2501; x_wconf 88' lang='lat' dir='ltr'><strong>nisi</strong></span> <span class='ocrx_word' id='word_1_321' title='bbox 639 2443 780 2513; x_wconf 78' lang='lat' dir='ltr'><strong>universis,</strong></span> <span class='ocrx_word' id='word_1_322' title='bbox 798 2459 859 2518; x_wconf 80' lang='lat' dir='ltr'><strong>quae</strong></span> <span class='ocrx_word' id='word_1_323' title='bbox 913 2451 974 2526; x_wconf 92' lang='lat' dir='ltr'><strong>quis</strong></span> <span class='ocrx_word' id='word_1_324' title='bbox 986 2451 1038 2509; x_wconf 91' lang='lat' dir='ltr'><strong>erit</strong></span> <span class='ocrx_word' id='word_1_325' title='bbox 1050 2450 1179 2507; x_wconf 84' lang='lat' dir='ltr'><strong>iuimicus</strong></span> <span class='ocrx_word' id='word_1_326' title='bbox 1193 2458 1220 2506; x_wconf 88' lang='lat' dir='ltr'><strong>et</strong></span> <span class='ocrx_word' id='word_1_327' title='bbox 1231 2449 1406 2508; x_wconf 89' lang='lat' dir='ltr'><strong>adversarius</strong></span> <span class='ocrx_word' id='word_1_328' title='bbox 1420 2449 1482 2520; x_wconf 85' lang='lat' dir='ltr'><strong>ejus</strong></span> <span class='ocrx_word' id='word_1_329' title='bbox 1495 2449 1712 2523; x_wconf 79' lang='lat' dir='ltr'><strong>intelligendus?</strong></span> 
     </span>
     <span class='ocr_line' id='line_1_26' title="bbox 60 2533 1712 2609; baseline -0.001 -17"><span class='ocrx_word' id='word_1_330' title='bbox 60 2544 181 2609; x_wconf 88' lang='lat' dir='ltr'><strong>arguunt</strong></span> <span class='ocrx_word' id='word_1_331' title='bbox 193 2550 264 2607; x_wconf 89' lang='lat' dir='ltr'><strong>eam,</strong></span> <span class='ocrx_word' id='word_1_332' title='bbox 280 2535 434 2607; x_wconf 85' lang='lat' dir='ltr'><strong>expunctis,</strong></span> <span class='ocrx_word' id='word_1_333' title='bbox 449 2534 513 2607; x_wconf 93' lang='lat' dir='ltr'><strong>quia</strong></span> <span class='ocrx_word' id='word_1_334' title='bbox 530 2549 585 2590; x_wconf 91' lang='lat' dir='ltr'><strong>uon</strong></span> <span class='ocrx_word' id='word_1_335' title='bbox 598 2543 693 2590; x_wconf 89' lang='lat' dir='ltr'><strong>natura</strong></span> <span class='ocrx_word' id='word_1_336' title='bbox 712 2533 778 2606; x_wconf 92' lang='lat' dir='ltr'><strong>quid</strong></span> <span class='ocrx_word' id='word_1_337' title='bbox 798 2549 858 2589; x_wconf 91' lang='lat' dir='ltr'><strong>ma·</strong></span> <span class='ocrx_word' id='word_1_338' title='bbox 911 2537 1009 2607; x_wconf 85' lang='lat' dir='ltr'><strong>Credo,</strong></span> <span class='ocrx_word' id='word_1_339' title='bbox 1025 2551 1102 2593; x_wconf 90' lang='lat' dir='ltr'><strong>mens</strong></span> <span class='ocrx_word' id='word_1_340' title='bbox 1119 2535 1227 2601; x_wconf 88' lang='lat' dir='ltr'><strong>melior,</strong></span> <span class='ocrx_word' id='word_1_341' title='bbox 1242 2549 1304 2607; x_wconf 74' lang='lat' dir='ltr'><strong>quae</strong></span> <span class='ocrx_word' id='word_1_342' title='bbox 1328 2534 1401 2590; x_wconf 90' lang='lat' dir='ltr'><strong>illam</strong></span> <span class='ocrx_word' id='word_1_343' title='bbox 1412 2533 1441 2590; x_wconf 88' lang='lat' dir='ltr'><strong>ia</strong></span> <span class='ocrx_word' id='word_1_344' title='bbox 1465 2533 1567 2609; x_wconf 89' lang='lat' dir='ltr'><strong>aliquid</strong></span> <span class='ocrx_word' id='word_1_345' title='bbox 1581 2535 1712 2593; x_wconf 85' lang='lat' dir='ltr'><strong>innocen·</strong></span> 
     </span>
     <span class='ocr_line' id='line_1_27' title="bbox 60 2619 1712 2701; baseline -0.001 -17"><span class='ocrx_word' id='word_1_346' title='bbox 60 2621 118 2678; x_wconf 83' lang='lat' dir='ltr'><strong>lum</strong></span> <span class='ocrx_word' id='word_1_347' title='bbox 141 2621 282 2690; x_wconf 75' lang='lat' dir='ltr'><strong>habeatur,</strong></span> <span class='ocrx_word' id='word_1_348' title='bbox 296 2621 344 2678; x_wconf 77' lang='lat' dir='ltr'><strong>sed</strong></span> <span class='ocrx_word' id='word_1_349' title='bbox 368 2619 507 2691; x_wconf 73' lang='lat' dir='ltr'><strong>opinione.</strong></span> <span class='ocrx_word' id='word_1_350' title='bbox 523 2621 615 2693; x_wconf 70' lang='lat' dir='ltr'><strong>iisque</strong></span> <span class='ocrx_word' id='word_1_351' title='bbox 640 2622 857 2693; x_wconf 73' lang='lat' dir='ltr'><strong>metempsgehn-</strong></span> <span class='ocrx_word' id='word_1_352' title='bbox 912 2627 956 2684; x_wconf 84' lang='lat' dir='ltr'><strong>tiae</strong></span> <span class='ocrx_word' id='word_1_353' title='bbox 969 2624 1123 2701; x_wconf 87' lang='lat' dir='ltr'><strong>impegerit,</strong></span> <span class='ocrx_word' id='word_1_354' title='bbox 1139 2623 1301 2696; x_wconf 77' lang='lat' dir='ltr'><strong>adigendam</strong></span> <span class='ocrx_word' id='word_1_355' title='bbox 1327 2637 1468 2682; x_wconf 85' lang='lat' dir='ltr'><strong>rursusne</strong></span> <span class='ocrx_word' id='word_1_356' title='bbox 1490 2640 1586 2682; x_wconf 85' lang='lat' dir='ltr'><strong>rursus</strong></span> <span class='ocrx_word' id='word_1_357' title='bbox 1599 2624 1627 2681; x_wconf 93' lang='lat' dir='ltr'><strong>in</strong></span> <span class='ocrx_word' id='word_1_358' title='bbox 1650 2640 1712 2683; x_wconf 90' lang='lat' dir='ltr'><strong>cor·</strong></span> 
     </span>
     <span class='ocr_line' id='line_1_28' title="bbox 59 2707 1710 2788; baseline 0.005 -23"><span class='ocrx_word' id='word_1_359' title='bbox 59 2708 102 2765; x_wconf 88' lang='lat' dir='ltr'><strong>sin</strong></span> <span class='ocrx_word' id='word_1_360' title='bbox 120 2710 276 2768; x_wconf 84' lang='lat' dir='ltr'><strong>necessarie</strong></span> <span class='ocrx_word' id='word_1_361' title='bbox 298 2707 449 2774; x_wconf 90' lang='lat' dir='ltr'><strong>imminere,</strong></span> <span class='ocrx_word' id='word_1_362' title='bbox 465 2710 488 2765; x_wconf 88' lang='lat' dir='ltr'><strong>si</strong></span> <span class='ocrx_word' id='word_1_363' title='bbox 511 2722 565 2763; x_wconf 93' lang='lat' dir='ltr'><strong>uon</strong></span> <span class='ocrx_word' id='word_1_364' title='bbox 591 2709 619 2763; x_wconf 90' lang='lat' dir='ltr'><strong>iu</strong></span> <span class='ocrx_word' id='word_1_365' title='bbox 641 2708 729 2778; x_wconf 91' lang='lat' dir='ltr'><strong>primo</strong></span> <span class='ocrx_word' id='word_1_366' title='bbox 750 2724 858 2781; x_wconf 91' lang='lat' dir='ltr'><strong>quoque</strong></span> <span class='ocrx_word' id='word_1_367' title='bbox 910 2732 970 2788; x_wconf 92' lang='lat' dir='ltr'><strong>pus,</strong></span> <span class='ocrx_word' id='word_1_368' title='bbox 988 2714 1075 2771; x_wconf 92' lang='lat' dir='ltr'><strong>donec</strong></span> <span class='ocrx_word' id='word_1_369' title='bbox 1096 2712 1124 2768; x_wconf 91' lang='lat' dir='ltr'><strong>in</strong></span> <span class='ocrx_word' id='word_1_370' title='bbox 1145 2711 1220 2771; x_wconf 88' lang='lat' dir='ltr'><strong>nulla</strong></span> <span class='ocrx_word' id='word_1_371' title='bbox 1235 2727 1281 2769; x_wconf 90' lang='lat' dir='ltr'><strong>rea</strong></span> <span class='ocrx_word' id='word_1_372' title='bbox 1303 2711 1519 2783; x_wconf 80' lang='lat' dir='ltr'><strong>deprehendatur</strong></span> <span class='ocrx_word' id='word_1_373' title='bbox 1539 2712 1620 2770; x_wconf 84' lang='lat' dir='ltr'><strong>bonae</strong></span> <span class='ocrx_word' id='word_1_374' title='bbox 1636 2714 1710 2773; x_wconf 82' lang='lat' dir='ltr'><strong>vitre.</strong></span> 
     </span>
     <span class='ocr_line' id='line_1_29' title="bbox 59 2795 1710 2869; baseline -0.003 -9"><span class='ocrx_word' id='word_1_375' title='bbox 59 2797 122 2856; x_wconf 74' lang='lat' dir='ltr'><strong>vitae</strong></span> <span class='ocrx_word' id='word_1_376' title='bbox 145 2799 229 2869; x_wconf 84' lang='lat' dir='ltr'><strong>hujus</strong></span> <span class='ocrx_word' id='word_1_377' title='bbox 254 2803 407 2855; x_wconf 66' lang='lat' dir='ltr'><strong>columcilli</strong></span> <span class='ocrx_word' id='word_1_378' title='bbox 435 2797 562 2854; x_wconf 78' lang='lat' dir='ltr'><strong>omnibus</strong></span> <span class='ocrx_word' id='word_1_379' title='bbox 589 2795 699 2854; x_wconf 72' lang='lat' dir='ltr'><strong>inlicitis</strong></span> <span class='ocrx_word' id='word_1_380' title='bbox 716 2797 855 2855; x_wconf 81' lang='lat' dir='ltr'><strong>sadsfiat:</strong></span> <span class='ocrx_word' id='word_1_381' title='bbox 911 2806 969 2862; x_wconf 87' lang='lat' dir='ltr'><strong>linc</strong></span> <span class='ocrx_word' id='word_1_382' title='bbox 995 2811 1037 2859; x_wconf 90' lang='lat' dir='ltr'><strong>est</strong></span> <span class='ocrx_word' id='word_1_383' title='bbox 1064 2818 1107 2861; x_wconf 54' lang='lat' dir='ltr'><strong>ex&gt;</strong></span> <span class='ocrx_word' id='word_1_384' title='bbox 1127 2800 1205 2856; x_wconf 86' lang='lat' dir='ltr'><strong>malis</strong></span> <span class='ocrx_word' id='word_1_385' title='bbox 1231 2798 1365 2856; x_wconf 91' lang='lat' dir='ltr'><strong>fructibus</strong></span> <span class='ocrx_word' id='word_1_386' title='bbox 1383 2799 1482 2856; x_wconf 89' lang='lat' dir='ltr'><strong>bonam</strong></span> <span class='ocrx_word' id='word_1_387' title='bbox 1508 2800 1638 2857; x_wconf 91' lang='lat' dir='ltr'><strong>arborem</strong></span> <span class='ocrx_word' id='word_1_388' title='bbox 1665 2800 1710 2855; x_wconf 92' lang='lat' dir='ltr'><strong>in-</strong></span> 
     </span>
     <span class='ocr_line' id='line_1_30' title="bbox 59 2884 1711 2967; baseline 0.004 -27"><span class='ocrx_word' id='word_1_389' title='bbox 59 2885 163 2944; x_wconf 82' lang='lat' dir='ltr'><strong>scilicet</strong></span> <span class='ocrx_word' id='word_1_390' title='bbox 182 2885 300 2944; x_wconf 90' lang='lat' dir='ltr'><strong>facinora</strong></span> <span class='ocrx_word' id='word_1_391' title='bbox 320 2886 420 2942; x_wconf 90' lang='lat' dir='ltr'><strong>tributa</strong></span> <span class='ocrx_word' id='word_1_392' title='bbox 438 2897 500 2941; x_wconf 91' lang='lat' dir='ltr'><strong>sunt</strong></span> <span class='ocrx_word' id='word_1_393' title='bbox 514 2884 598 2942; x_wconf 82' lang='lat' dir='ltr'><strong>vitae:</strong></span> <span class='ocrx_word' id='word_1_394' title='bbox 614 2892 740 2943; x_wconf 80' lang='lat' dir='ltr'><strong>caeterum</strong></span> <span class='ocrx_word' id='word_1_395' title='bbox 761 2887 856 2943; x_wconf 90' lang='lat' dir='ltr'><strong>totiens</strong></span> <span class='ocrx_word' id='word_1_396' title='bbox 911 2891 996 2967; x_wconf 68' lang='lat' dir='ltr'><strong>taltigi</strong></span> <span class='ocrx_word' id='word_1_397' title='bbox 1011 2890 1077 2962; x_wconf 80' lang='grc'>(35),</span> <span class='ocrx_word' id='word_1_398' title='bbox 1093 2888 1120 2944; x_wconf 94' lang='lat' dir='ltr'><strong>id</strong></span> <span class='ocrx_word' id='word_1_399' title='bbox 1138 2895 1189 2958; x_wconf 90' lang='lat' dir='ltr'><strong>est,</strong></span> <span class='ocrx_word' id='word_1_400' title='bbox 1201 2903 1235 2944; x_wconf 87' lang='lat' dir='ltr'><strong>ex</strong></span> <span class='ocrx_word' id='word_1_401' title='bbox 1256 2886 1382 2959; x_wconf 89' lang='lat' dir='ltr'><strong>pessimis</strong></span> <span class='ocrx_word' id='word_1_402' title='bbox 1402 2887 1548 2961; x_wconf 86' lang='lat' dir='ltr'><strong>praeceptis</strong></span> <span class='ocrx_word' id='word_1_403' title='bbox 1562 2888 1711 2947; x_wconf 90' lang='lat' dir='ltr'><strong>doctrinam</strong></span> 
     </span>
     <span class='ocr_line' id='line_1_31' title="bbox 58 2971 1711 3053; baseline -0.004 -13"><span class='ocrx_word' id='word_1_404' title='bbox 58 2977 181 3033; x_wconf 65' lang='lat' dir='ltr'><strong>animam</strong></span> <span class='ocrx_word' id='word_1_405' title='bbox 198 2974 317 3032; x_wconf 66' lang='lat' dir='ltr'><strong>revocati</strong></span> <span class='ocrx_word' id='word_1_406' title='bbox 340 2975 451 3041; x_wconf 67' lang='lat' dir='ltr'><strong>hiberi,</strong></span> <span class='ocrx_word' id='word_1_407' title='bbox 467 2975 592 3046; x_wconf 90' lang='lat' dir='ltr'><strong>quotiens</strong></span> <span class='ocrx_word' id='word_1_408' title='bbox 610 2974 700 3029; x_wconf 66' lang='lat' dir='ltr'><strong>minus</strong></span> <span class='ocrx_word' id='word_1_409' title='bbox 722 2974 788 3046; x_wconf 72' lang='lat' dir='ltr'><strong>‘fuid</strong></span> <span class='ocrx_word' id='word_1_410' title='bbox 809 2974 855 3030; x_wconf 76' lang='lat' dir='ltr'><strong>iss-</strong></span> <span class='ocrx_word' id='word_1_411' title='bbox 872 2972 1027 3053; x_wconf 71' lang='lat' dir='ltr'><strong>caeritatis</strong></span> <span class='ocrx_word' id='word_1_412' title='bbox 1040 2977 1161 3053; x_wconf 81' lang='lat' dir='ltr'><strong>agnosci.</strong></span> <span class='ocrx_word' id='word_1_413' title='bbox 1178 2976 1265 3050; x_wconf 86' lang='lat' dir='ltr'><strong>Spero</strong></span> <span class='ocrx_word' id='word_1_414' title='bbox 1288 2977 1449 3047; x_wconf 81' lang='lat' dir='ltr'><strong>huiusmodi</strong></span> <span class='ocrx_word' id='word_1_415' title='bbox 1470 2971 1615 3035; x_wconf 79' lang='lat' dir='ltr'><strong>haereticos</strong></span> <span class='ocrx_word' id='word_1_416' title='bbox 1627 2977 1711 3034; x_wconf 83' lang='lat' dir='ltr'><strong>ttatiae</strong></span> 
     </span>
     <span class='ocr_line' id='line_1_32' title="bbox 60 3063 1711 3144; baseline 0 -21"><span class='ocrx_word' id='word_1_417' title='bbox 60 3064 164 3134; x_wconf 88' lang='lat' dir='ltr'><strong>tulerit,</strong></span> <span class='ocrx_word' id='word_1_418' title='bbox 182 3063 378 3136; x_wconf 85' lang='lat' dir='ltr'><strong>reliquatricem</strong></span> <span class='ocrx_word' id='word_1_419' title='bbox 393 3064 563 3131; x_wconf 85' lang='lat' dir='ltr'><strong>delictorum,</strong></span> <span class='ocrx_word' id='word_1_420' title='bbox 575 3063 664 3120; x_wconf 88' lang='lat' dir='ltr'><strong>donee</strong></span> <span class='ocrx_word' id='word_1_421' title='bbox 676 3066 796 3120; x_wconf 82' lang='lat' dir='ltr'><strong>exsolvat</strong></span> <span class='ocrx_word' id='word_1_422' title='bbox 810 3079 860 3119; x_wconf 86' lang='lat' dir='ltr'><strong>uo·</strong></span> <span class='ocrx_word' id='word_1_423' title='bbox 913 3083 1023 3144; x_wconf 89' lang='lat' dir='ltr'><strong>quoque</strong></span> <span class='ocrx_word' id='word_1_424' title='bbox 1050 3065 1177 3123; x_wconf 88' lang='lat' dir='ltr'><strong>invadere</strong></span> <span class='ocrx_word' id='word_1_425' title='bbox 1204 3065 1377 3136; x_wconf 86' lang='lat' dir='ltr'><strong>exemplum,</strong></span> <span class='ocrx_word' id='word_1_426' title='bbox 1393 3071 1524 3137; x_wconf 89' lang='lat' dir='ltr'><strong>tanquam</strong></span> <span class='ocrx_word' id='word_1_427' title='bbox 1552 3065 1580 3120; x_wconf 93' lang='lat' dir='ltr'><strong>in</strong></span> <span class='ocrx_word' id='word_1_428' title='bbox 1605 3066 1711 3123; x_wconf 86' lang='lat' dir='ltr'><strong>loaune</strong></span> 
     </span>
     <span class='ocr_line' id='line_1_33' title="bbox 57 3150 1712 3228; baseline 0 -18"><span class='ocrx_word' id='word_1_429' title='bbox 57 3154 200 3214; x_wconf 86' lang='lat' dir='ltr'><strong>vissimum</strong></span> <span class='ocrx_word' id='word_1_430' title='bbox 212 3153 390 3226; x_wconf 87' lang='lat' dir='ltr'><strong>quadrantem</strong></span> <span class='ocrx_word' id='word_1_431' title='bbox 407 3152 517 3223; x_wconf 88' lang='lat' dir='ltr'><strong>(lfattlt.</strong></span> <span class='ocrx_word' id='word_1_432' title='bbox 533 3152 574 3224; x_wconf 92' lang='lat' dir='ltr'><strong>v),</strong></span> <span class='ocrx_word' id='word_1_433' title='bbox 589 3150 697 3209; x_wconf 78' lang='lat' dir='ltr'><strong>decusa</strong></span> <span class='ocrx_word' id='word_1_434' title='bbox 710 3151 857 3209; x_wconf 88' lang='lat' dir='ltr'><strong>identidem</strong></span> <span class='ocrx_word' id='word_1_435' title='bbox 912 3159 951 3216; x_wconf 86' lang='lat' dir='ltr'><strong>sic</strong></span> <span class='ocrx_word' id='word_1_436' title='bbox 972 3156 998 3197; x_wconf 72' lang='lat'><strong>⁹⁷</strong></span> <span class='ocrx_word' id='word_1_437' title='bbox 1021 3152 1215 3228; x_wconf 84' lang='lat' dir='ltr'><strong>repraesentati,</strong></span> <span class='ocrx_word' id='word_1_438' title='bbox 1231 3159 1263 3209; x_wconf 91' lang='lat' dir='ltr'><strong>ut</strong></span> <span class='ocrx_word' id='word_1_439' title='bbox 1279 3152 1504 3225; x_wconf 78' lang='lat' dir='ltr'><strong>metempsychosi</strong></span> <span class='ocrx_word' id='word_1_440' title='bbox 1527 3153 1712 3226; x_wconf 86' lang='lat' dir='ltr'><strong>patrocinetur</strong></span> 
     </span>
     <span class='ocr_line' id='line_1_34' title="bbox 58 3240 1710 3322; baseline 0.003 -25"><span class='ocrx_word' id='word_1_441' title='bbox 58 3245 87 3301; x_wconf 88' lang='lat' dir='ltr'><strong>in</strong></span> <span class='ocrx_word' id='word_1_442' title='bbox 110 3259 246 3301; x_wconf 85' lang='lat' dir='ltr'><strong>carcerem</strong></span> <span class='ocrx_word' id='word_1_443' title='bbox 265 3242 398 3316; x_wconf 88' lang='lat' dir='ltr'><strong>corporis.</strong></span> <span class='ocrx_word' id='word_1_444' title='bbox 421 3244 498 3299; x_wconf 83' lang='lat' dir='ltr'><strong>Hunc</strong></span> <span class='ocrx_word' id='word_1_445' title='bbox 519 3241 592 3298; x_wconf 89' lang='lat' dir='ltr'><strong>enim</strong></span> <span class='ocrx_word' id='word_1_446' title='bbox 614 3248 747 3312; x_wconf 88' lang='lat' dir='ltr'><strong>temperat</strong></span> <span class='ocrx_word' id='word_1_447' title='bbox 770 3251 857 3299; x_wconf 88' lang='lat' dir='ltr'><strong>totam</strong></span> <span class='ocrx_word' id='word_1_448' title='bbox 908 3243 1093 3322; x_wconf 88' lang='lat' dir='ltr'><strong>pronuntiatio</strong></span> <span class='ocrx_word' id='word_1_449' title='bbox 1102 3242 1128 3282; x_wconf 82' lang='lat'><strong>⁹⁸</strong></span> <span class='ocrx_word' id='word_1_450' title='bbox 1137 3240 1245 3298; x_wconf 88' lang='lat' dir='ltr'><strong>Domini</strong></span> <span class='ocrx_word' id='word_1_451' title='bbox 1253 3240 1543 3313; x_wconf 77' lang='lat' dir='ltr'><strong>(lfattlt.xv11):l2lias</strong></span> <span class='ocrx_word' id='word_1_452' title='bbox 1548 3244 1710 3316; x_wconf 81' lang='lat' dir='ltr'><strong>jamuent&#39;l,</strong></span> 
     </span>
     <span class='ocr_line' id='line_1_35' title="bbox 44 3328 1711 3407; baseline -0.001 -19"><span class='ocrx_word' id='word_1_453' title='bbox 44 3331 136 3389; x_wconf 85' lang='lat' dir='ltr'><strong>illum</strong></span> <span class='ocrx_word' id='word_1_454' title='bbox 155 3330 313 3404; x_wconf 73' lang='lat' dir='ltr'><strong>allegoriam</strong></span> <span class='ocrx_word' id='word_1_455' title='bbox 337 3328 464 3399; x_wconf 88' lang='lat' dir='ltr'><strong>Domini,</strong></span> <span class='ocrx_word' id='word_1_456' title='bbox 484 3328 566 3386; x_wconf 88' lang='lat' dir='ltr'><strong>certis</strong></span> <span class='ocrx_word' id='word_1_457' title='bbox 589 3329 857 3399; x_wconf 89' lang='lat' dir='ltr'><strong>interpretationibus</strong></span> <span class='ocrx_word' id='word_1_458' title='bbox 909 3343 938 3397; x_wconf 69' lang='lat' dir='ltr'><strong>ee</strong></span> <span class='ocrx_word' id='word_1_459' title='bbox 952 3335 1212 3407; x_wconf 74' lang='lat' dir='ltr'><strong>aeneaquaoeruut</strong></span> <span class='ocrx_word' id='word_1_460' title='bbox 1223 3331 1343 3389; x_wconf 79' lang='lat' dir='ltr'><strong>camlit</strong></span> <span class='ocrx_word' id='word_1_461' title='bbox 1357 3330 1421 3386; x_wconf 85' lang='lat' dir='ltr'><strong>alibi</strong></span> <span class='ocrx_word' id='word_1_462' title='bbox 1434 3330 1545 3402; x_wconf 83' lang='lat' dir='ltr'><strong>(lfattlt.</strong></span> <span class='ocrx_word' id='word_1_463' title='bbox 1564 3332 1627 3404; x_wconf 87' lang='lat' dir='ltr'><strong>x1):</strong></span> <span class='ocrx_word' id='word_1_464' title='bbox 1641 3335 1711 3390; x_wconf 77' lang='lat' dir='ltr'><strong>litet·</strong></span> 
     </span>
     <span class='ocr_line' id='line_1_36' title="bbox 57 3418 1711 3492; baseline -0.002 -13"><span class='ocrx_word' id='word_1_465' title='bbox 57 3420 222 3481; x_wconf 83' lang='lat' dir='ltr'><strong>relucameiu</strong></span> <span class='ocrx_word' id='word_1_466' title='bbox 244 3438 252 3476; x_wconf 77' lang='lat' dir='ltr'><strong><em>z</em></strong></span> <span class='ocrx_word' id='word_1_467' title='bbox 282 3427 308 3475; x_wconf 94' lang='lat' dir='ltr'><strong>et</strong></span> <span class='ocrx_word' id='word_1_468' title='bbox 331 3418 417 3489; x_wconf 92' lang='lat' dir='ltr'><strong>primo</strong></span> <span class='ocrx_word' id='word_1_469' title='bbox 445 3419 553 3491; x_wconf 89' lang='lat' dir='ltr'><strong>quidem</strong></span> <span class='ocrx_word' id='word_1_470' title='bbox 579 3418 737 3489; x_wconf 88' lang='lat' dir='ltr'><strong>simpliciter</strong></span> <span class='ocrx_word' id='word_1_471' title='bbox 753 3418 857 3476; x_wconf 90' lang='lat' dir='ltr'><strong>intelli·</strong></span> <span class='ocrx_word' id='word_1_472' title='bbox 910 3426 997 3484; x_wconf 66' lang='lat' dir='ltr'><strong>valete</strong></span> <span class='ocrx_word' id='word_1_473' title='bbox 1012 3421 1122 3491; x_wconf 77' lang='lat' dir='ltr'><strong>audire,</strong></span> <span class='ocrx_word' id='word_1_474' title='bbox 1139 3419 1240 3478; x_wconf 74' lang='lat' dir='ltr'><strong>luceat</strong></span> <span class='ocrx_word' id='word_1_475' title='bbox 1254 3418 1332 3476; x_wconf 82' lang='lat' dir='ltr'><strong>Elina</strong></span> <span class='ocrx_word' id='word_1_476' title='bbox 1346 3420 1547 3492; x_wconf 74' lang='lat' dir='ltr'><strong>calceaturus</strong></span> <span class='ocrx_word' id='word_1_477' title='bbox 1565 3421 1617 3476; x_wconf 85' lang='lat' dir='ltr'><strong>ert.</strong></span> <span class='ocrx_word' id='word_1_478' title='bbox 1628 3418 1711 3475; x_wconf 91' lang='lat' dir='ltr'><strong>Num-</strong></span> 
     </span>
     <span class='ocr_line' id='line_1_37' title="bbox 57 3504 1709 3586; baseline -0.003 -19"><span class='ocrx_word' id='word_1_479' title='bbox 57 3510 191 3585; x_wconf 66' lang='lat' dir='ltr'><strong>gendum</strong></span> <span class='ocrx_word' id='word_1_480' title='bbox 204 3524 269 3564; x_wconf 90' lang='lat' dir='ltr'><strong>nam</strong></span> <span class='ocrx_word' id='word_1_481' title='bbox 286 3515 313 3564; x_wconf 93' lang='lat' dir='ltr'><strong>et</strong></span> <span class='ocrx_word' id='word_1_482' title='bbox 331 3507 459 3567; x_wconf 88' lang='lat' dir='ltr'><strong>ethnicus</strong></span> <span class='ocrx_word' id='word_1_483' title='bbox 477 3508 559 3564; x_wconf 91' lang='lat' dir='ltr'><strong>bomo</strong></span> <span class='ocrx_word' id='word_1_484' title='bbox 577 3506 747 3564; x_wconf 88' lang='lat' dir='ltr'><strong>adversarius</strong></span> <span class='ocrx_word' id='word_1_485' title='bbox 764 3515 858 3565; x_wconf 91' lang='lat' dir='ltr'><strong>noster</strong></span> <span class='ocrx_word' id='word_1_486' title='bbox 909 3511 974 3586; x_wconf 90' lang='lat' dir='ltr'><strong>qnid</strong></span> <span class='ocrx_word' id='word_1_487' title='bbox 988 3523 1055 3584; x_wconf 89' lang='lat' dir='ltr'><strong>ergo</strong></span> <span class='ocrx_word' id='word_1_488' title='bbox 1069 3513 1095 3564; x_wconf 90' lang='lat' dir='ltr'><strong>et</strong></span> <span class='ocrx_word' id='word_1_489' title='bbox 1105 3505 1191 3563; x_wconf 83' lang='lat' dir='ltr'><strong>ludaei</strong></span> <span class='ocrx_word' id='word_1_490' title='bbox 1203 3521 1238 3563; x_wconf 87' lang='lat' dir='ltr'><strong>ex</strong></span> <span class='ocrx_word' id='word_1_491' title='bbox 1251 3505 1380 3577; x_wconf 91' lang='lat' dir='ltr'><strong>opinione</strong></span> <span class='ocrx_word' id='word_1_492' title='bbox 1393 3504 1571 3580; x_wconf 76' lang='lat' dir='ltr'><strong>Pythagorica</strong></span> <span class='ocrx_word' id='word_1_493' title='bbox 1584 3505 1709 3563; x_wconf 88' lang='lat' dir='ltr'><strong>consule-</strong></span> 
     </span>
     <span class='ocr_line' id='line_1_38' title="bbox 56 3591 1709 3665; baseline -0.004 -9"><span class='ocrx_word' id='word_1_494' title='bbox 56 3608 109 3664; x_wconf 81' lang='lat' dir='ltr'><strong>est,</strong></span> <span class='ocrx_word' id='word_1_495' title='bbox 123 3596 254 3654; x_wconf 85' lang='lat' dir='ltr'><strong>incedent</strong></span> <span class='ocrx_word' id='word_1_496' title='bbox 277 3595 400 3652; x_wconf 89' lang='lat' dir='ltr'><strong>camdem</strong></span> <span class='ocrx_word' id='word_1_497' title='bbox 414 3597 486 3654; x_wconf 89' lang='lat' dir='ltr'><strong>viam</strong></span> <span class='ocrx_word' id='word_1_498' title='bbox 499 3593 565 3650; x_wconf 78' lang='lat' dir='ltr'><strong>vitae</strong></span> <span class='ocrx_word' id='word_1_499' title='bbox 584 3593 745 3653; x_wconf 89' lang='lat' dir='ltr'><strong>communis.</strong></span> <span class='ocrx_word' id='word_1_500' title='bbox 766 3596 856 3654; x_wconf 84' lang='lat' dir='ltr'><strong>Caete·</strong></span> <span class='ocrx_word' id='word_1_501' title='bbox 909 3599 974 3656; x_wconf 90' lang='lat' dir='ltr'><strong>bant</strong></span> <span class='ocrx_word' id='word_1_502' title='bbox 994 3597 1126 3653; x_wconf 84' lang='lat' dir='ltr'><strong>loannem</strong></span> <span class='ocrx_word' id='word_1_503' title='bbox 1148 3592 1242 3664; x_wconf 77' lang='lat' dir='ltr'><strong>(toan.</strong></span> <span class='ocrx_word' id='word_1_504' title='bbox 1257 3591 1303 3665; x_wconf 73' lang='lat' dir='ltr'><strong>ti:</strong></span> <span class='ocrx_word' id='word_1_505' title='bbox 1331 3594 1371 3651; x_wconf 86' lang='lat' dir='ltr'><strong>l&#39;u</strong></span> <span class='ocrx_word' id='word_1_506' title='bbox 1393 3609 1422 3652; x_wconf 84' lang='lat' dir='ltr'><strong>ea</strong></span> <span class='ocrx_word' id='word_1_507' title='bbox 1441 3594 1542 3651; x_wconf 74' lang='lat' dir='ltr'><strong>bliaut</strong></span> <span class='ocrx_word' id='word_1_508' title='bbox 1554 3598 1583 3650; x_wconf 90' lang='lat' dir='ltr'><strong>et</strong></span> <span class='ocrx_word' id='word_1_509' title='bbox 1604 3608 1659 3650; x_wconf 91' lang='lat' dir='ltr'><strong>uon</strong></span> <span class='ocrx_word' id='word_1_510' title='bbox 1675 3610 1709 3652; x_wconf 88' lang='lat' dir='ltr'><strong>ex</strong></span> 
     </span>
     <span class='ocr_line' id='line_1_39' title="bbox 56 3680 1710 3760; baseline -0.002 -16"><span class='ocrx_word' id='word_1_511' title='bbox 56 3705 129 3755; x_wconf 89' lang='lat' dir='ltr'><strong>rum,</strong></span> <span class='ocrx_word' id='word_1_512' title='bbox 145 3687 287 3759; x_wconf 85' lang='lat' dir='ltr'><strong>oportebat</strong></span> <span class='ocrx_word' id='word_1_513' title='bbox 309 3700 360 3742; x_wconf 90' lang='lat' dir='ltr'><strong>uos</strong></span> <span class='ocrx_word' id='word_1_514' title='bbox 382 3686 416 3742; x_wconf 92' lang='lat' dir='ltr'><strong>de</strong></span> <span class='ocrx_word' id='word_1_515' title='bbox 439 3684 541 3742; x_wconf 88' lang='lat' dir='ltr'><strong>mundo</strong></span> <span class='ocrx_word' id='word_1_516' title='bbox 562 3684 637 3742; x_wconf 85' lang='lat' dir='ltr'><strong>exire</strong></span> <span class='ocrx_word' id='word_1_517' title='bbox 656 3688 681 3755; x_wconf 94' lang='lat' dir='ltr'><strong>(l</strong></span> <span class='ocrx_word' id='word_1_518' title='bbox 699 3687 762 3747; x_wconf 82' lang='lat' dir='ltr'><strong>cnr.</strong></span> <span class='ocrx_word' id='word_1_519' title='bbox 777 3685 817 3758; x_wconf 86' lang='lat' dir='ltr'><strong>v),</strong></span> <span class='ocrx_word' id='word_1_520' title='bbox 833 3687 858 3743; x_wconf 86' lang='lat' dir='ltr'><strong>si</strong></span> <span class='ocrx_word' id='word_1_521' title='bbox 910 3684 1101 3760; x_wconf 73' lang='lat' dir='ltr'><strong>predicatione</strong></span> <span class='ocrx_word' id='word_1_522' title='bbox 1118 3680 1212 3740; x_wconf 89' lang='lat' dir='ltr'><strong>divina</strong></span> <span class='ocrx_word' id='word_1_523' title='bbox 1230 3682 1362 3754; x_wconf 71' lang='lat' dir='ltr'><strong>(datach.</strong></span> <span class='ocrx_word' id='word_1_524' title='bbox 1377 3682 1443 3755; x_wconf 73' lang='grc' dir='ltr'><strong>ιν).</strong></span> <span class='ocrx_word' id='word_1_525' title='bbox 1460 3685 1495 3740; x_wconf 81' lang='lat' dir='ltr'><strong>nt</strong></span> <span class='ocrx_word' id='word_1_526' title='bbox 1509 3697 1571 3742; x_wconf 86' lang='lat' dir='ltr'><strong>eece</strong></span> <span class='ocrx_word' id='word_1_527' title='bbox 1592 3685 1710 3741; x_wconf 83' lang='lat' dir='ltr'><strong>mittam</strong></span> 
     </span>
     <span class='ocr_line' id='line_1_40' title="bbox 744 3785 1027 3853; baseline -0.004 -5"><span class='ocrx_word' id='word_1_528' title='bbox 744 3785 842 3849; x_wconf 84' lang='lat' dir='ltr'><strong>Variae</strong></span> <span class='ocrx_word' id='word_1_529' title='bbox 870 3789 1027 3853; x_wconf 88' lang='lat' dir='ltr'><strong>lectiones.</strong></span> 
     </span>
    </p>
   </div>
   <div class='ocr_carea' id='block_1_3' title="bbox 58 3857 1709 4445">
    <p class='ocr_par' dir='ltr' id='par_1_3' title="bbox 58 3857 1709 4009">
     <span class='ocr_line' id='line_1_41' title="bbox 95 3857 1709 3993; baseline 0 -75"><span class='ocrx_word' id='word_1_530' title='bbox 95 3864 122 3905; x_wconf 81' lang='lat'><strong>⁹⁵</strong></span> <span class='ocrx_word' id='word_1_531' title='bbox 132 3863 386 3993; x_wconf 47' lang='grc' dir='ltr'><strong>ρδὲςηαρἰΡαηι.</strong></span> <span class='ocrx_word' id='word_1_532' title='bbox 407 3864 495 3922; x_wconf 79' lang='lat' dir='ltr'><strong>Rieu.</strong></span> <span class='ocrx_word' id='word_1_533' title='bbox 520 3862 546 3902; x_wconf 78' lang='lat'><strong>⁹⁶</strong></span> <span class='ocrx_word' id='word_1_534' title='bbox 568 3862 677 3922; x_wconf 87' lang='lat' dir='ltr'><strong>Diaboli</strong></span> <span class='ocrx_word' id='word_1_535' title='bbox 691 3866 786 3923; x_wconf 85' lang='lat' dir='ltr'><strong>amitt.</strong></span> <span class='ocrx_word' id='word_1_536' title='bbox 812 3867 873 3940; x_wconf 74' lang='lat' dir='ltr'><strong>uie.</strong></span> <span class='ocrx_word' id='word_1_537' title='bbox 903 3868 966 3925; x_wconf 83' lang='lat' dir='ltr'><strong>Vett.</strong></span> <span class='ocrx_word' id='word_1_538' title='bbox 980 3864 1005 3904; x_wconf 72' lang='lat'><strong>⁹²</strong></span> <span class='ocrx_word' id='word_1_539' title='bbox 1020 3862 1065 3922; x_wconf 90' lang='lat' dir='ltr'><strong>Sic</strong></span> <span class='ocrx_word' id='word_1_540' title='bbox 1078 3862 1173 3921; x_wconf 84' lang='lat' dir='ltr'><strong>omitt.</strong></span> <span class='ocrx_word' id='word_1_541' title='bbox 1193 3861 1254 3932; x_wconf 76' lang='lat' dir='ltr'><strong>tlte.</strong></span> <span class='ocrx_word' id='word_1_542' title='bbox 1284 3857 1709 3931; x_wconf 55' lang='lat' dir='ltr'><strong>totumquetotumque</strong></span> 
     </span>
     <span class='ocr_line' id='line_1_42' title="bbox 58 3945 311 4009; baseline -0.004 -17"><span class='ocrx_word' id='word_1_543' title='bbox 58 3945 158 3992; x_wconf 77' lang='lat' dir='ltr'><strong>uuuuo</strong></span> <span class='ocrx_word' id='word_1_544' title='bbox 195 3951 232 4009; x_wconf 77' lang='lat' dir='ltr'><strong>tq.</strong></span> <span class='ocrx_word' id='word_1_545' title='bbox 265 3950 311 3992; x_wconf 83' lang='lat' dir='ltr'><strong>ert.</strong></span> 
     </span>
    </p>

    <p class='ocr_par' dir='ltr' id='par_1_4' title="bbox 759 4005 1378 4074">
     <span class='ocr_line' id='line_1_43' title="bbox 759 4005 1378 4074; baseline -0.005 -4"><span class='ocrx_word' id='word_1_546' title='bbox 759 4005 1010 4074; x_wconf 85' lang='lat' dir='ltr'><strong>Commentarius.</strong></span> <span class='ocrx_word' id='word_1_547' title='bbox 1376 4050 1378 4054; x_wconf 58' lang='grc'><em>»</em></span> 
     </span>
    </p>

    <p class='ocr_par' dir='ltr' id='par_1_5' title="bbox 59 4079 1708 4445">
     <span class='ocr_line' id='line_1_44' title="bbox 95 4079 1707 4158; baseline -0.001 -17"><span class='ocrx_word' id='word_1_548' title='bbox 95 4088 150 4158; x_wconf 73' lang='grc'>(33)</span> <span class='ocrx_word' id='word_1_549' title='bbox 167 4087 280 4143; x_wconf 78' lang='lat' dir='ltr'><strong>Pariter</strong></span> <span class='ocrx_word' id='word_1_550' title='bbox 293 4102 402 4158; x_wconf 80' lang='lat' dir='ltr'><strong>magus.</strong></span> <span class='ocrx_word' id='word_1_551' title='bbox 418 4086 479 4142; x_wconf 92' lang='lat' dir='ltr'><strong>Uno</strong></span> <span class='ocrx_word' id='word_1_552' title='bbox 502 4085 585 4142; x_wconf 89' lang='lat' dir='ltr'><strong>verbo</strong></span> <span class='ocrx_word' id='word_1_553' title='bbox 600 4084 667 4140; x_wconf 86' lang='lat' dir='ltr'><strong>dixit</strong></span> <span class='ocrx_word' id='word_1_554' title='bbox 687 4085 760 4156; x_wconf 91' lang='lat' dir='ltr'><strong>quod</strong></span> <span class='ocrx_word' id='word_1_555' title='bbox 773 4086 857 4143; x_wconf 90' lang='lat' dir='ltr'><strong>latins</strong></span> <span class='ocrx_word' id='word_1_556' title='bbox 946 4086 1008 4143; x_wconf 77' lang='lat' dir='ltr'><strong>utri</strong></span> <span class='ocrx_word' id='word_1_557' title='bbox 1020 4083 1125 4141; x_wconf 80' lang='lat' dir='ltr'><strong>Helena</strong></span> <span class='ocrx_word' id='word_1_558' title='bbox 1139 4083 1246 4140; x_wconf 81' lang='lat' dir='ltr'><strong>micus.</strong></span> <span class='ocrx_word' id='word_1_559' title='bbox 1262 4079 1391 4150; x_wconf 89' lang='lat' dir='ltr'><strong>Quamvis</strong></span> <span class='ocrx_word' id='word_1_560' title='bbox 1406 4079 1580 4147; x_wconf 88' lang='lat' dir='ltr'><strong>fornicarius,</strong></span> <span class='ocrx_word' id='word_1_561' title='bbox 1594 4097 1649 4139; x_wconf 91' lang='lat' dir='ltr'><strong>non</strong></span> <span class='ocrx_word' id='word_1_562' title='bbox 1667 4090 1707 4140; x_wconf 91' lang='lat' dir='ltr'><strong>ta·</strong></span> 
     </span>
     <span class='ocr_line' id='line_1_45' title="bbox 59 4150 1708 4228; baseline -0.004 -15"><span class='ocrx_word' id='word_1_563' title='bbox 59 4158 181 4214; x_wconf 83' lang='lat' dir='ltr'><strong>lrenaeus</strong></span> <span class='ocrx_word' id='word_1_564' title='bbox 202 4157 237 4213; x_wconf 89' lang='lat' dir='ltr'><strong>de</strong></span> <span class='ocrx_word' id='word_1_565' title='bbox 260 4157 420 4226; x_wconf 86' lang='lat' dir='ltr'><strong>Carpocrete</strong></span> <span class='ocrx_word' id='word_1_566' title='bbox 442 4167 471 4214; x_wconf 91' lang='lat' dir='ltr'><strong>et</strong></span> <span class='ocrx_word' id='word_1_567' title='bbox 491 4157 550 4212; x_wconf 86' lang='lat' dir='ltr'><strong>e&#39;us</strong></span> <span class='ocrx_word' id='word_1_568' title='bbox 567 4155 719 4226; x_wconf 89' lang='lat' dir='ltr'><strong>discipulis,</strong></span> <span class='ocrx_word' id='word_1_569' title='bbox 743 4172 775 4214; x_wconf 86' lang='lat' dir='ltr'><strong>aa</strong></span> <span class='ocrx_word' id='word_1_570' title='bbox 795 4165 856 4228; x_wconf 92' lang='lat' dir='ltr'><strong>post</strong></span> <span class='ocrx_word' id='word_1_571' title='bbox 910 4172 972 4213; x_wconf 89' lang='lat' dir='ltr'><strong>meu</strong></span> <span class='ocrx_word' id='word_1_572' title='bbox 994 4152 1109 4226; x_wconf 81' lang='lat' dir='ltr'><strong>aequavit</strong></span> <span class='ocrx_word' id='word_1_573' title='bbox 1130 4153 1270 4210; x_wconf 85' lang='lat' dir='ltr'><strong>Helenam·</strong></span> <span class='ocrx_word' id='word_1_574' title='bbox 1287 4167 1349 4224; x_wconf 84' lang='lat' dir='ltr'><strong>qnae</strong></span> <span class='ocrx_word' id='word_1_575' title='bbox 1368 4150 1466 4206; x_wconf 86' lang='lat' dir='ltr'><strong>excidii</strong></span> <span class='ocrx_word' id='word_1_576' title='bbox 1490 4151 1603 4220; x_wconf 83' lang='lat' dir='ltr'><strong>&#39;trojani</strong></span> <span class='ocrx_word' id='word_1_577' title='bbox 1627 4167 1708 4208; x_wconf 88' lang='lat' dir='ltr'><strong>cansa</strong></span> 
     </span>
     <span class='ocr_line' id='line_1_46' title="bbox 60 4175 1706 4309; baseline -0.004 -25"><span class='ocrx_word' id='word_1_578' title='bbox 60 4243 127 4309; x_wconf 78' lang='lat' dir='ltr'><strong>eum</strong></span> <span class='ocrx_word' id='word_1_579' title='bbox 147 4227 279 4284; x_wconf 81' lang='lat' dir='ltr'><strong>Eusebius</strong></span> <span class='ocrx_word' id='word_1_580' title='bbox 300 4227 370 4309; x_wconf 74' lang='lat' dir='ltr'><strong>(ilie.</strong></span> <span class='ocrx_word' id='word_1_581' title='bbox 386 4229 490 4309; x_wconf 80' lang='lat' dir='ltr'><strong>licetur.</strong></span> <span class='ocrx_word' id='word_1_582' title='bbox 505 4175 528 4282; x_wconf 86' lang='lat' dir='ltr'><strong>i.</strong></span> <span class='ocrx_word' id='word_1_583' title='bbox 543 4241 582 4309; x_wconf 74' lang='lat' dir='ltr'><strong>nv,</strong></span> <span class='ocrx_word' id='word_1_584' title='bbox 599 4242 625 4283; x_wconf 89' lang='lat' dir='ltr'><strong>c.</strong></span> <span class='ocrx_word' id='word_1_585' title='bbox 639 4227 668 4298; x_wconf 83' lang='lat'><strong>7)</strong></span> <span class='ocrx_word' id='word_1_586' title='bbox 682 4234 710 4282; x_wconf 91' lang='lat' dir='ltr'><strong>et</strong></span> <span class='ocrx_word' id='word_1_587' title='bbox 732 4226 854 4299; x_wconf 88' lang='lat' dir='ltr'><strong>Epipha-</strong></span> <span class='ocrx_word' id='word_1_588' title='bbox 909 4226 971 4293; x_wconf 92' lang='lat' dir='ltr'><strong>fnit,</strong></span> <span class='ocrx_word' id='word_1_589' title='bbox 986 4225 1021 4280; x_wconf 95' lang='lat' dir='ltr'><strong>ob</strong></span> <span class='ocrx_word' id='word_1_590' title='bbox 1048 4222 1110 4282; x_wconf 85' lang='lat' dir='ltr'><strong>vitae</strong></span> <span class='ocrx_word' id='word_1_591' title='bbox 1138 4196 1340 4294; x_wconf 80' lang='lat' dir='ltr'><strong>turpitudinem,</strong></span> <span class='ocrx_word' id='word_1_592' title='bbox 1354 4230 1381 4277; x_wconf 89' lang='lat' dir='ltr'><strong>et</strong></span> <span class='ocrx_word' id='word_1_593' title='bbox 1408 4221 1592 4276; x_wconf 88' lang='lat' dir='ltr'><strong>calamitatum</strong></span> <span class='ocrx_word' id='word_1_594' title='bbox 1620 4222 1706 4292; x_wconf 92' lang='lat' dir='ltr'><strong>pluri·</strong></span> 
     </span>
     <span class='ocr_line' id='line_1_47' title="bbox 59 4262 1234 4372; baseline -0.005 -18"><span class='ocrx_word' id='word_1_595' title='bbox 59 4312 125 4354; x_wconf 86' lang='lat' dir='ltr'><strong>mus</strong></span> <span class='ocrx_word' id='word_1_596' title='bbox 141 4314 149 4354; x_wconf 78' lang='lat' dir='ltr'><strong>r</strong></span> <span class='ocrx_word' id='word_1_597' title='bbox 166 4298 272 4356; x_wconf 75' lang='lat' dir='ltr'><strong>«Artes</strong></span> <span class='ocrx_word' id='word_1_598' title='bbox 291 4315 375 4365; x_wconf 84' lang='lat' dir='ltr'><strong>enam,</strong></span> <span class='ocrx_word' id='word_1_599' title='bbox 391 4299 484 4372; x_wconf 82' lang='lat' dir='ltr'><strong>iuquit,</strong></span> <span class='ocrx_word' id='word_1_600' title='bbox 500 4313 620 4369; x_wconf 82' lang='lat' dir='ltr'><strong>magicas</strong></span> <span class='ocrx_word' id='word_1_601' title='bbox 643 4305 790 4369; x_wconf 90' lang='lat' dir='ltr'><strong>operantur</strong></span> <span class='ocrx_word' id='word_1_602' title='bbox 802 4297 856 4369; x_wconf 91' lang='lat' dir='ltr'><strong>ipsi</strong></span> <span class='ocrx_word' id='word_1_603' title='bbox 871 4262 894 4340; x_wconf 79' lang='lat' dir='ltr'><strong>[i</strong></span> <span class='ocrx_word' id='word_1_604' title='bbox 908 4313 1014 4354; x_wconf 90' lang='lat' dir='ltr'><strong>marum</strong></span> <span class='ocrx_word' id='word_1_605' title='bbox 1028 4293 1116 4349; x_wconf 87' lang='lat' dir='ltr'><strong>funus.</strong></span> <span class='ocrx_word' id='word_1_606' title='bbox 1133 4293 1171 4348; x_wconf 82' lang='lat' dir='ltr'><strong>Lu</strong></span> <span class='ocrx_word' id='word_1_607' title='bbox 1185 4295 1234 4349; x_wconf 87' lang='lat' dir='ltr'><strong>Pu.</strong></span> 
     </span>
     <span class='ocr_line' id='line_1_48' title="bbox 60 4361 1706 4445; baseline -0.004 -19"><span class='ocrx_word' id='word_1_608' title='bbox 60 4378 88 4426; x_wconf 88' lang='lat' dir='ltr'><strong>et</strong></span> <span class='ocrx_word' id='word_1_609' title='bbox 117 4369 323 4437; x_wconf 87' lang='lat' dir='ltr'><strong>incantationes,</strong></span> <span class='ocrx_word' id='word_1_610' title='bbox 341 4368 441 4440; x_wconf 90' lang='lat' dir='ltr'><strong>philtra</strong></span> <span class='ocrx_word' id='word_1_611' title='bbox 468 4385 579 4441; x_wconf 92' lang='lat' dir='ltr'><strong>quoque</strong></span> <span class='ocrx_word' id='word_1_612' title='bbox 606 4369 746 4442; x_wconf 65' lang='lat' dir='ltr'><strong>gcpcrtntnt</strong></span> <span class='ocrx_word' id='word_1_613' title='bbox 765 4367 859 4442; x_wconf 77' lang='lat' dir='ltr'><strong>[idest</strong></span> <span class='ocrx_word' id='word_1_614' title='bbox 945 4367 1003 4440; x_wconf 83' lang='lat' dir='ltr'><strong>(at)</strong></span> <span class='ocrx_word' id='word_1_615' title='bbox 1015 4365 1074 4423; x_wconf 84' lang='lat' dir='ltr'><strong>Nisi</strong></span> <span class='ocrx_word' id='word_1_616' title='bbox 1082 4364 1190 4420; x_wconf 82' lang='lat' dir='ltr'><strong>modico</strong></span> <span class='ocrx_word' id='word_1_617' title='bbox 1198 4379 1305 4445; x_wconf 72' lang='lat' dir='ltr'><strong>qaoque</strong></span> <span class='ocrx_word' id='word_1_618' title='bbox 1315 4361 1417 4418; x_wconf 83' lang='lat' dir='ltr'><strong>delicto</strong></span> <span class='ocrx_word' id='word_1_619' title='bbox 1429 4377 1510 4417; x_wconf 87' lang='lat' dir='ltr'><strong>mora</strong></span> <span class='ocrx_word' id='word_1_620' title='bbox 1520 4364 1706 4420; x_wconf 84' lang='lat' dir='ltr'><strong>rerurrectio-</strong></span> 
     </span>
    </p>
   </div>
   <div class='ocr_carea' id='block_1_4' title="bbox 61 4432 1706 4583">
    <p class='ocr_par' dir='ltr' id='par_1_6' title="bbox 61 4432 1706 4583">
     <span class='ocr_line' id='line_1_49' title="bbox 61 4432 1706 4583; baseline -0.006 -87"><span class='ocrx_word' id='word_1_621' title='bbox 61 4441 208 4506; x_wconf 82' lang='lat' dir='ltr'><strong>amatoria,</strong></span> <span class='ocrx_word' id='word_1_622' title='bbox 229 4448 258 4496; x_wconf 91' lang='lat' dir='ltr'><strong>nt</strong></span> <span class='ocrx_word' id='word_1_623' title='bbox 274 4439 433 4511; x_wconf 87' lang='lat' dir='ltr'><strong>interpretes</strong></span> <span class='ocrx_word' id='word_1_624' title='bbox 449 4440 560 4497; x_wconf 89' lang='lat' dir='ltr'><strong>Eusebii</strong></span> <span class='ocrx_word' id='word_1_625' title='bbox 583 4439 709 4583; x_wconf 49' lang='lat' dir='ltr'><strong>vertnnq,</strong></span> <span class='ocrx_word' id='word_1_626' title='bbox 733 4446 760 4495; x_wconf 92' lang='lat' dir='ltr'><strong>et</strong></span> <span class='ocrx_word' id='word_1_627' title='bbox 778 4455 856 4510; x_wconf 90' lang='lat' dir='ltr'><strong>pare·</strong></span> <span class='ocrx_word' id='word_1_628' title='bbox 909 4443 954 4497; x_wconf 84' lang='lat' dir='ltr'><strong>rtis</strong></span> <span class='ocrx_word' id='word_1_629' title='bbox 969 4451 1102 4509; x_wconf 81' lang='lat' dir='ltr'><strong>expenso.</strong></span> <span class='ocrx_word' id='word_1_630' title='bbox 1118 4434 1149 4491; x_wconf 92' lang='lat' dir='ltr'><strong>ld</strong></span> <span class='ocrx_word' id='word_1_631' title='bbox 1168 4443 1221 4500; x_wconf 87' lang='lat' dir='ltr'><strong>est,</strong></span> <span class='ocrx_word' id='word_1_632' title='bbox 1236 4432 1341 4488; x_wconf 81' lang='lat' dir='ltr'><strong>interim</strong></span> <span class='ocrx_word' id='word_1_633' title='bbox 1354 4432 1396 4490; x_wconf 91' lang='lat' dir='ltr'><strong>vel</strong></span> <span class='ocrx_word' id='word_1_634' title='bbox 1415 4439 1556 4503; x_wconf 89' lang='lat' dir='ltr'><strong>antequam</strong></span> <span class='ocrx_word' id='word_1_635' title='bbox 1576 4449 1706 4504; x_wconf 87' lang='lat' dir='ltr'><strong>resurga-</strong></span> 
     </span>
    </p>
   </div>
   <div class='ocr_carea' id='block_1_5' title="bbox 60 4502 1709 5634">
    <p class='ocr_par' dir='ltr' id='par_1_7' title="bbox 60 4502 1709 5634">
     <span class='ocr_line' id='line_1_50' title="bbox 60 4502 1707 4584; baseline -0.005 -17"><span class='ocrx_word' id='word_1_636' title='bbox 60 4511 127 4568; x_wconf 88' lang='lat' dir='ltr'><strong>dros</strong></span> <span class='ocrx_word' id='word_1_637' title='bbox 151 4508 219 4583; x_wconf 87' lang='lat' dir='ltr'><strong>[sive</strong></span> <span class='ocrx_word' id='word_1_638' title='bbox 240 4510 413 4584; x_wconf 87' lang='lat' dir='ltr'><strong>assessoresl,</strong></span> <span class='ocrx_word' id='word_1_639' title='bbox 429 4519 456 4566; x_wconf 89' lang='lat' dir='ltr'><strong>et</strong></span> <span class='ocrx_word' id='word_1_640' title='bbox 478 4511 673 4583; x_wconf 88' lang='lat' dir='ltr'><strong>oniropompos</strong></span> <span class='ocrx_word' id='word_1_641' title='bbox 706 4508 763 4569; x_wconf 90' lang='lat' dir='ltr'><strong>sive</strong></span> <span class='ocrx_word' id='word_1_642' title='bbox 781 4527 855 4568; x_wconf 88' lang='lat' dir='ltr'><strong>som·</strong></span> <span class='ocrx_word' id='word_1_643' title='bbox 910 4526 980 4576; x_wconf 92' lang='lat' dir='ltr'><strong>mus,</strong></span> <span class='ocrx_word' id='word_1_644' title='bbox 995 4523 1051 4565; x_wconf 92' lang='lat' dir='ltr'><strong>non</strong></span> <span class='ocrx_word' id='word_1_645' title='bbox 1071 4506 1145 4578; x_wconf 91' lang='lat' dir='ltr'><strong>quod</strong></span> <span class='ocrx_word' id='word_1_646' title='bbox 1171 4504 1229 4575; x_wconf 91' lang='lat' dir='ltr'><strong>ipsa</strong></span> <span class='ocrx_word' id='word_1_647' title='bbox 1250 4502 1341 4558; x_wconf 88' lang='lat' dir='ltr'><strong>dilatio</strong></span> <span class='ocrx_word' id='word_1_648' title='bbox 1365 4502 1570 4558; x_wconf 84' lang='lat' dir='ltr'><strong>resurrectionis</strong></span> <span class='ocrx_word' id='word_1_649' title='bbox 1593 4502 1654 4559; x_wconf 92' lang='lat' dir='ltr'><strong>sola</strong></span> <span class='ocrx_word' id='word_1_650' title='bbox 1672 4504 1707 4559; x_wconf 88' lang='lat' dir='ltr'><strong>sit</strong></span> 
     </span>
     <span class='ocr_line' id='line_1_51' title="bbox 60 4572 1708 4665; baseline -0.004 -28"><span class='ocrx_word' id='word_1_651' title='bbox 60 4583 107 4638; x_wconf 88' lang='lat' dir='ltr'><strong>nia</strong></span> <span class='ocrx_word' id='word_1_652' title='bbox 120 4580 279 4665; x_wconf 88' lang='lat' dir='ltr'><strong>mittentes],</strong></span> <span class='ocrx_word' id='word_1_653' title='bbox 295 4590 323 4638; x_wconf 91' lang='lat' dir='ltr'><strong>et</strong></span> <span class='ocrx_word' id='word_1_654' title='bbox 335 4582 452 4653; x_wconf 86' lang='lat' dir='ltr'><strong>reliquas</strong></span> <span class='ocrx_word' id='word_1_655' title='bbox 465 4581 684 4654; x_wconf 87' lang='lat' dir='ltr'><strong>malignatiooes,</strong></span> <span class='ocrx_word' id='word_1_656' title='bbox 699 4597 760 4647; x_wconf 86' lang='lat' dir='ltr'><strong>seu,</strong></span> <span class='ocrx_word' id='word_1_657' title='bbox 776 4581 857 4638; x_wconf 87' lang='lat' dir='ltr'><strong>sicuti</strong></span> <span class='ocrx_word' id='word_1_658' title='bbox 909 4579 1037 4655; x_wconf 79' lang='lat' dir='ltr'><strong>expiatio,</strong></span> <span class='ocrx_word' id='word_1_659' title='bbox 1053 4590 1079 4634; x_wconf 89' lang='lat' dir='ltr'><strong>et</strong></span> <span class='ocrx_word' id='word_1_660' title='bbox 1098 4577 1220 4647; x_wconf 87' lang='lat' dir='ltr'><strong>purgatio</strong></span> <span class='ocrx_word' id='word_1_661' title='bbox 1238 4574 1385 4654; x_wconf 36' lang='lat' dir='ltr'><strong>venialium·</strong></span> <span class='ocrx_word' id='word_1_662' title='bbox 1395 4572 1534 4654; x_wconf 82' lang='lat' dir='ltr'><strong>culparum</strong></span> <span class='ocrx_word' id='word_1_663' title='bbox 1545 4589 1552 4642; x_wconf 90' lang='lat'>;</span> <span class='ocrx_word' id='word_1_664' title='bbox 1567 4574 1616 4629; x_wconf 90' lang='lat' dir='ltr'><strong>sed</strong></span> <span class='ocrx_word' id='word_1_665' title='bbox 1631 4575 1708 4645; x_wconf 90' lang='lat' dir='ltr'><strong>quod</strong></span> 
     </span>
     <span class='ocr_line' id='line_1_52' title="bbox 61 4644 1706 4779; baseline -0.005 -70"><span class='ocrx_word' id='word_1_666' title='bbox 61 4653 197 4724; x_wconf 86' lang='lat' dir='ltr'><strong>interpres</strong></span> <span class='ocrx_word' id='word_1_667' title='bbox 218 4652 372 4779; x_wconf 43' lang='lat' dir='ltr'><strong>Epaphami,</strong></span> <span class='ocrx_word' id='word_1_668' title='bbox 389 4653 577 4725; x_wconf 76' lang='lat' dir='ltr'><strong>praestigias.»</strong></span> <span class='ocrx_word' id='word_1_669' title='bbox 599 4655 712 4711; x_wconf 83' lang='lat' dir='ltr'><strong>Pariter</strong></span> <span class='ocrx_word' id='word_1_670' title='bbox 729 4655 856 4724; x_wconf 74' lang='lat' dir='ltr'><strong>fornica·</strong></span> <span class='ocrx_word' id='word_1_671' title='bbox 910 4653 938 4708; x_wconf 93' lang='lat' dir='ltr'><strong>in</strong></span> <span class='ocrx_word' id='word_1_672' title='bbox 966 4648 1136 4722; x_wconf 88' lang='lat' dir='ltr'><strong>purgatorio,</strong></span> <span class='ocrx_word' id='word_1_673' title='bbox 1152 4661 1298 4722; x_wconf 84' lang='lat' dir='ltr'><strong>purgemur</strong></span> <span class='ocrx_word' id='word_1_674' title='bbox 1321 4659 1403 4700; x_wconf 90' lang='lat' dir='ltr'><strong>varus</strong></span> <span class='ocrx_word' id='word_1_675' title='bbox 1421 4658 1519 4769; x_wconf 53' lang='lat' dir='ltr'><strong>eoents</strong></span> <span class='ocrx_word' id='word_1_676' title='bbox 1544 4651 1606 4726; x_wconf 81' lang='lat' dir='ltr'><strong>post</strong></span> <span class='ocrx_word' id='word_1_677' title='bbox 1635 4644 1706 4700; x_wconf 90' lang='lat' dir='ltr'><strong>banc</strong></span> 
     </span>
     <span class='ocr_line' id='line_1_53' title="bbox 63 4723 1706 4796; baseline -0.007 -16"><span class='ocrx_word' id='word_1_678' title='bbox 63 4726 133 4782; x_wconf 80' lang='lat' dir='ltr'><strong>rias.</strong></span> <span class='ocrx_word' id='word_1_679' title='bbox 158 4725 216 4780; x_wconf 89' lang='lat' dir='ltr'><strong>lloc</strong></span> <span class='ocrx_word' id='word_1_680' title='bbox 239 4740 255 4780; x_wconf 93' lang='lat' dir='ltr'><strong>a</strong></span> <span class='ocrx_word' id='word_1_681' title='bbox 278 4724 315 4779; x_wconf 90' lang='lat' dir='ltr'><strong>dit</strong></span> <span class='ocrx_word' id='word_1_682' title='bbox 337 4724 449 4790; x_wconf 76' lang='lat' dir='ltr'><strong>Auctor,</strong></span> <span class='ocrx_word' id='word_1_683' title='bbox 463 4724 602 4795; x_wconf 89' lang='lat' dir='ltr'><strong>qnoniam,</strong></span> <span class='ocrx_word' id='word_1_684' title='bbox 616 4726 691 4795; x_wconf 82' lang='lat' dir='ltr'><strong>juxta</strong></span> <span class='ocrx_word' id='word_1_685' title='bbox 714 4724 856 4792; x_wconf 82' lang='lat' dir='ltr'><strong>Irenaenm,</strong></span> <span class='ocrx_word' id='word_1_686' title='bbox 909 4724 1034 4781; x_wconf 89' lang='lat' dir='ltr'><strong>vitamet</strong></span> <span class='ocrx_word' id='word_1_687' title='bbox 1051 4728 1195 4790; x_wconf 89' lang='lat' dir='ltr'><strong>antequam</strong></span> <span class='ocrx_word' id='word_1_688' title='bbox 1219 4730 1405 4795; x_wconf 79' lang='lat' dir='ltr'><strong>resurgamus.</strong></span> <span class='ocrx_word' id='word_1_689' title='bbox 1443 4723 1555 4769; x_wconf 86' lang='lat' dir='ltr'><strong>aeterum</strong></span> <span class='ocrx_word' id='word_1_690' title='bbox 1570 4723 1706 4796; x_wconf 85' lang='lat' dir='ltr'><strong>interpre-</strong></span> 
     </span>
     <span class='ocr_line' id='line_1_54' title="bbox 63 4783 1706 4868; baseline -0.007 -16"><span class='ocrx_word' id='word_1_691' title='bbox 63 4793 306 4866; x_wconf 70' lang='lat' dir='ltr'><strong>tutelamque</strong></span> <span class='ocrx_word' id='word_1_692' title='bbox 332 4796 444 4852; x_wconf 82' lang='lat' dir='ltr'><strong>Romam</strong></span> <span class='ocrx_word' id='word_1_693' title='bbox 471 4797 523 4851; x_wconf 89' lang='lat' dir='ltr'><strong>sub</strong></span> <span class='ocrx_word' id='word_1_694' title='bbox 550 4796 663 4852; x_wconf 80' lang='lat' dir='ltr'><strong>Anicetn</strong></span> <span class='ocrx_word' id='word_1_695' title='bbox 689 4795 772 4866; x_wconf 89' lang='lat' dir='ltr'><strong>venit,</strong></span> <span class='ocrx_word' id='word_1_696' title='bbox 796 4810 857 4851; x_wconf 90' lang='lat' dir='ltr'><strong>cum</strong></span> <span class='ocrx_word' id='word_1_697' title='bbox 911 4795 1041 4850; x_wconf 89' lang='lat' dir='ltr'><strong>tationem</strong></span> <span class='ocrx_word' id='word_1_698' title='bbox 1056 4792 1133 4846; x_wconf 89' lang='lat' dir='ltr'><strong>istam</strong></span> <span class='ocrx_word' id='word_1_699' title='bbox 1146 4788 1361 4867; x_wconf 74' lang='lat' dir='ltr'><strong>Tertulliaruoam</strong></span> <span class='ocrx_word' id='word_1_700' title='bbox 1380 4783 1469 4866; x_wconf 79' lang='lat' dir='ltr'><strong>facere</strong></span> <span class='ocrx_word' id='word_1_701' title='bbox 1484 4800 1533 4866; x_wconf 89' lang='lat' dir='ltr'><strong>pro</strong></span> <span class='ocrx_word' id='word_1_702' title='bbox 1549 4794 1706 4868; x_wconf 79' lang='lat' dir='ltr'><strong>purgatione</strong></span> 
     </span>
     <span class='ocr_line' id='line_1_55' title="bbox 62 4855 1707 4936; baseline -0.009 -12"><span class='ocrx_word' id='word_1_703' title='bbox 62 4874 133 4924; x_wconf 81' lang='lat' dir='ltr'><strong>esset</strong></span> <span class='ocrx_word' id='word_1_704' title='bbox 165 4865 248 4934; x_wconf 82' lang='lat' dir='ltr'><strong>hujus</strong></span> <span class='ocrx_word' id='word_1_705' title='bbox 275 4865 413 4936; x_wconf 82' lang='lat' dir='ltr'><strong>doctriuae,</strong></span> <span class='ocrx_word' id='word_1_706' title='bbox 438 4864 539 4923; x_wconf 93' lang='lat' dir='ltr'><strong>multos</strong></span> <span class='ocrx_word' id='word_1_707' title='bbox 557 4865 753 4923; x_wconf 88' lang='lat' dir='ltr'><strong>exterminavit.</strong></span> <span class='ocrx_word' id='word_1_708' title='bbox 779 4864 857 4936; x_wconf 89' lang='lat' dir='ltr'><strong>Quod</strong></span> <span class='ocrx_word' id='word_1_709' title='bbox 910 4865 1059 4921; x_wconf 89' lang='lat' dir='ltr'><strong>animarum</strong></span> <span class='ocrx_word' id='word_1_710' title='bbox 1082 4860 1234 4932; x_wconf 90' lang='lat' dir='ltr'><strong>posthanc</strong></span> <span class='ocrx_word' id='word_1_711' title='bbox 1257 4865 1339 4913; x_wconf 79' lang='lat' dir='ltr'><strong>vitam</strong></span> <span class='ocrx_word' id='word_1_712' title='bbox 1362 4855 1508 4912; x_wconf 87' lang='lat' dir='ltr'><strong>amodvcrs</strong></span> <span class='ocrx_word' id='word_1_713' title='bbox 1530 4856 1707 4928; x_wconf 84' lang='lat' dir='ltr'><strong>quibuscum·</strong></span> 
     </span>
     <span class='ocr_line' id='line_1_56' title="bbox 62 4926 1708 5013; baseline -0.004 -24"><span class='ocrx_word' id='word_1_714' title='bbox 62 4933 150 5007; x_wconf 83' lang='lat' dir='ltr'><strong>ipsum</strong></span> <span class='ocrx_word' id='word_1_715' title='bbox 174 4933 272 5008; x_wconf 86' lang='lat' dir='ltr'><strong>repetit</strong></span> <span class='ocrx_word' id='word_1_716' title='bbox 290 4936 469 5008; x_wconf 79' lang='lat' dir='ltr'><strong>Epiphanius,</strong></span> <span class='ocrx_word' id='word_1_717' title='bbox 483 4938 588 4994; x_wconf 88' lang='lat' dir='ltr'><strong>addens</strong></span> <span class='ocrx_word' id='word_1_718' title='bbox 611 4952 658 4995; x_wconf 91' lang='lat' dir='ltr'><strong>eos</strong></span> <span class='ocrx_word' id='word_1_719' title='bbox 671 4936 699 4992; x_wconf 93' lang='lat' dir='ltr'><strong>in</strong></span> <span class='ocrx_word' id='word_1_720' title='bbox 722 4936 787 4994; x_wconf 90' lang='lat' dir='ltr'><strong>luxu</strong></span> <span class='ocrx_word' id='word_1_721' title='bbox 809 4937 857 4994; x_wconf 91' lang='lat' dir='ltr'><strong>de-</strong></span> <span class='ocrx_word' id='word_1_722' title='bbox 929 4951 964 4991; x_wconf 90' lang='lat' dir='ltr'><strong>ue</strong></span> <span class='ocrx_word' id='word_1_723' title='bbox 984 4931 1109 5000; x_wconf 91' lang='lat' dir='ltr'><strong>delictis,</strong></span> <span class='ocrx_word' id='word_1_724' title='bbox 1124 4937 1206 5013; x_wconf 84' lang='lat' dir='ltr'><strong>atqua</strong></span> <span class='ocrx_word' id='word_1_725' title='bbox 1226 4929 1289 5012; x_wconf 77' lang='lat' dir='ltr'><strong>ideo</strong></span> <span class='ocrx_word' id='word_1_726' title='bbox 1309 4943 1359 4998; x_wconf 93' lang='lat' dir='ltr'><strong>pro</strong></span> <span class='ocrx_word' id='word_1_727' title='bbox 1380 4927 1555 5010; x_wconf 64' lang='lat' dir='ltr'><strong>pnrgstorio,</strong></span> <span class='ocrx_word' id='word_1_728' title='bbox 1571 4926 1708 5009; x_wconf 74' lang='lat' dir='ltr'><strong>adnotavit</strong></span> 
     </span>
     <span class='ocr_line' id='line_1_57' title="bbox 124 4954 1705 5081; baseline -0.005 -17"><span class='ocrx_word' id='word_1_729' title='bbox 124 5015 179 5080; x_wconf 85' lang='lat' dir='ltr'><strong>,et</strong></span> <span class='ocrx_word' id='word_1_730' title='bbox 192 5006 283 5062; x_wconf 88' lang='lat' dir='ltr'><strong>omnia</strong></span> <span class='ocrx_word' id='word_1_731' title='bbox 305 5008 338 5062; x_wconf 90' lang='lat' dir='ltr'><strong>ad</strong></span> <span class='ocrx_word' id='word_1_732' title='bbox 357 5008 479 5078; x_wconf 87' lang='lat' dir='ltr'><strong>corporis</strong></span> <span class='ocrx_word' id='word_1_733' title='bbox 500 5009 667 5081; x_wconf 88' lang='lat' dir='ltr'><strong>voluptatem</strong></span> <span class='ocrx_word' id='word_1_734' title='bbox 684 5007 791 5076; x_wconf 89' lang='lat' dir='ltr'><strong>operari</strong></span> <span class='ocrx_word' id='word_1_735' title='bbox 812 5023 858 5064; x_wconf 89' lang='lat' dir='ltr'><strong>so·</strong></span> <span class='ocrx_word' id='word_1_736' title='bbox 909 4954 1054 5075; x_wconf 66' lang='lat' dir='ltr'><strong>iamelius,</strong></span> <span class='ocrx_word' id='word_1_737' title='bbox 1079 5003 1214 5073; x_wconf 77' lang='lat' dir='ltr'><strong>adiunctis</strong></span> <span class='ocrx_word' id='word_1_738' title='bbox 1241 5001 1302 5056; x_wconf 90' lang='lat' dir='ltr'><strong>alus</strong></span> <span class='ocrx_word' id='word_1_739' title='bbox 1328 5006 1487 5057; x_wconf 82' lang='lat' dir='ltr'><strong>testimoniis</strong></span> <span class='ocrx_word' id='word_1_740' title='bbox 1515 4997 1544 5054; x_wconf 90' lang='lat' dir='ltr'><strong>S.</strong></span> <span class='ocrx_word' id='word_1_741' title='bbox 1568 4998 1705 5071; x_wconf 82' lang='lat' dir='ltr'><strong>Cypriam.</strong></span> 
     </span>
     <span class='ocr_line' id='line_1_58' title="bbox 109 5076 977 5151; baseline 0.002 -21"><span class='ocrx_word' id='word_1_742' title='bbox 109 5119 126 5145; x_wconf 92' lang='lat'><strong>.,</strong></span> <span class='ocrx_word' id='word_1_743' title='bbox 156 5077 335 5151; x_wconf 88' lang='lat' dir='ltr'><strong>usqueadeo</strong></span> <span class='ocrx_word' id='word_1_744' title='bbox 361 5087 391 5134; x_wconf 91' lang='lat' dir='ltr'><strong>ut</strong></span> <span class='ocrx_word' id='word_1_745' title='bbox 416 5078 550 5136; x_wconf 82' lang='lat' dir='ltr'><strong>Eusebius</strong></span> <span class='ocrx_word' id='word_1_746' title='bbox 583 5079 660 5136; x_wconf 87' lang='lat' dir='ltr'><strong>istius</strong></span> <span class='ocrx_word' id='word_1_747' title='bbox 687 5076 858 5150; x_wconf 87' lang='lat' dir='ltr'><strong>potissimum</strong></span> <span class='ocrx_word' id='word_1_748' title='bbox 911 5080 977 5138; x_wconf 85' lang='lat' dir='ltr'><strong>Lac.</strong></span> 
     </span>
     <span class='ocr_line' id='line_1_59' title="bbox 64 5140 1708 5222; baseline -0.004 -20"><span class='ocrx_word' id='word_1_749' title='bbox 64 5148 206 5221; x_wconf 88' lang='lat' dir='ltr'><strong>discipulis</strong></span> <span class='ocrx_word' id='word_1_750' title='bbox 237 5148 375 5206; x_wconf 87' lang='lat' dir='ltr'><strong>Gnosticis</strong></span> <span class='ocrx_word' id='word_1_751' title='bbox 403 5149 517 5221; x_wconf 89' lang='lat' dir='ltr'><strong>imputet</strong></span> <span class='ocrx_word' id='word_1_752' title='bbox 547 5149 732 5219; x_wconf 84' lang='lat' dir='ltr'><strong>suspicionem</strong></span> <span class='ocrx_word' id='word_1_753' title='bbox 765 5149 856 5222; x_wconf 82' lang='lat' dir='ltr'><strong>illam,</strong></span> <span class='ocrx_word' id='word_1_754' title='bbox 947 5146 1004 5220; x_wconf 81' lang='lat'>(35)</span> <span class='ocrx_word' id='word_1_755' title='bbox 1020 5145 1073 5202; x_wconf 84' lang='lat' dir='ltr'><strong>lfoc</strong></span> <span class='ocrx_word' id='word_1_756' title='bbox 1092 5150 1133 5203; x_wconf 82' lang='lat' dir='ltr'><strong>eet</strong></span> <span class='ocrx_word' id='word_1_757' title='bbox 1148 5160 1183 5202; x_wconf 83' lang='lat' dir='ltr'><strong>ec</strong></span> <span class='ocrx_word' id='word_1_758' title='bbox 1197 5143 1279 5200; x_wconf 81' lang='lat' dir='ltr'><strong>malis</strong></span> <span class='ocrx_word' id='word_1_759' title='bbox 1297 5140 1440 5213; x_wconf 75' lang='lat' dir='ltr'><strong>fructibus</strong></span> <span class='ocrx_word' id='word_1_760' title='bbox 1458 5140 1559 5199; x_wconf 82' lang='lat' dir='ltr'><strong>bonam</strong></span> <span class='ocrx_word' id='word_1_761' title='bbox 1580 5141 1708 5200; x_wconf 87' lang='lat' dir='ltr'><strong>arborem</strong></span> 
     </span>
     <span class='ocr_line' id='line_1_60' title="bbox 62 5212 1709 5302; baseline -0.005 -26"><span class='ocrx_word' id='word_1_762' title='bbox 62 5235 144 5292; x_wconf 77' lang='lat' dir='ltr'><strong>mam</strong></span> <span class='ocrx_word' id='word_1_763' title='bbox 161 5219 196 5277; x_wconf 90' lang='lat' dir='ltr'><strong>da</strong></span> <span class='ocrx_word' id='word_1_764' title='bbox 206 5220 367 5278; x_wconf 88' lang='lat' dir='ltr'><strong>Christianis</strong></span> <span class='ocrx_word' id='word_1_765' title='bbox 381 5221 508 5278; x_wconf 89' lang='lat' dir='ltr'><strong>omnibus</strong></span> <span class='ocrx_word' id='word_1_766' title='bbox 522 5220 642 5291; x_wconf 86' lang='lat' dir='ltr'><strong>ipsorum</strong></span> <span class='ocrx_word' id='word_1_767' title='bbox 656 5232 739 5276; x_wconf 89' lang='lat' dir='ltr'><strong>causa</strong></span> <span class='ocrx_word' id='word_1_768' title='bbox 755 5235 857 5279; x_wconf 91' lang='lat' dir='ltr'><strong>conce-</strong></span> <span class='ocrx_word' id='word_1_769' title='bbox 912 5219 1051 5302; x_wconf 76' lang='lat' dir='ltr'><strong>intelligi.</strong></span> <span class='ocrx_word' id='word_1_770' title='bbox 1065 5217 1155 5274; x_wconf 88' lang='lat' dir='ltr'><strong>ironia</strong></span> <span class='ocrx_word' id='word_1_771' title='bbox 1168 5222 1218 5284; x_wconf 92' lang='lat' dir='ltr'><strong>est,</strong></span> <span class='ocrx_word' id='word_1_772' title='bbox 1233 5212 1370 5296; x_wconf 26' lang='lat' dir='ltr'><strong>qua-ridet</strong></span> <span class='ocrx_word' id='word_1_773' title='bbox 1383 5212 1630 5286; x_wconf 85' lang='lat' dir='ltr'><strong>interpretationem</strong></span> <span class='ocrx_word' id='word_1_774' title='bbox 1646 5213 1709 5294; x_wconf 81' lang='lat' dir='ltr'><strong>llar-</strong></span> 
     </span>
     <span class='ocr_line' id='line_1_61' title="bbox 64 5286 1708 5410; baseline -0.007 -62"><span class='ocrx_word' id='word_1_775' title='bbox 64 5296 163 5373; x_wconf 81' lang='lat' dir='ltr'><strong>peram</strong></span> <span class='ocrx_word' id='word_1_776' title='bbox 176 5291 285 5362; x_wconf 87' lang='lat' dir='ltr'><strong>ethuici,</strong></span> <span class='ocrx_word' id='word_1_777' title='bbox 301 5292 335 5349; x_wconf 91' lang='lat' dir='ltr'><strong>de</strong></span> <span class='ocrx_word' id='word_1_778' title='bbox 349 5292 451 5362; x_wconf 91' lang='lat' dir='ltr'><strong>stupris</strong></span> <span class='ocrx_word' id='word_1_779' title='bbox 465 5291 639 5364; x_wconf 87' lang='lat' dir='ltr'><strong>promiscuis,</strong></span> <span class='ocrx_word' id='word_1_780' title='bbox 653 5297 680 5346; x_wconf 91' lang='lat' dir='ltr'><strong>et</strong></span> <span class='ocrx_word' id='word_1_781' title='bbox 692 5291 859 5349; x_wconf 68' lang='lat' dir='ltr'><strong>exworando</strong></span> <span class='ocrx_word' id='word_1_782' title='bbox 913 5296 1046 5368; x_wconf 84' lang='lat' dir='ltr'><strong>pccratts;</strong></span> <span class='ocrx_word' id='word_1_783' title='bbox 1063 5296 1091 5344; x_wconf 91' lang='lat' dir='ltr'><strong>at</strong></span> <span class='ocrx_word' id='word_1_784' title='bbox 1113 5287 1198 5343; x_wconf 88' lang='lat' dir='ltr'><strong>etiam</strong></span> <span class='ocrx_word' id='word_1_785' title='bbox 1215 5286 1346 5361; x_wconf 80' lang='lat' dir='ltr'><strong>accipitur</strong></span> <span class='ocrx_word' id='word_1_786' title='bbox 1360 5299 1411 5342; x_wconf 85' lang='lat' dir='ltr'><strong>vox</strong></span> <span class='ocrx_word' id='word_1_787' title='bbox 1429 5300 1520 5357; x_wconf 71' lang='lat' dir='ltr'><strong>mera,</strong></span> <span class='ocrx_word' id='word_1_788' title='bbox 1534 5299 1596 5410; x_wconf 67' lang='lat' dir='ltr'><strong>qnae</strong></span> <span class='ocrx_word' id='word_1_789' title='bbox 1614 5298 1708 5352; x_wconf 88' lang='lat' dir='ltr'><strong>sequt-</strong></span> 
     </span>
     <span class='ocr_line' id='line_1_62' title="bbox 65 5357 1708 5448; baseline 0.001 -31"><span class='ocrx_word' id='word_1_790' title='bbox 65 5360 251 5448; x_wconf 70' lang='lat' dir='ltr'><strong>tnfauticidi03</strong></span> <span class='ocrx_word' id='word_1_791' title='bbox 275 5362 415 5435; x_wconf 90' lang='lat' dir='ltr'><strong>aquibus</strong></span> <span class='ocrx_word' id='word_1_792' title='bbox 440 5362 598 5419; x_wconf 90' lang='lat' dir='ltr'><strong>criminibus</strong></span> <span class='ocrx_word' id='word_1_793' title='bbox 620 5361 754 5418; x_wconf 89' lang='lat' dir='ltr'><strong>latissime</strong></span> <span class='ocrx_word' id='word_1_794' title='bbox 780 5377 862 5437; x_wconf 88' lang='lat' dir='ltr'><strong>supra</strong></span> <span class='ocrx_word' id='word_1_795' title='bbox 915 5373 971 5432; x_wconf 89' lang='lat' dir='ltr'><strong>tur,</strong></span> <span class='ocrx_word' id='word_1_796' title='bbox 986 5376 1036 5435; x_wconf 92' lang='lat' dir='ltr'><strong>pro</strong></span> <span class='ocrx_word' id='word_1_797' title='bbox 1065 5357 1262 5428; x_wconf 68' lang='lat' dir='ltr'><strong>rememorati</strong></span> <span class='ocrx_word' id='word_1_798' title='bbox 1290 5372 1371 5429; x_wconf 90' lang='lat' dir='ltr'><strong>supra</strong></span> <span class='ocrx_word' id='word_1_799' title='bbox 1388 5369 1442 5412; x_wconf 93' lang='lat' dir='ltr'><strong>non</strong></span> <span class='ocrx_word' id='word_1_800' title='bbox 1470 5370 1544 5411; x_wconf 73' lang='lat' dir='ltr'><strong>mma</strong></span> <span class='ocrx_word' id='word_1_801' title='bbox 1559 5374 1570 5436; x_wconf 62' lang='lat' dir='ltr'><strong>q</strong></span> <span class='ocrx_word' id='word_1_802' title='bbox 1582 5364 1708 5419; x_wconf 67' lang='lat' dir='ltr'><strong>lantum</strong></span> 
     </span>
     <span class='ocr_line' id='line_1_63' title="bbox 65 5427 1707 5506; baseline -0.007 -17"><span class='ocrx_word' id='word_1_803' title='bbox 65 5432 89 5489; x_wconf 88' lang='lat' dir='ltr'><strong>ia</strong></span> <span class='ocrx_word' id='word_1_804' title='bbox 102 5433 281 5506; x_wconf 68' lang='lat' dir='ltr'><strong>apotactitae</strong></span> <span class='ocrx_word' id='word_1_805' title='bbox 295 5450 357 5491; x_wconf 86' lang='lat' dir='ltr'><strong>sese</strong></span> <span class='ocrx_word' id='word_1_806' title='bbox 369 5433 490 5490; x_wconf 89' lang='lat' dir='ltr'><strong>defendit</strong></span> <span class='ocrx_word' id='word_1_807' title='bbox 503 5433 695 5490; x_wconf 74' lang='lat' dir='ltr'><strong>tertullianus.</strong></span> <span class='ocrx_word' id='word_1_808' title='bbox 711 5434 780 5489; x_wconf 80' lang='lat' dir='ltr'><strong>Part.</strong></span> <span class='ocrx_word' id='word_1_809' title='bbox 917 5437 940 5492; x_wconf 87' lang='lat' dir='ltr'><strong>si</strong></span> <span class='ocrx_word' id='word_1_810' title='bbox 951 5434 1060 5492; x_wconf 91' lang='lat' dir='ltr'><strong>timeret</strong></span> <span class='ocrx_word' id='word_1_811' title='bbox 1080 5446 1114 5490; x_wconf 88' lang='lat' dir='ltr'><strong>ne</strong></span> <span class='ocrx_word' id='word_1_812' title='bbox 1129 5440 1221 5504; x_wconf 85' lang='lat' dir='ltr'><strong>posset</strong></span> <span class='ocrx_word' id='word_1_813' title='bbox 1238 5427 1406 5503; x_wconf 85' lang='lat' dir='ltr'><strong>respondere</strong></span> <span class='ocrx_word' id='word_1_814' title='bbox 1418 5431 1586 5504; x_wconf 82' lang='lat' dir='ltr'><strong>argumentis</strong></span> <span class='ocrx_word' id='word_1_815' title='bbox 1605 5438 1707 5496; x_wconf 90' lang='lat' dir='ltr'><strong>propo-</strong></span> 
     </span>
     <span class='ocr_line' id='line_1_64' title="bbox 96 5503 1072 5577; baseline 0 -17"><span class='ocrx_word' id='word_1_816' title='bbox 96 5504 158 5576; x_wconf 72' lang='grc'>(33)</span> <span class='ocrx_word' id='word_1_817' title='bbox 173 5505 286 5563; x_wconf 84' lang='lat' dir='ltr'><strong>Pariter</strong></span> <span class='ocrx_word' id='word_1_818' title='bbox 298 5506 484 5577; x_wconf 66' lang='lat' dir='ltr'><strong>summamus,</strong></span> <span class='ocrx_word' id='word_1_819' title='bbox 496 5507 550 5564; x_wconf 82' lang='lat' dir='ltr'><strong>etri</strong></span> <span class='ocrx_word' id='word_1_820' title='bbox 561 5507 667 5565; x_wconf 86' lang='lat' dir='ltr'><strong>llclettc</strong></span> <span class='ocrx_word' id='word_1_821' title='bbox 689 5506 795 5563; x_wconf 82' lang='lat' dir='ltr'><strong>minua.</strong></span> <span class='ocrx_word' id='word_1_822' title='bbox 807 5503 865 5561; x_wconf 84' lang='lat' dir='ltr'><strong>litei</strong></span> <span class='ocrx_word' id='word_1_823' title='bbox 917 5506 986 5566; x_wconf 86' lang='lat' dir='ltr'><strong>sitis.</strong></span> <span class='ocrx_word' id='word_1_824' title='bbox 1002 5505 1072 5562; x_wconf 80' lang='lat' dir='ltr'><strong>Part.</strong></span> 
     </span>
     <span class='ocr_line' id='line_1_65' title="bbox 67 5573 474 5634; baseline 0.002 -4"><span class='ocrx_word' id='word_1_825' title='bbox 67 5573 194 5634; x_wconf 87' lang='lat' dir='ltr'><strong>lielenam</strong></span> <span class='ocrx_word' id='word_1_826' title='bbox 209 5591 263 5634; x_wconf 90' lang='lat' dir='ltr'><strong>non</strong></span> <span class='ocrx_word' id='word_1_827' title='bbox 274 5578 398 5634; x_wconf 90' lang='lat' dir='ltr'><strong>haberet.</strong></span> <span class='ocrx_word' id='word_1_828' title='bbox 410 5577 474 5634; x_wconf 79' lang='lat' dir='ltr'><strong>lite.</strong></span> 
     </span>
    </p>
   </div>
   <div class='ocr_carea' id='block_1_6' title="bbox 0 0 1924 6132">
    <p class='ocr_par' dir='ltr' id='par_1_8' title="bbox 0 0 1924 6132">
     <span class='ocr_line' id='line_1_66' title="bbox 0 0 1924 6132; baseline 0 0"><span class='ocrx_word' id='word_1_829' title='bbox 0 0 1924 6132; x_wconf 95' lang='lat' dir='ltr'><strong> </strong></span> 
     </span>
    </p>
   </div>
  </div>
 </body>
</html>
