3840 6134
122 308 179 372 ild
730 307 795 370 titt.
816 309 849 372 lV
869 309 949 371 tnv.
969 309 1171 372 MARCIONEM.
1722 308 1774 370 itt

124 441 295 508 seepuretux
311 448 360 491 our
383 433 533 490 destrueret
553 432 715 504 Sabbatum,
736 435 759 492 si
782 436 922 494 destruere
939 426 963 506 fl
978 446 1068 511 captat
1085 445 1172 494 status
1195 433 1387 494 controuersia
1411 435 1453 505 (ιι
1471 435 1571 507 aliquid
1590 434 1697 493 cludam
1711 450 1773 492 cum

125 524 249 581 deberet.
260 522 363 589 Porro,
383 521 524 578 destruere
546 522 667 590 deberet,
693 525 716 580 si
740 525 850 583 alterius
870 525 922 584 Dei
977 526 1030 584 mei
1043 526 1153 583 Domini
1176 524 1300 595 ιειίιιιε)
1319 523 1411 594 scripti
1434 531 1460 580 et
1484 524 1629 581 uoluntatis
1648 526 1716 596 (35),
1740 526 1773 579 dc

125 621 209 683 esset,
232 627 284 668 nec
296 612 439 684 quisquam
463 611 607 670 miraretur
634 612 775 670 facientem
788 616 861 686 quod
881 617 922 674 illi
977 615 1115 685 Scriptura
1130 613 1201 671 enim
1215 613 1330 670 sumitur
1345 611 1500 679 Creatoris,
1517 624 1543 667 et
1559 613 1592 669 de
1607 613 1706 669 Christi
1721 628 1771 670 ro-

126 704 304 776 oongruebat.
325 701 490 756 Mirabantur
504 716 588 774 ergo,
604 701 667 773 quia
681 717 735 758 non
754 706 923 778 congruebat
976 705 1076 760 luntate
1091 700 1185 770 color,
1207 701 1283 773 quasi
1302 702 1336 756 do
1359 700 1483 772 exemplo
1507 700 1592 757 David
1613 700 1774 772 introgressi

126 792 162 849 illi
178 792 269 847 Deum
288 797 437 845 creatorem
452 788 644 855 circumferre,
659 796 686 845 et
700 790 848 853 Sabbatum
862 795 924 865 ejus
976 793 1102 850 Sabbatis
1139 794 1285 863 templum,
1311 799 1338 848 et
1374 792 1480 865 operati
1508 792 1610 857 cibum,
1643 792 1777 848 audenter

127 879 297 952 impugnare.
312 876 347 932 Et
360 886 391 934 ut
406 876 490 947 prima
504 893 618 949 quaeque
634 878 803 946 decidamus,
820 897 855 938 ne
874 899 922 940 ea·
975 882 1066 940 tractis
1088 883 1202 956 panibus
1232 881 1434 954 propositionis.
1464 880 1623 937 Meminerat
1643 880 1716 935 enirn
1750 888 1778 935 et

127 970 188 1025 dem
208 966 310 1038 ubique
326 980 461 1023 novemus
483 966 517 1022 ad
532 981 640 1023 omnem
660 971 924 1039 argumentationem
977 970 1023 1026 ille
1046 972 1098 1027 hoo
1117 969 1287 1042 privilegium
1314 971 1446 1026 donatum
1474 969 1594 1025 Sabbato
1623 983 1639 1022 a
1663 967 1776 1038 primor-

127 1055 287 1122 adrersarii,
303 1071 336 1111 ex
359 1055 448 1127 aliqua
471 1069 543 1111 nova
565 1054 662 1111 Christi
687 1056 855 1114 institutione
879 1062 925 1115 ni·
979 1058 1034 1125 dio,
1064 1074 1119 1130 quo
1139 1059 1198 1115 dies
1220 1059 1278 1131 ipse
1302 1066 1455 1129 compartus
1474 1067 1531 1124 est;
1552 1055 1656 1113 veniam
1680 1055 1777 1126 jeiunii

128 1152 249 1213 tentem;
267 1145 393 1216 hoeojam
416 1141 539 1199 definitio
563 1143 656 1210 stabit,
673 1143 734 1200 ideo
757 1146 925 1206 decoritate
979 1148 1050 1204 dico.
1081 1148 1148 1203 Cum
1169 1147 1241 1204 enim
1270 1146 1451 1218 prohibuisset
1479 1146 1589 1202 Creator
1614 1144 1642 1199 iu
1662 1143 1776 1201 biduum

127 1232 306 1292 institutionis
333 1234 464 1304 cujusque
487 1231 687 1303 disceptatnm;
710 1233 774 1306 quia
797 1235 831 1290 de
845 1237 924 1292 novi·
979 1237 1034 1309 legi
1057 1252 1179 1301 manna,
1207 1235 1378 1292 solummodo
1408 1235 1528 1304 permisit
1555 1234 1583 1288 in
1612 1247 1775 1306 parasceue,

129 1330 179 1381 tete
194 1322 348 1381 divinitatis
363 1320 429 1377 nihil
444 1328 501 1376 erat
517 1322 829 1395 usqueadhuosditum,
846 1324 925 1381 sicuti
980 1334 1010 1381 ut
1032 1324 1144 1380 Sabbati
1177 1324 1317 1394 sequentis
1345 1322 1424 1379 ferias
1454 1323 1575 1392 priniana
1603 1320 1694 1392 pabuli
1725 1335 1777 1390 pa-

128 1427 173 1469 nso
196 1410 380 1481 disceptatum
406 1425 413 1463 :
444 1423 495 1464 nec
522 1424 604 1480 posse
632 1411 781 1483 retorqueri
810 1427 843 1466 ex
867 1412 927 1484 ipsa
981 1423 1075 1469 ratura
1097 1413 1202 1483 jejunia
1216 1413 1354 1469 liberaret.
1370 1413 1445 1468 Bene
1466 1411 1556 1485 igitur,
1573 1410 1645 1482 quod
1660 1417 1688 1464 et
1700 1424 1779 1464 oaus-

130 1500 249 1557 novitate
262 1497 442 1555 institutionis
456 1498 590 1571 cujusque
613 1498 679 1554 satis
692 1498 770 1554 aliam
790 1501 926 1558 aChristo
980 1517 1039 1555 sam
1069 1501 1192 1556 eamdem
1226 1507 1335 1557 secutus
1367 1506 1408 1556 est
1437 1499 1572 1556 Dominus
1599 1500 1626 1552 in
1655 1497 1778 1561 Sabbati,

129 1589 341 1646 demonstratam
364 1586 676 1659 diuinitatem,quaudo
697 1596 725 1644 et
744 1588 827 1660 ipsam
845 1589 926 1646 nori·
980 1589 1031 1645 sita
1045 1590 1140 1644 volunt
1166 1587 1219 1644 dici
1249 1589 1282 1655 ¹⁸,
1306 1586 1512 1644 destructione:
1542 1587 1624 1653 bene,
1650 1587 1723 1657 quod
1752 1593 1780 1638 et

131 1686 208 1735 tatem
222 1676 426 1748 pronuntiatam
437 1690 454 1730 a
467 1675 595 1732 Creatore
606 1677 765 1746 constiterit,
776 1677 804 1732 in
818 1678 925 1736 Christo
979 1677 1109 1735 allectum
1129 1675 1265 1733 Creatoris
1288 1675 1419 1745 expressit
1437 1676 1464 1729 in
1492 1675 1614 1731 Sabbato
1630 1689 1682 1729 non
1703 1673 1777 1743 jeju-

131 1780 184 1823 non
217 1780 280 1823 esse
305 1763 468 1819 mirandam.
499 1765 531 1819 Et
553 1765 702 1836 oportuerit
730 1766 823 1838 utique
851 1767 926 1840 prius
942 1733 965 1812 fl
981 1767 1064 1822 naixdi
1089 1767 1202 1822 honore.
1232 1765 1375 1835 Denique,
1403 1770 1467 1819 tuno
1493 1762 1602 1818 demum
1631 1763 1778 1818 Sabbatum

135 1855 219 1911 elium
232 1854 320 1909 Deum
327 1852 424 1924 exponi
438 1896 445 1919 ,
458 1862 552 1923 postea
565 1852 736 1927 disciplinam
746 1856 805 1925 ejus
819 1855 926 1924 induci;
982 1855 1170 1923 destruxisset,
1185 1853 1266 1909 etiam
1290 1853 1378 1924 ipsum
1398 1853 1569 1917 Creatorem,
1591 1851 1614 1906 si
1628 1850 1780 1921 discipulos

138 1942 201 2016 quis
232 1940 514 1998 &etauctoritatem
544 1951 651 2014 praestat
678 1941 843 2015 disciplinae,
873 1959 928 2001 non
982 1941 1237 2013 Saouaxojejunare
1253 1942 1417 2004 mandasset,
1430 1938 1560 1998 aduersus
1569 1946 1671 1995 statum
1685 1938 1779 2008 scripti

137 2027 359 2102 Deodisciplina:
380 2029 432 2086 nisi
446 2029 469 2085 si
483 2040 510 2087 ει
523 2031 640 2086 Marcion
656 2032 735 2102 plane
750 2040 803 2089 tam
820 2049 928 2104 perver-
983 2036 1011 2088 et
1025 2031 1171 2088 voluntatis
1181 2030 1326 2087 Creatoris.
1344 2030 1398 2086 Sed
1413 2029 1539 2100 qnoniam
1556 2027 1617 2099 (36)
1631 2026 1780 2098 discipulos

135 2134 173 2176 ιιι
187 2133 244 2174 non
258 2134 308 2189 per
322 2120 482 2190 magistrum
496 2119 599 2175 litteras
615 2119 719 2188 didicit,
735 2120 782 2176 sed
798 2138 847 2192 per
857 2122 928 2178 litte·
982 2134 1036 2175 non
1063 2128 1218 2176 constanter
1245 2120 1389 2190 tuebatur,
1418 2118 1465 2174 sed
1492 2125 1624 2185 excusat,
1651 2116 1779 2187 quoniam

135 2221 173 2262 ras
186 2206 362 2281 magistrum.
377 2205 478 2263 Caetera
489 2208 523 2263 de
536 2203 624 2263 381
635 2207 753 2265 Sabbato
767 2208 902 2283 itadirigo
919 2227 925 2266 :
982 2208 1126 2263 humanam
1140 2208 1253 2280 opponit
1266 2205 1350 2264 885
1373 2205 1560 2263 necessitatem
1579 2203 1657 2276 quasi
1681 2204 1781 2274 dopre-

137 2294 158 2351 Si
172 2295 322 2352 Sabbatum
338 2294 460 2352 Christus
483 2294 640 2362 intersertis,
661 2298 809 2353 secundum
832 2313 928 2354 exem·
982 2297 1107 2353 catrioem
1122 2299 1198 2370 (at);
1214 2296 1340 2369 quoniam
1355 2296 1487 2371 potiorem
1523 2295 1653 2350 honorem
1670 2290 1781 2348 Sabbati

137 2384 204 2455 plum
221 2383 288 2440 lecit
301 2383 447 2440 Creatoris.
464 2383 603 2456 Siquidem
618 2385 645 2439 in
656 2385 800 2442 obsidione
815 2386 930 2443 civitatis
983 2395 1071 2442 servat
1094 2401 1148 2442 nou
1170 2386 1363 2457 contristandi,
1387 2401 1468 2459 quam
1497 2383 1629 2454 vacandi3
1651 2380 1780 2452 quoniam

137 2472 335 2541 hierichuntis,
348 2473 504 2530 circumlata
519 2489 567 2545 per
581 2489 673 2530 muros
687 2490 750 2530 arca
764 2475 930 2532 Testamenti
983 2475 1078 2541 Dauid,
1095 2474 1258 2548 comitesque
1273 2477 1341 2545 ejus,
1358 2490 1419 2530 curn
1446 2470 1590 2543 discipulis
1613 2470 1671 2527 suis
1693 2476 1783 2541 aequat

138 2571 235 2634 septem
252 2560 489 2627 terminandam
506 2561 634 2632 Sabbato,
651 2579 683 2619 ex
699 2565 929 2634 praeceptoCrea-
982 2564 1010 2620 in
1038 2565 1116 2636 culpa
1143 2575 1170 2620 et
1198 2564 1225 2619 iu
1253 2563 1351 2631 venia3
1380 2561 1508 2631 quoniam
1536 2560 1626 2633 placet
1649 2557 1700 2623 illi,
1717 2556 1782 2628 quis

137 2653 194 2707 toris
207 2651 360 2707 Sabbatum
384 2652 540 2721 operatione
555 2651 707 2720 destruxit,
724 2665 754 2709 ut
768 2660 865 2725 putant
882 2653 930 2725 qni
985 2654 1096 2709 Creator
1115 2653 1245 2718 indulsit,
1261 2652 1388 2724 quoniam
1404 2651 1437 2706 de
1452 2650 1577 2722 exemplo
1591 2650 1651 2719 ejus
1674 2648 1707 2712 1⁹,
1723 2646 1783 2716 ipse

138 2741 180 2798 hoc
193 2750 222 2798 et
235 2740 270 2795 de
278 2741 387 2796 Christo
396 2740 560 2809 existimant,
569 2741 727 2813 ignorantes
741 2758 828 2814 neque
843 2742 931 2798 Chris·
984 2749 1036 2797 tam
1053 2742 1196 2798 bonusest
1212 2757 1218 2809 ;
1235 2741 1296 2799 ideo
1312 2740 1416 2795 alienus
1430 2750 1471 2794 est
1487 2754 1503 2793 a
1517 2738 1656 2794 Creatorc.
1673 2733 1784 2792 exinde

138 2836 186 2886 tum
215 2829 366 2886 Sabbatum
390 2829 566 2896 destruxisse,
589 2846 677 2902 neque
698 2831 855 2886 Creatorem
867 2840 886 2897 ,'
900 2839 929 2885 ut
984 2829 1060 2900 (luo.
1074 2842 1113 2898 vx,
1128 2829 1156 2896 7)
1165 2828 1313 2885 observant
1323 2827 1468 2900 pharisoei,
1482 2825 1507 2881 si
1515 2823 1671 2882 medicinas
1682 2818 1782 2878 Sabbo-

139 2932 193 2974 mox
207 2918 379 2975 docebimus.
403 2917 434 2973 Et
456 2926 545 2974 tamen
565 2933 613 2987 per
635 2919 724 2975 lesum
740 2927 805 2976 tuuc
823 2934 930 2992 quoque
985 2920 1135 2988 tisoperet,
1157 2923 1190 2974 ut
1211 2921 1381 2974 accusarent
1404 2933 1468 2973 enm
1484 2935 1493 2970 :
1512 2923 1585 2970 certe
1603 2927 1656 2983 qua
1671 2908 1781 2965 Sabbati

141 3021 297 3064 concussum
311 3016 353 3063 est
368 3008 525 3076 Sabbatum,
543 3010 572 3063 ut
585 3015 612 3064 et
630 3007 682 3064 hoo
697 3009 724 3063 in
739 3007 871 3065 Christum
887 3025 930 3066 re-
945 3007 968 3087 ss
981 3007 1198 3071 destructorem,
1215 3021 1269 3062 non
1282 3021 1336 3076 qua
1350 3005 1413 3061 noui
1437 3005 1486 3060 Dei
1501 3002 1684 3077 professorem
1698 3017 1706 3070 3
1724 2998 1780 3054 ior·

142 3100 320 3164 annueretur,
351 3097 455 3153 etiamsi
483 3098 546 3154 odio
565 3099 702 3154 insecutus
724 3106 764 3153 est
788 3098 930 3155 solemnis-

144 3185 230 3244 simum
259 3186 417 3243 ludaeorum
442 3187 523 3256 diem,
548 3194 578 3242 ut
600 3187 722 3244 Christus
746 3202 801 3243 non
821 3185 931 3244 Judaeo-

145 3291 204 3332 rum.
233 3277 275 3332 De
302 3275 365 3332 odio
389 3291 497 3348 quoque
521 3276 628 3333 Sabbati
658 3276 813 3346 protessus,
843 3276 930 3332 Crea-

144 3373 231 3431 torem,
255 3374 284 3422 ut
310 3366 432 3421 Christus
461 3365 556 3436 ipsius,
581 3365 744 3437 sequebatur
772 3363 930 3422 exclaman-

146 3459 189 3509 tem
202 3470 252 3511 ore
265 3453 341 3509 isaiae
358 3455 386 3525 (ι,
400 3456 445 3525 tt)
462 3472 468 3508 :
486 3455 648 3511 Neomenias
662 3459 689 3512 et
704 3454 823 3513 Sabbata
837 3459 932 3512 vestro

149 3542 195 3599 odit
208 3545 309 3601 animo
329 3560 403 3600 meu.
428 3543 483 3599 Sed
507 3551 534 3598 et
553 3543 735 3614 haeoquoquo
760 3543 841 3599 modo
862 3543 933 3600 diota

152 3631 201 3696 siut,
216 3632 318 3688 seimus
331 3631 511 3686 adhibendam
531 3640 620 3687 tamen
638 3632 666 3685 in
681 3631 730 3686 hac
745 3631 837 3701 specie
851 3631 932 3687 etiam

154 3719 278 3794 obruptam
304 3720 530 3792 provocationem.
547 3721 626 3776 Nunc
645 3730 671 3776 et
693 3721 829 3792 adipsum
845 3727 933 3775 mate-

157 3806 206 3865 tiun
219 3811 383 3881 disceptabo,
399 3809 426 3864 iu
442 3825 495 3881 qua
508 3808 564 3866 risa
574 3818 616 3864 est
630 3809 769 3866 destruere
785 3810 933 3865 Sabbatum

161 3894 237 3956 Christi
256 3898 410 3970 disciplina.
432 3898 593 3955 Esurierant
606 3899 731 3970 discipuli
749 3914 802 3970 ·,ea
817 3899 861 3956 die
874 3899 933 3972 spi-

163 3997 193 4040 rts
220 3989 359 4057 decerptas
397 3989 520 4044 manibus
558 3987 715 4044 ellrixorant
751 3989 773 4027 Π
804 4009 811 4043 ι
844 3989 934 4045 cibum

164 4078 254 4143 opemu,
277 4076 362 4133 ferias
377 4088 517 4149 ruperant.
533 4077 651 4133 Excusat
665 4078 726 4133 illos
754 4077 877 4134 Christus
890 4121 897 4146 ‚
909 4085 936 4133 et

164 4172 256 4222 uuest
274 4165 385 4222 Sabbati
400 4165 482 4222 lesi:
506 4175 631 4224 accusant
650 4165 789 4233 Pharisaei,
813 4165 934 4221 Marcion

990 3104 1061 3151 tasse
1075 3095 1147 3152 euim
1173 3096 1244 3151 huno
1261 3093 1348 3149 solum
1375 3093 1516 3149 articulum
1531 3092 1629 3161 ubique
1649 3091 1783 3162 ingeram,

990 3183 1072 3239 alium
1102 3183 1236 3239 Christum
1268 3195 1402 3252 nusquam
1433 3179 1616 3252 praedicatum.
1641 3178 1670 3232 ln
1700 3183 1782 3231 toturn

987 3279 1080 3328 autem
1101 3271 1227 3327 errabant
1248 3270 1274 3309 ²⁰
1302 3268 1428 3324 Pharisaei
1455 3267 1528 3322 eirea
1551 3266 1661 3322 Sabbati
1683 3265 1782 3335 legem,

987 3376 1042 3417 non
1067 3361 1310 3416 animadvertentes
1333 3356 1553 3414 conditionaliter
1569 3369 1630 3410 eam
1657 3352 1783 3408 indicen-

988 3458 1041 3506 tem
1056 3449 1140 3506 lerias
1158 3463 1274 3522 operum
1295 3448 1345 3503 sub
1369 3455 1442 3503 certa
1465 3446 1557 3514 specie
1584 3457 1688 3498 eorum.
1713 3441 1782 3494 Nam

987 3555 1049 3595 euna
1064 3542 1098 3594 de
1122 3538 1166 3594 die
1190 3537 1298 3594 Sabbati
1318 3536 1383 3590 dicit
1404 3534 1505 3608 (deod.
1531 3549 1581 3597 xx,
1601 3533 1669 3599 toi:
1697 3529 1784 3586 Omne

986 3645 1056 3704 opus
1072 3633 1155 3685 tuum
1172 3643 1231 3682 non
1244 3627 1331 3698 scoies
1349 3625 1381 3679 in
1401 3640 1434 3681 eu
1456 3622 1532 3695 (38);
1548 3621 1671 3684 dicendo,
1690 3621 1785 3681 tunm,

987 3720 1021 3774 de
1035 3719 1152 3773 hnmano
1167 3732 1249 3788 opere
1263 3713 1377 3778 definiit,
1392 3712 1466 3784 quod
1480 3711 1594 3784 quisque
1609 3725 1641 3765 ex
1655 3704 1779 3772 artifieio,

987 3809 1028 3867 rel
1051 3806 1163 3881 negotio
1185 3820 1235 3860 suo
1262 3802 1422 3876 exequitur,
1442 3817 1498 3857 non
1520 3800 1555 3855 de
1578 3798 1682 3853 divino.
1707 3796 1784 3868 Opus

988 3906 1076 3953 autem
1098 3895 1193 3952 salutis
1215 3902 1241 3948 et
1265 3891 1475 3959 incolumitatis,
1500 3905 1554 3946 non
1580 3898 1621 3944 est
1645 3884 1782 3948 hominis,

989 3987 1040 4042 sed
1060 3985 1109 4041 Dei
1133 3982 1281 4055 proprium.
1298 3981 1375 4038 Sicut
1397 3991 1424 4037 ει
1444 3995 1538 4036 rursus
1561 3977 1589 4033 in
1622 3975 1681 4049 lege
1702 3973 1786 4032 :Non

961 4107 967 4114 ·
986 4077 1084 4147 socies,
1100 4072 1185 4144 inquit
1195 4069 1298 4142 (Eeod.
1314 4085 1362 4134 xxx,
1376 4070 1431 4139 to),
1442 4084 1525 4125 omne
1540 4083 1607 4139 optes
1623 4069 1655 4122 in
1670 4081 1713 4131 eo,
1728 4064 1786 4119 nisi

990 4162 1062 4237 quod
1076 4161 1126 4231 fiet
1144 4161 1223 4217 omni
1236 4160 1341 4214 anime
1356 4158 1413 4227 (39)
1434 4157 1461 4212 id
1476 4154 1560 4212 estin
1575 4168 1672 4212 caussa
1690 4152 1788 4207 anima

819 4288 915 4352 Variae
933 4291 1088 4354 lectiones.

192 4401 278 4463 ¹⁶Oeto
288 4407 372 4465 Seni.
392 4405 503 4464 onerat.
519 4406 542 4446 Π
552 4404 710 4463 Eillixerant
722 4407 781 4478 ιιι).
798 4404 883 4463 Semi.
899 4406 992 4462 Vertat.
1011 4399 1120 4460 Oberth.
1132 4397 1282 4465 alliserant,
1294 4395 1386 4452 Paris.
1399 4394 1423 4433 ¹⁰
1431 4393 1499 4450 Diei.
1518 4394 1542 4433 ¹⁹
1556 4394 1591 4450 Et
1601 4395 1689 4451 inser.
1700 4390 1786 4448 Semi.

168 4466 313 4534 ²⁰Errabant
333 4478 420 4536 Semi.

843 4546 1094 4612 Commentarius.

166 4659 234 4786 nlqli)
248 4666 355 4738 Serr'pti
365 4668 394 4721 et
411 4665 577 4722 uoluntatis.
593 4663 750 4737 lpappdran
765 4663 806 4717 και
820 4663 936 4723 διανοίας.
954 4675 1076 4758 nquam
1104 4656 1175 4713 istud
1203 4653 1322 4728 reperire
1347 4648 1515 4724 potuerimus
1539 4646 1566 4701 in
1590 4646 1652 4718 lege
1679 4643 1789 4715 Moysis,

1014 4747 1074 4785 pam
1101 4730 1144 4785 hic
1162 4726 1280 4799 allegat,
1296 4723 1417 4780 sustioor
1444 4718 1509 4776 olim
1537 4718 1562 4774 id
1586 4717 1686 4774 lectum
1706 4712 1790 4770 luisse

189 4774 236 4877 (it)
249 4806 407 4877 utactpntos
414 4822 473 4864 non
483 4810 648 4862 constanter
658 4805 802 4863 tuebatur.
811 4804 871 4861 Non
882 4802 938 4859 lor·
992 4747 1078 4858 iixodi
1092 4815 1174 4867 xxxx,
1192 4797 1238 4853 ubi
1252 4797 1331 4853 hodie
1354 4794 1442 4866 egitur
1458 4810 1465 4847 ι
1483 4791 1579 4849 Omnis
1591 4791 1639 4863 qni
1657 4786 1747 4860 saciet
1759 4787 1790 4841 in

163 4870 216 4943 tlte,
228 4877 456 4950 quemadmodum
481 4877 581 4932 Fabius
593 4877 705 4946 Quintil.
731 4879 825 4934 Instit.
844 4876 890 4931 lib.
906 4892 935 4944 v,

160 4944 232 5004 dixit:
250 4972 261 4997 ι
279 4949 341 5004 lam
356 4963 390 5002 ue
403 4948 496 5003 balare
511 4949 632 5018 quidem,
648 4957 694 5004 aut
710 4949 814 5003 hinnire
832 4946 939 5003 sortiter

155 5016 311 5146 Ιἀίἰιεῧειειιιιιι,
351 5019 421 5107 ιιὶιίΙ
441 5019 544 5089 judicio
572 5021 712 5076 vetustatis
734 5019 890 5074 niteremur.
925 5039 936 5069 s

179 5132 235 5234 ts'r)
249 5163 410 5218 Rumonem
418 5162 533 5242 opponit
543 5163 748 5224 necessitatem,
757 5162 838 5235 quusi
847 5161 940 5234 depre-

152 5236 288 5290 tutricem.
305 5233 456 5289 Excusatro
471 5248 552 5305 quam
567 5234 675 5306 populis
684 5235 801 5288 ostendit
816 5232 939 5287 Christus

151 5302 286 5361 Sabbatum
320 5318 375 5359 non
403 5305 580 5373 destruebat3
614 5307 774 5375 presentior
802 5311 860 5357 erut
885 5302 938 5358 cibi

150 5378 306 5441 necessitas,
322 5392 403 5448 quam
426 5384 456 5431 nt
470 5374 616 5448 colligendi
632 5384 738 5446 tempus
756 5376 782 5429 in
798 5374 870 5429 aliud
884 5373 938 5428 dit'-

147 5444 274 5530 tapam
290 5446 414 5517 permisit
423 5447 525 5518 itaque,
538 5461 588 5504 nec
596 5455 685 5502 tamen
700 5445 845 5500 Sublimem
856 5445 939 5500 abro-

145 5518 423 5664 ⁸¹(Vialilunrliane'opus
439 5592 520 5647 tunm
530 5604 588 5646 non
601 5589 690 5660 tomes
700 5587 782 5645 ineo.
799 5585 867 5642 Cum
877 5601 940 5642 nus-

994 4891 1024 4932 eu
1039 4889 1119 4945 opus.
1136 4870 1237 4943 peribit
1261 4869 1359 4924 animo
1383 4865 1434 4922 illu
1459 4864 1492 4921 dc
1515 4862 1606 4942 medio
1619 4858 1719 4940 populi
1733 4860 1788 4930 sui,

993 4955 1039 4999 aut
1054 4943 1142 5014 potius
1157 4942 1220 4996 Lov.
1236 4955 1321 5002 xxxxi,
1339 4937 1384 4992 ubi
1398 4934 1617 5006 frequentissime
1632 4937 1784 5012 reperitur:

997 5018 1070 5089 Opus
1079 5015 1179 5070 seruile
1192 5010 1369 5081 nonfacietis
1380 5010 1449 5064 ineo
1462 5028 1470 5075 ,·
1482 5015 1517 5070 et,
1536 5005 1632 5062 Omnis
1643 5006 1693 5078 qui
1701 5005 1791 5075 foetet

994 5090 1026 5143 in
1040 5103 1070 5143 co
1084 5101 1163 5158 opus,
1178 5083 1282 5157 peribit
1296 5083 1395 5138 enimn
1409 5079 1461 5135 illo
1477 5075 1610 5133 demedio
1624 5075 1787 5158 populisui,

994 5158 1185 5212 maximarum
1201 5153 1327 5207 eumdem
1341 5153 1412 5207 hrxue
1424 5150 1509 5204 locum
1524 5149 1587 5204 citet
1597 5157 1679 5203 ettam
1694 5159 1789 5215 supra,
1867 5158 1874 5167 ·

994 5228 1043 5284 lib.
1060 5229 1123 5284 adu.
1138 5225 1256 5288 tndaeos,
1268 5239 1330 5294 cup.
1346 5223 1371 5277 d.
1383 5221 1454 5276 Ριιι.
1469 5251 1506 5261 -
1520 5221 1620 5274 l'orsan
1642 5222 1723 5274 tuum
1740 5232 1789 5286 pro

996 5306 1039 5368 tu,
1056 5311 1082 5354 et
1098 5300 1124 5353 in
1138 5313 1227 5368 graeeo
1243 5301 1286 5350 σοῦ
1304 5309 1351 5364 pro
1371 5293 1418 5357 od,
1437 5293 1540 5363 legerat
1554 5290 1739 5346 Tertullianus
1754 5285 1789 5338 ad

996 5388 1021 5425 u.
1039 5373 1072 5427 tlt
1086 5386 1110 5427 c.
1125 5384 1168 5425 xx
1186 5367 1272 5424 Exod.
1288 5365 1314 5420 in
1328 5366 1400 5420 huno
1413 5362 1597 5419 modiumllon
1609 5362 1696 5431 socies
1706 5370 1789 5415 orrinc

994 5459 1064 5516 opus
1079 5444 1109 5498 t'rt
1123 5457 1154 5498 eo
1168 5454 1244 5496 τῦιιιι
1257 5455 1265 5505 ;
1280 5436 1316 5490 Oi
1330 5437 1439 5505 ποίησιις
1463 5433 1486 5488 ἐν
1501 5433 1561 5506 αὐτῇ
1576 5434 1624 5485 πᾶν
1645 5431 1713 5501 ἔργον
1728 5425 1788 5479 ΣΟΥ

996 5513 1057 5585 (pro
1076 5513 1106 5568 ab
1120 5519 1150 5567 ut
1164 5512 1192 5566 in
1210 5508 1307 5576 LXX).
1325 5509 1397 5564 Eun.
1611 5571 1616 5582 ⁸
1716 5566 1723 5578 ‚

1030 5585 1087 5656 (³9)
1102 5583 1162 5640 Nisi
1177 5581 1250 5655 qnod
1264 5580 1314 5650 fiet
1327 5580 1407 5638 omni
1420 5578 1535 5635 anime.
1552 5572 1664 5647 Legitur
1678 5566 1788 5639 quidem
