3840 6134
39 337 94 398 553
682 306 781 369 amaa
806 304 885 365 bhv.
909 304 1050 368 thomos.
1638 321 1688 380 054

40 464 129 538 igitur
153 450 320 512 ostendimus
346 445 369 482 ⁸¹
391 438 520 515 quoniam
549 436 621 497 venit
649 434 771 491 Christus
798 434 842 488 iii·
858 447 881 526 fl
897 432 1015 490 auniil.
1031 429 1293 489 Efficiunturautem
1305 432 1562 503 coiissecoiisse
1574 446 1600 498 6,
1613 444 1688 501 Unde

43 561 85 608 tra
112 548 148 602 63
179 550 207 598 et
234 535 374 594 dimidiam
402 527 616 588 hebdomadas?
636 522 843 580 Numerabimus
897 527 1123 598 adimplenturhi
1137 525 1314 581 hebdomadae
1327 535 1354 582 et
1366 527 1489 597 dimidia,
1500 549 1560 604 quae
1571 536 1692 593 efficiunt

43 647 136 696 autem
151 631 266 704 aprime
281 621 446 685 aiiuoDaiii,
459 617 597 690 quomodo
607 615 632 652 88
645 611 733 670 611
746 612 772 666 io
785 613 844 681 ipso
897 631 983 672 anuos
999 619 1061 681 437,
1077 629 1184 670 menses
1212 617 1237 683 6,
1259 616 1285 670 iu
1309 615 1380 670 diem
1408 619 1555 677 nativitatis
1582 625 1690 681 Christi,

44 738 169 798 tempore
194 717 346 777 ostenditur
369 708 474 767 Danieli
496 705 564 761 visio
582 703 651 774 ipsa.
676 701 748 756 Dicit
771 700 843 755 cuim
899 708 933 762 Ei
960 706 1185 761 manifestataest
1202 705 1307 775 justitia
1335 716 1444 775 aeterna,
1469 719 1497 765 et
1524 720 1621 770 unctus
1653 726 1694 772 e„

46 823 80 877 lit
94 813 237 883 miciliae,
247 811 276 864 et
290 805 397 875 conjice
407 795 658 869 advttiwiifflwm
672 791 697 829 ⁸³
707 792 845 847 sermonis
900 795 1013 851 Saucius
1032 801 1197 862 sanctarum,
1221 793 1248 848 id
1264 803 1305 850 est
1329 795 1471 866 Christus3
1486 805 1513 854 et
1534 800 1639 871 signata
1654 813 1696 858 esi

46 903 232 980 respondente
242 898 266 935 88
280 911 326 950 me
337 891 388 947 tihi
403 890 471 944 hies.
482 882 558 940 Unde
572 897 588 937 a
602 880 690 953 primo
704 894 775 936 anno
789 880 844 933 Da·
899 883 968 940 visio
983 892 1010 940 et
1024 883 1177 955 prophetia,
1195 890 1222 938 ct
1237 883 1348 940 dimissa
1360 894 1422 942 sunt
1436 895 1557 960 peccata,
1568 906 1630 961 quae
1644 909 1694 962 per

47 997 82 1056 rii
97 995 231 1051 dehemus
244 991 415 1054 computare,
437 972 548 1046 qnando
566 971 637 1024 hanc
652 969 782 1025 visionem
802 968 844 1023 vi·
900 973 981 1029 iidem
1006 972 1125 1029 nominis
1149 973 1260 1042 Christi,
1276 975 1405 1030 omuibus
1427 976 1454 1031 in
1478 992 1539 1032 eum
1559 981 1698 1036 credenti·

48 1084 89 1142 dii
103 1078 211 1138 Daniel.
224 1075 369 1132 Videamus
395 1065 478 1136 igitur
503 1059 567 1115 anui
591 1056 728 1130 quomodo
749 1056 774 1093 88
793 1055 846 1109 im·
900 1063 950 1118 bus
964 1064 1139 1119 pemjppunpup
1156 1063 1181 1101 ce
1203 1059 1290 1120 315
1304 1064 1374 1134 Quid
1397 1072 1438 1120 es,
1451 1075 1540 1122 amem
1563 1071 1637 1139 quod
1653 1070 1697 1124 di·

48 1176 177 1247 pleantur
189 1179 276 1237 usque
300 1160 334 1215 ad
358 1157 504 1212 adventum
528 1149 640 1205 Christi.
658 1147 756 1201 Darius
775 1145 847 1200 enim
900 1152 937 1208 cit
951 1151 1054 1224 signari
1068 1151 1156 1209 pisum
1171 1159 1198 1208 ep
1213 1154 1386 1223 prophetiam
1401 1153 1445 1207 cop
1455 1152 1589 1221 Quoniam
1605 1172 1698 1213 omnes

49 1252 342 1339 mgnavitannis193
366 1247 529 1301 Artaxerxes
551 1235 674 1309 regnavit
694 1234 773 1289 annis
787 1236 846 1289 lio:
902 1241 1039 1314 prophetas
1063 1240 1219 1296 nuntiabam
1238 1240 1272 1296 de
1293 1241 1363 1312 ipso,
1380 1242 1452 1313 quod
1475 1254 1547 1298 esso,
1569 1255 1699 1302 venturus

50 1341 332 1410 deindere100h11⁸i
349 1335 395 1408 088
410 1342 437 1389 ei
451 1332 547 1402 (33888,
564 1324 688 1400 regnavit
700 1323 779 1378 88888
793 1324 846 1391 243
901 1339 927 1387 et
943 1329 998 1402 pati
1014 1329 1134 1386 haberet.
1150 1328 1254 1402 igitur,
1270 1330 1399 1402 qnoniam
1413 1329 1562 1403 adimpleta
1577 1342 1619 1390 est
1634 1352 1697 1406 pro·

51 1444 144 1514 Argus
157 1447 230 1492 anno
243 1446 298 1486 uno
309 1427 386 1499 (35);
401 1421 470 1477 alius
480 1417 587 1485 Darius,
603 1416 648 1487 qui
665 1422 692 1470 et
705 1412 790 1469 hlclas
804 1427 850 1468 no·
904 1418 993 1488 phetia
1009 1433 1058 1489 per
1074 1418 1219 1475 adventum
1233 1420 1312 1489 ejus,
1328 1427 1473 1493 propterea
1497 1421 1599 1494 signari
1618 1423 1700 1481 visio-

52 1529 173 1585 miuatns
191 1530 243 1588 est,
260 1517 338 1574 annis
359 1515 417 1576 0ος
446 1504 601 1564 Alexander
627 1503 739 1559 hlacedo
771 1500 850 1557 annis
904 1522 966 1564 nem
982 1514 1009 1562 et
1024 1506 1190 1576 prophetiam
1205 1507 1322 1575 dicebat,
1338 1509 1699 1584 quoniamipseestsigna-

52 1614 198 1674 duodecim
214 1610 280 1681 (36).
296 1603 402 1663 Deinde
416 1606 478 1672 post
489 1592 678 1661 Alexandrum,
694 1590 779 1663 quiet
793 1591 848 1646 ble-
904 1596 994 1654 asilum
1013 1595 1134 1652 omnium
1151 1598 1356 1668 prophetarum,
1372 1600 1522 1671 adimplens
1535 1603 1625 1658 omnia
1640 1621 1700 1676 qnae

54 1709 98 1764 dis
110 1714 138 1761 θῑ
148 1699 239 1759 Psilis
252 1700 386 1770 88388880
402 1701 470 1761 0888
480 1684 612 1742 88888888(
626 1682 661 1750 ⁸⁶2
685 1687 711 1736 θῑ
727 1680 754 1734 in
781 1679 847 1735 Ale·
904 1693 975 1743 retro
987 1687 1021 1743 de
1036 1701 1068 1742 eo
1083 1688 1223 1758 prophetae
1237 1687 1434 1744 nuntiaverant.
1451 1692 1515 1747 Post
1530 1693 1601 1749 enim
1616 1695 1639 1733 ⁹¹
1655 1696 1701 1751 ad·

52 1793 174 1854 xandria
187 1801 300 1862 reguum
314 1796 394 1838 suum
407 1777 570 1841 firmaverat,
586 1771 693 1844 quando
708 1767 851 1826 etucmine
907 1785 1015 1834 venium
1035 1776 1133 1833 cppjgp
1156 1785 1183 1832 ep
1199 1776 1354 1847 passionem
1367 1778 1452 1848 ipsius
1464 1779 1541 1848 mm
1557 1795 1611 1836 non
1632 1781 1700 1837 visio

54 1900 112 1942 suo
127 1896 189 1938 eam
208 1871 357 1949 appellavit.
375 1871 474 1926 Postea
487 1866 510 1903 88
528 1860 651 1935 regnavit
666 1858 723 1917 illic
741 1859 769 1912 in
791 1857 852 1913 iile·
905 1881 992 1939 npque
1008 1865 1155 1937 prophetes
1169 1876 1211 1923 esp
1229 1867 1254 1905 sa
1268 1867 1313 1938 qui
1330 1867 1464 1923 Christum
1488 1868 1592 1924 „nuper
1605 1879 1702 1926 ventu.

57 1969 174 2029 riandria
189 1967 267 2023 Soter
281 1959 356 2018 anuis
369 1959 421 2025 ³53
437 1951 634 2012 cuisnccedens
648 1946 850 2018 Philadelphus,
905 1970 974 2011 mm,
996 1954 1111 2028 Denique
1135 1955 1188 2011 hoc
1211 1956 1232 2011 Β,
1256 1970 1310 2012 ,0,
1332 1956 1369 2011 i„
1384 1962 1441 2026 est,
1456 1957 1601 2014 exhibeant
1616 1959 1699 2016 Judaei

54 2055 184 2131 regnavit
207 2051 286 2110 annis
307 2047 416 2121 triginta
440 2057 536 2100 norem
559 2040 627 2112 (37).
649 2037 718 2094 lluic
733 2035 853 2093 succedit
905 2045 1095 2114 prophetarum
1111 2052 1175 2116 post
1188 2043 1324 2100 ΟΜΝΗ,
1344 2045 1602 2118 aliquavolumm,
1617 2065 1702 2124 ange.

55 2151 214 2220 888ΐὸ8888,
238 2139 315 2196 88888
331 2139 382 2208 253
398 2133 494 2191 888888
517 2130 683 2201 Phi¹⁰Pai⁰li
708 2125 851 2195 a¹1¹¹i³173
905 2133 993 2189 lorum
1006 2132 1160 2204 aliquorum
1182 2133 1300 2189 visibilia
1316 2128 1461 2200 miracula,
1486 2152 1547 2209 quae
1563 2143 1634 2194 retro
1649 2155 1700 2212 pa.

55 2248 121 2311 post
136 2237 209 2291 lianc
222 2229 388 2303 Epiphanes,
404 2222 483 2278 annis
497 2221 548 2286 243
561 2220 624 2273 item
647 2216 717 2272 alius
729 2215 853 2287 aicrge-
908 2221 1031 2278 triarchas
1054 2221 1180 2280 viderunt
1201 2239 1286 2295 usque
1309 2224 1343 2279 ad
1362 2225 1504 2281 adventum
1524 2227 1632 2295 Christi,
1656 2230 1702 2300 qui

55 2336 110 2392 tes,
127 2323 206 2378 anuis
219 2321 265 2386 33,
280 2317 370 2384 Soter,
381 2311 458 2367 anuis
473 2313 517 2377 38,
533 2305 703 2370 Ptolemaeus,
715 2302 792 2358 anuis
807 2304 851 2366 38,
905 2310 962 2380 jam
974 2309 1064 2378 penit,
1080 2327 1112 2368 ex
1127 2326 1180 2383 qua
1194 2311 1299 2384 signata
1313 2321 1356 2369 es,
1377 2313 1444 2370 visio
1458 2322 1484 2369 e,
1503 2316 1652 2386 prophetia,
1674 2317 1701 2373 id

57 2416 209 2486 Cleopatra,
223 2407 303 2464 annis
320 2407 366 2473 ab,
383 2397 521 2457 mensibus
535 2400 562 2452 6.
585 2396 653 2451 Item
671 2392 759 2449 adbuc
773 2392 853 2448 Cleo·
908 2407 950 2456 esp
964 2407 1072 2458 smum,
1083 2400 1116 2455 pp
1129 2400 1226 2458 mmm
1237 2402 1409 2475 Evangelism
1424 2423 1431 2457 :
1448 2406 1504 2462 Lex
1517 2409 1545 2463 θ,
1557 2408 1703 2478 prophetae

58 2514 134 2581 patra
148 2495 326 2572 conregnavit
348 2493 473 2565 Augusto
488 2487 566 2543 annis
589 2489 622 2540 la
641 2530 648 2555 ,
665 2489 726 2554 post
740 2481 855 2551 Cleopa·
908 2503 995 2561 osque
1014 2487 1049 2544 od
1072 2491 1210 2546 lenonem
1234 2490 1438 2563 baptizatorem
1455 2494 1564 2563 (llotth.
1589 2510 1630 2563 iii,
1647 2496 1702 2567 13).

59 2606 129 2653 tram
147 2592 288 2661 Augustus
306 2583 366 2640 aliis
381 2578 461 2635 aunis
476 2579 520 2632 la.
535 2575 606 2630 Nam
622 2587 716 2628 omnes
731 2569 794 2626 anni
805 2569 855 2624 im·
908 2576 1045 2648 Bapfizapo
1063 2578 1134 2634 enim
1160 2579 1277 2646 Chfisw,
1294 2579 1322 2635 id
1352 2585 1394 2638 es,
1418 2580 1601 2639 sanctificante
1619 2599 1703 2656 aquas

60 2682 128 2757 perii
143 2676 262 2752 Augusti
277 2674 384 2730 inerunt
397 2667 460 2725 anni
475 2667 519 2722 56.
533 2663 662 2720 Videmus
674 2668 765 2717 antem
784 2674 855 2732 quo·
910 2665 937 2720 iu
953 2682 1004 2723 sno
1017 2667 1177 2738 baptismate
1192 2669 1249 2740 (to)
1263 2712 1269 2735 ,
1285 2670 1374 2725 omnis
1387 2671 1527 2742 plenitudo
1542 2672 1703 2743 spiritalium

62 2774 136 2828 niam
158 2761 368 2842 quadragesimo
396 2765 424 2813 et
450 2753 539 2828 primo
567 2765 638 2807 anno
666 2748 773 2822 imperii
796 2747 857 2805 hu·
911 2760 983 2810 retro
1006 2754 1200 2811 charismatum
1223 2759 1251 2810 iii
1276 2756 1383 2813 Christo
1411 2760 1707 2833 cesserunt,signan10

59 2862 130 2937 38888
145 2855 215 2930 (³⁸).
233 2851 326 2926 ‘1¹¹⁰oe
340 2856 401 2922 1³0⁵t
416 2853 531 2902 88888888
544 2840 692 2910 0¹00P1¹²rae
705 2838 856 2908 8880888818,
911 2841 1041 2900 visionem
1067 2852 1095 2899 et
1123 2846 1277 2915 prophetias
1305 2861 1415 2913 omnes,
1432 2862 1500 2920 quas
1528 2850 1644 2906 adventu
1658 2846 1709 2908 suo

60 2951 181 3007 nascitur
196 2943 328 3002 Christus.
348 2940 381 2994 Et
398 2931 546 3007 supervixit
564 2931 636 2986 idem
649 2931 807 3001 Augustus,
823 2942 860 2982 ea
914 2929 1079 3001 adimplevit.
1105 2931 1183 2988 Unde
1211 2931 1368 2990 firmissime
1396 2934 1460 2991 dicit
1480 2938 1622 2994 adventum
1652 2943 1712 3011 ejus

62 3055 116 3112 quo
132 3035 254 3094 nascitur
274 3030 408 3092 Christus,
433 3023 512 3081 anuis
531 3024 575 3077 lli.
598 3020 633 3075 Et
656 3025 734 3073 erunt
758 3016 861 3088 reliqua
877 3027 898 3107 c
916 3019 1024 3092 signare
1037 3019 1126 3077 visum
1143 3029 1170 3076 et
1185 3023 1366 3093 prophetiam.
1382 3025 1475 3096 Itaque
1498 3027 1671 3087 ostendentes
1686 3039 1713 3087 et

63 3139 189 3202 tempera
207 3137 345 3196 ¹asinorum
369 3119 396 3173 in
417 3115 489 3172 diem
511 3109 659 3169 nativitatis
683 3106 782 3162 Christi
802 3107 859 3178 (39)
915 3124 1209 3170 numerumnunerum
1230 3118 1258 3168 ct
1279 3119 1385 3186 tempus
1404 3118 1438 3171 60
1460 3118 1574 3175 duarum
1593 3130 1620 3176 et
1634 3121 1714 3177 dimi·
1738 3104 1740 3107 ¹

753 3222 850 3286 Variae
873 3227 1031 3290 lectiones.

96 3352 121 3392 ⁸¹
131 3349 313 3410 Ostendemus
324 3344 376 3401 alii
387 3341 497 3398 hahent.
508 3338 533 3378 ⁸²
543 3330 745 3415 Quoniamflcod.
757 3332 904 3389 Diviomet
918 3333 1030 3414 Dieron.
1042 3335 1075 3390 io
1086 3337 1159 3393 Dan.
1171 3338 1215 3393 ιχ,
1226 3336 1251 3376 ea
1262 3337 1285 3394 Α
1296 3336 1460 3408 peffecpone
1471 3339 1558 3398 Men·
1573 3342 1683 3401 oberth.
1695 3347 1717 3401 Α

67 3420 272 3498 prophetatione
285 3415 421 3473 sermonis
435 3413 516 3484 hujus
525 3411 597 3466 uude
612 3420 740 3488 aprima,
752 3403 881 3484 etc-cod.
893 3405 1002 3460 Dtoioo.
1016 3404 1253 3479 Aprophetatione
1263 3414 1398 3466 sermonis
1408 3411 1490 3480 th‘ns
1506 3414 1576 3468 uude
1589 3431 1605 3469 a
1620 3416 1717 3486 primo,

10 3540 12 3549 ·
67 3505 117 3554 etc.
132 3491 314 3555 commutari.
326 3489 351 3543 Α
364 3483 571 3558 prophetatione
587 3478 726 3551 tepitioct
740 3474 817 3547 apud
832 3476 944 3532 Hieron.
960 3477 984 3513 88
998 3477 1170 3547 acipensere
1186 3480 1236 3534 tiit.
1252 3480 1277 3518 ⁸⁵
1292 3479 1423 3549 Quoniam
1438 3485 1523 3538 l'rao.
1539 3485 1564 3524 86
1577 3488 1719 3544 Devjppffip

10 3576 12 3587 '
67 3566 259 3625 hieremiae.
274 3560 298 3599 88
306 3561 402 3616 Postea
416 3556 492 3613 abest
506 3571 524 3609 a
543 3553 606 3610 Veri.
623 3551 648 3587 88
660 3547 866 3628 Quillicroo3³⁹
878 3547 1045 3605 Tribunatur
1059 3549 1146 3608 Rhea.
1157 3551 1183 3589 9⁰
1198 3552 1358 3623 Proplietam
1373 3552 1461 3612 olen.
1480 3555 1590 3616 Obortis,
1601 3558 1624 3597 91
1640 3559 1720 3615 Enim

68 3641 144 3696 otest
158 3654 176 3694 u
191 3635 282 3693 ahin.
297 3636 325 3690 et
341 3627 453 3688 Obertti.
471 3627 496 3665 ⁹2
507 3621 648 3695 Prophetis
663 3628 703 3676 est
716 3634 776 3690 qnae
791 3617 854 3673 atii.

771 3717 1020 3782 Commentarius.

72 3844 216 3901 Persarum
239 3853 328 3911 usquc
346 3835 380 3892 ad
403 3833 571 3890 nativitatem
587 3838 613 3885 et
626 3826 789 3954 [passionem
810 3824 869 3879 Do·
961 3825 1019 3905 (30)
1040 3829 1178 3899 ltepauoit
1194 3831 1282 3887 anais
1306 3833 1340 3886 33
1365 3830 1479 3888 llieron.
1499 3853 1510 3885 i
1529 3834 1577 3890 Cui
1594 3837 1723 3894 successit

34 3923 35 3926 ’
72 3915 146 3983 ηἰηἰ,
168 3921 196 3970 et
210 3912 243 3968 ad
258 3910 393 3967 excidium
406 3905 554 3962 Jerusalem
569 3915 623 3982 quo
634 3969 639 3981 ι
651 3903 808 3977 tactumest
824 3911 871 3966 por
925 3895 1115 3969 Philadelphus
1130 3917 1245 3972 regnans
1260 3917 1305 3957 an.
1322 3902 1432 3972 triginta
1447 3912 1519 3961 octo.
1536 3925 1549 3956 b
1569 3908 1631 3963 ltro,

72 3985 270 4059 Vespasianum
289 3980 397 4052 imperii
419 3974 535 4033 Romani
556 3985 726 4044 principem,
752 3966 870 4048 impletae
950 3966 1019 4046 Ι(38)
1034 3970 1723 4052 Videraasootcmqaooiamlbetlaaooiiaposti.

73 4069 130 4114 sunt
156 4055 336 4114 hebdomadae
362 4049 542 4120 septuaginta,
565 4059 624 4116 quae
642 4048 704 4096 sunt
723 4054 786 4093 aum
808 4039 869 4104 biit),
926 4037 1029 4093 Citatur
1043 4041 1086 4095 bic
1102 4042 1177 4097 locus
1192 4044 1219 4096 in
1237 4045 1348 4100 Eusebii
1367 4045 1523 4112 Claros-teir,
1539 4051 1725 4107 examinatur-

74 4132 115 4202 qiii
132 4134 281 4251 computus
295 4141 345 4197 per
367 4137 451 4193 regna
468 4129 495 4175 ct
517 4133 565 4187 per
579 4112 767 4171 successiones
781 4109 869 4179 impe·
924 4124 977 4234 fue
996 4109 1238 4169 Animadversioue
1254 4116 1311 4171 tos.
1338 4115 1471 4188 scaligeri
1486 4119 1521 4172 ad
1535 4135 1611 4175 uum.
1627 4136 1722 4177 nuxia

75 4203 104 4258 rii
119 4199 197 4254 niani
210 4205 284 4252 estus
307 4202 359 4265 est,
381 4191 518 4265 quomodo
537 4204 554 4242 a
579 4183 743 4268 'tertulliano
761 4193 872 4248 compu-
939 4195 1057 4261 veniens,
1073 4180 1120 4237 lib.
1136 4198 1198 4257 cap.
1214 4188 1248 4240 25
1274 4204 1281 4241 ε
1300 4208 1311 4237 i
1329 4187 1406 4243 Circa
1424 4189 1540 4256 primum
1563 4199 1590 4245 et
1607 4192 1725 4261 quadre-

76 4281 164 4328 ntum
178 4267 308 4324 iuvenitur
329 4268 358 4322 in
372 4265 442 4321 libro
457 4275 537 4334 quem
560 4262 667 4328 scripsit
681 4253 811 4337 adversus
825 4250 872 4330 Ju·
926 4267 1059 4322 gesimam
1080 4269 1178 4308 anuum
1194 4257 1310 4329 Augusti
1324 4256 1443 4328 imperii.
1463 4278 1473 4307 i
1491 4259 1553 4315 llic.

75 4343 151 4399 daeos
169 4356 177 4396 :
194 4339 268 4412 quod
290 4355 324 4396 ue
348 4338 381 4392 ad
406 4335 533 4403 iojnriam
557 4330 616 4399 ejus
642 4327 795 4406 proiceret,
811 4336 874 4391 qiiia
948 4322 1062 4404 Ι(39)Ε(
1077 4329 1163 4382 eruat
1176 4327 1285 4397 retiano
1297 4331 1424 4400 ternpore
1432 4346 1534 4387 aanor.
1546 4332 1577 4385 iti
1588 4327 1663 4384 diem
1675 4345 1726 4386 oo-

77 4411 329 4482 benecomputavit,
340 4406 570 4479 pretermisimus.
593 4402 627 4455 Et
637 4411 699 4479 quis
712 4393 829 4463 ambigat
839 4393 873 4448 de
889 4379 912 4459 ss
928 4397 1054 4477 tractatis
1070 4396 1228 4462 Christiln
1242 4397 1369 4454 Puldeusi
1380 4399 1478 4471 legitur
1493 4417 1500 4454 ε
1518 4420 1530 4450 i
1548 4402 1578 4455 ln
1589 4399 1662 4453 diem
1678 4416 1726 4455 na-

79 4485 126 4543 boe
141 4496 278 4550 uumero,
295 4496 358 4539 cum
372 4478 485 4535 trecenti
499 4474 608 4531 circiter
622 4485 685 4525 anm
698 4480 769 4521 nnuc
781 4478 874 4544 ¹super
930 4475 1039 4523 tivitatis
1068 4467 1166 4524 Christi
1192 4483 1292 4523 annum
1319 4470 1364 4538 ll,
1385 4480 1446 4538 post
1469 4478 1583 4526 mortem
1611 4470 1728 4542 Cleopa·

79 4556 147 4613 buuc
161 4569 305 4612 numerum
319 4550 510 4609 inveniantur?
528 4545 591 4599 bEx
606 4541 704 4614 quibus
714 4537 804 4617 verbis
816 4534 874 4591 col·
928 4547 977 4593 trae
992 4541 1025 4592 20
1040 4542 1093 4594 etl
1108 4539 1408 4613 Augusto‚efiiciuutnr
1422 4540 1484 4596 anni
1500 4543 1552 4596 430
1566 4550 1592 4598 et
1606 4543 1634 4609 7,
1651 4558 1728 4597 men·

80 4625 172 4702 mitur
184 4633 253 4683 aetas
276 4624 357 4693 hujus
370 4620 509 4694 scriptoris
524 4616 664 4688 aliquanto
682 4622 806 4682 superior
818 4607 874 4663 hu·
929 4625 973 4664 ses
989 4613 1015 4679 5,
1041 4610 1134 4691 iiidie
1159 4612 1261 4668 nativit.
1293 4631 1304 4661 i
1336 4613 1418 4682 Apud
1442 4610 1635 4683 Hieronymum
1659 4628 1727 4668 vero

81 4697 272 4771 guadamiro.
827 4749 832 4760 Ι
930 4681 1097 4738 emendatius
1118 4699 1124 4738 ε
1144 4684 1205 4738 «tlt
1227 4690 1306 4738 erunt
1329 4684 1431 4755 reliqna
1455 4690 1579 4755 tempora
1595 4687 1727 4737 annornm

111 4770 173 4843 (33)
187 4764 497 4842 dipensationem
510 4758 625 4818 Eusebio
641 4760 812 4825 nuncapatur
826 4755 877 4805 iste
931 4753 958 4808 in
977 4753 1050 4808 diem
1066 4753 1210 4809 nativitatis
1226 4754 1387 4822 Christi,iii
1410 4770 1511 4811 annum
1530 4753 1648 4826 Augusti
1660 4768 1730 4825 qua·
1769 4798 1774 4810 .

85 4843 173 4912 tries,
188 4855 207 4895 a
221 4839 342 4910 Sulpicio
357 4841 432 4902 Arse,
448 4835 491 4893 cui
506 4832 614 4888 interim
630 4830 663 4884 ab
676 4827 787 4882 illisant
801 4826 817 4877 l
832 4827 877 4876 aut
931 4824 1116 4898 dragesimam
1133 4827 1248 4896 primum
1272 4835 1332 4896 post
1351 4835 1466 4884 mortem
1481 4827 1649 4898 Cleopatrae,
1667 4823 1729 4880 anni

85 4913 177 4969 tenui
191 4910 356 4972 tribuuntur,
372 4908 453 4964 Dario
468 4912 484 4962 6
499 4906 641 4960 duntaxat.
660 4900 728 4954 Pau.
932 4898 994 4965 437,
1008 4912 1095 4953 mens.
1111 4899 1138 4962 5,
1159 4918 1170 4947 i
1188 4907 1240 4953 etc.
1255 4899 1318 4954 Rie.

114 4983 176 5058 (36)
190 4981 353 5039 Alexander
362 4979 480 5045 Macedo,
495 4976 579 5032 eoois
588 4972 742 5030 duodecim.
751 4967 790 5022 lis
806 4962 878 5048 baud
969 4969 1025 5037 (40)
1039 4970 1241 5038 sanctificante
1250 4986 1338 5043 aquas
1348 4971 1379 5024 iii
1389 4985 1438 5026 soo
1449 4972 1628 5043 baptismate.
1639 4967 1733 5026 Simile

87 5054 163 5112 dubia
176 5053 363 5127 legendumex
377 5048 630 5120 lt.llicroaymo(iri
640 5059 660 5099 η
671 5057 733 5113 cop.
741 5036 877 5121 haiim),
934 5047 975 5094 est
989 5038 1054 5120 illud
1074 5041 1105 5095 Β.
1121 5041 1260 5112 Cypriani,
1273 5056 1399 5096 sermone
1414 5043 1448 5097 de
1458 5042 1594 5114 baptismo
1608 5043 1707 5099 Christi
1723 5055 1730 5095 ε

88 5125 196 5196 beroso,
213 5131 241 5182 et
254 5123 376 5194 Sulpicio
389 5122 490 5179 Severo
505 5121 588 5192 (litet.
608 5131 713 5180 sacrm,
731 5108 836 5192 libii),
854 5115 882 5164 et
934 5110 1064 5192 Veniebat
1087 5113 1211 5168 Christus
1229 5116 1262 5168 ad
1287 5113 1470 5184 baptismum,
1488 5130 1540 5171 non
1560 5131 1644 5188 egens
1663 5117 1734 5170 lava·

89 5196 184 5255 diosas
196 5196 333 5254 ordinaria
356 5210 405 5267 pro
420 5208 452 5252 eo
464 5192 539 5265 quod
562 5198 657 5254 anna,
673 5194 700 5241 et
713 5184 756 5266 liic
770 5188 796 5236 et
809 5178 881 5252 apud
935 5197 992 5250 cro,
1009 5198 1035 5235 in
1051 5199 1104 5253 qno
1130 5193 1270 5255 peccatum
1285 5200 1340 5242 uon
1363 5193 1435 5254 erat,
1459 5188 1507 5242 sed
1522 5193 1553 5242 ut
1567 5193 1734 5243 sacramento

89 5267 251 5327 Pomoes'ium
264 5267 369 5325 decem.
386 5268 418 5323 Et
430 5275 544 5339 possunt
561 5258 721 5318 concordari
743 5269 805 5311 cum
828 5252 883 5307 llu-
936 5255 1062 5325 perennis
1084 5255 1195 5311 daretur
1213 5258 1371 5314 auctoritas.
1394 5279 1405 5308 lt
1432 5258 1494 5313 Loci
1513 5259 1658 5312 adnotandi
1672 5272 1736 5312 cori·

89 5341 155 5398 sebii
169 5339 250 5396 anaia
262 5356 310 5396 sex
324 5341 464 5402 duntaxat,
479 5337 546 5409 quia
566 5335 611 5390 ille
634 5339 775 5386 successor
789 5322 883 5379 Ptole·
938 5336 979 5382 tra
992 5326 1129 5382 Calvinum
1145 5337 1171 5383 et
1186 5328 1263 5395 alios,
1279 5330 1325 5400 qni
1340 5335 1441 5401 negant
1455 5344 1552 5400 aquam
1568 5328 1737 5397 inbaptismo

92 5427 156 5470 beo
170 5411 248 5485 Lago
262 5410 273 5484 (
287 5410 334 5486 qui
348 5411 394 5468 liic
407 5419 434 5465 et
447 5409 566 5481 losepho
582 5404 676 5476 ilatio.
691 5399 738 5455 lib.
755 5411 808 5466 nii,
821 5409 880 5465 cap.
938 5398 1133 5469 necessariam,
1150 5399 1239 5471 qualis
1254 5403 1334 5456 etiam
1358 5409 1398 5456 est
1418 5401 1500 5473 epist.
1521 5404 1538 5455 2
1560 5401 1589 5452 lt.
1611 5395 1739 5470 Cypriani

94 5483 215 5544 isirin
237 5481 361 5556 vocatur]
380 5481 500 5539 attribuit
523 5493 610 5536 anuos
629 5478 673 5541 ab,
703 5477 797 5526 auctor
820 5479 885 5524 vero
939 5471 972 5525 ad
987 5471 1137 5542 Donatum,
1151 5471 1186 5527 ad
1208 5488 1290 5544 quem
1305 5472 1496 5530 adnotationes
1519 5479 1627 5528 nostras
1649 5468 1741 5526 videat

94 5555 222 5684 {retaxat
235 5556 281 5624 33,
295 5555 332 5616 ita
346 5561 377 5614 ut
391 5553 480 5614 solum
493 5553 520 5608 in
534 5565 589 5609 uuo
602 5559 673 5606 anuo
688 5541 822 5600 differant.
941 5541 1037 5635 lector,
1057 5558 1132 5600 num.
1149 5547 1175 5600 8.
1191 5543 1262 5600 siri.

110 5642 159 5689 tn.
