3840 6134
128 268 182 330 ιιι
312 216 320 234 ’
475 259 693 327 retroneum
718 258 852 325 ιιιιιιι
869 259 952 324 atus
968 258 1004 324 ιι
1023 288 1060 307 -
1078 255 1193 322 stains
1211 258 1235 331 r,
1254 255 1425 322 ιοιιιιιιι.
1719 253 1776 318 roo

128 401 183 451 tera
204 387 293 447 carnia
313 395 396 460 atque
417 387 514 447 animae
535 388 695 462 jamdudum
719 385 923 448 commendatri-
939 403 964 484 g
979 387 1075 445 anime
1091 402 1184 454 censu,
1199 386 1246 445 aed
1261 382 1390 459 paulatim
1411 398 1458 456 per
1472 380 1558 441 etatis
1576 377 1664 456 spatie
1676 393 1774 452 proea-

129 497 190 537 mua
213 496 229 534 a
251 479 456 537 concretione⁸
478 480 613 536 seminum
636 480 755 550 ipsorum
779 494 867 552 usque
889 477 923 533 ad
978 477 1051 545 dere,
1067 476 1181 536 etruria
1200 493 1248 550 per
1267 473 1414 533 accidentia
1437 471 1563 539 eradere,
1585 485 1635 544 pro
1659 470 1773 536 artibus,

128 566 251 640 figmenti
263 567 469 639 perlectionem.
479 569 596 626 Perinde
605 585 687 637 nunc,
696 577 749 625 eta
767 566 925 623 nativitate⁹
977 578 1028 639 pro
1057 565 1195 636 institutis,
1214 580 1264 638 pro
1278 565 1355 633 loeis,
1371 579 1420 636 pro
1434 561 1658 618 dominatricibus
1680 570 1774 632 potes-

128 658 308 724 delendimus,
337 659 471 731 imprimis
499 659 572 730 quod
600 659 680 716 simul
707 665 853 726 crescunt,
876 656 926 712 sed
977 655 1096 714 tatibus:
1123 657 1195 729 quod
1224 664 1313 712 tamen
1342 652 1421 711 tueiat
1447 651 1482 708 ad
1507 650 1595 708 earnis
1624 649 1777 721 animaeque

127 747 234 805 diversa
262 748 286 786 ¹⁰
315 747 418 803 ratione
443 763 492 818 pro
517 763 646 822 generum
670 745 844 814 conditione;
862 758 925 802 caro
978 747 1143 816 propositam
1167 759 1237 799 nuuc
1265 741 1440 811 societatem,
1473 740 1640 807 pubertatem
1667 751 1777 810 quoque

128 835 250 906 modulo,
274 836 366 892 anima
389 837 510 910 ingenio,
526 851 588 892 caro
602 835 705 906 habitu,
720 833 809 891 anima
831 850 924 890 sensu.
979 833 1121 890 animalem
1143 849 1204 889 sum
1226 831 1325 888 carnali
1348 829 1462 886 dicimus
1486 825 1640 893 convenire,
1660 825 1777 895 pariter-

129 923 291 996 Caeterum,
328 925 443 981 animam
482 925 633 980 substantia
659 939 779 981 erescere
819 939 924 997 negan-
977 939 1030 995 que
1051 933 1079 980 et
1101 923 1174 979 illam
1197 932 1328 996 suggestu
1352 933 1491 987 sensuum,
1507 923 1535 973 et
1548 916 1626 970 istam
1647 929 1776 986 processu

128 1012 193 1069 dum
220 1021 272 1080 est,
302 1014 442 1068 ucetiam
469 1014 624 1071 decrescere
649 1011 798 1068 substantia
812 1012 924 1079 dicatur,
978 1013 1160 1069 membrorum
1182 1027 1336 1087 exsurgere,
1364 1025 1380 1064 a
1404 1014 1500 1085 quarto
1527 1004 1631 1060 decimo
1659 1001 1715 1058 lere
1734 1017 1779 1057 an·

129 1110 209 1173 atque
223 1102 260 1158 ita
274 1109 302 1158 et
315 1101 451 1160 defectura
474 1102 598 1158 credatur
621 1100 687 1174 (bt).
711 1101 765 1157 Sed
789 1100 830 1159 vis
853 1101 923 1171 eius,
978 1115 1028 1157 no:
1050 1116 1105 1157 nou
1123 1100 1185 1172 quia
1207 1098 1385 1170 Asclepiades
1405 1095 1468 1151 inde
1492 1092 1653 1163 sapientiam
1669 1106 1777 1162 suppu-

128 1189 159 1246 ιι
182 1207 236 1262 qua
256 1190 388 1246 naturalia
408 1190 516 1262 peculia
540 1189 645 1247 consita
667 1189 827 1256 retinentur,
852 1189 926 1245 salvo
978 1186 1411 1261 tat,necqulajuracirilialb'l)
1430 1184 1547 1241 abhinc
1570 1180 1685 1257 agendis
1699 1180 1779 1236 rebus

129 1279 289 1336 substantiae
314 1279 426 1336 modulo
452 1295 506 1351 quo
533 1295 549 1334 a
576 1278 726 1352 primordio
757 1277 851 1334 inflata
873 1286 925 1350 est,
979 1278 1184 1349 adtemperant,
1214 1277 1262 1332 sed
1289 1276 1417 1350 qnoniam
1440 1280 1467 1330 et
1490 1272 1550 1327 baec
1572 1272 1606 1327 de
1628 1269 1778 1342 primordio

128 1367 257 1438 paulatim
279 1382 342 1423 eum
366 1383 446 1424 carne
465 1366 631 1437 producitur.
659 1367 799 1424 Constitue
823 1373 925 1423 certum
979 1365 1047 1421 ratio
1066 1373 1116 1423 est.
1140 1365 1168 1422 Si
1190 1365 1262 1421 enim
1284 1364 1374 1421 Adam
1396 1372 1423 1420 et
1445 1363 1546 1418 Evaex
1560 1358 1700 1432 agnitione
1714 1358 1778 1414 boni

129 1456 237 1528 pondus
251 1455 310 1512 auri
324 1456 367 1512 vel
380 1456 488 1528 argenti
500 1457 569 1529 (55),
585 1457 678 1512 rudem
690 1455 779 1512 adbuc
788 1471 925 1525 massam;
980 1462 1008 1509 et
1021 1455 1086 1510 mali
1106 1455 1233 1525 pudenda
1251 1462 1346 1526 tegere
1369 1458 1522 1518 senscrunt,
1537 1466 1572 1506 ex
1593 1463 1648 1519 quo
1661 1446 1779 1520 idipsum

128 1543 259 1601 collectus
272 1545 379 1602 babitus
403 1554 445 1602 est
466 1545 516 1612 illi,
541 1552 568 1601 et
590 1543 679 1601 laturo
699 1543 806 1600 interim
824 1543 923 1609 minor,
940 1577 963 1655 Β
978 1545 1120 1613 scutimus,
1143 1545 1309 1616 agnitionem
1322 1541 1386 1599 boni
1401 1550 1428 1598 et
1442 1539 1505 1598 mali
1527 1537 1706 1609 profitemur.
1739 1536 1781 1592 Ab

127 1641 221 1689 ιιιιιιι
242 1633 383 1690 ιιιιιιιιι
405 1634 474 1690 intra
498 1634 593 1688 lineam
615 1631 718 1688 moduli
741 1639 825 1687 totum
852 1631 924 1703 quod
982 1634 1026 1689 his
1047 1640 1137 1690 autem
1161 1635 1238 1690 suuis
1258 1641 1285 1691 et
1308 1630 1439 1689 suffusior
1453 1635 1480 1685 et
1498 1623 1618 1683 vestitior
1632 1636 1715 1678 sexus
1728 1626 1779 1683 eet,

128 1732 226 1779 natura
243 1731 283 1779 est
306 1724 365 1779 auri
391 1723 431 1779 vel
453 1722 576 1794 argenti;
602 1722 711 1790 debinc,
726 1738 786 1777 cum
805 1722 834 1777 iu
847 1721 928 1777 lami·
980 1710 1008 1779 et
1025 1720 1244 1792 concupiscentia
1264 1720 1350 1777 oculis
1371 1718 1479 1776 arbitris
1500 1716 1594 1780 utitur,
1614 1719 1642 1769 et
1660 1724 1780 1768 eommu-

128 1827 192 1867 nam
216 1827 306 1868 massa
328 1810 441 1876 laxatur,
459 1812 544 1880 major
567 1809 681 1868 eflicitur
702 1811 779 1867 initio
799 1825 859 1879 suo,
881 1826 929 1881 per
981 1811 1053 1866 nicat
1074 1809 1200 1881 placitum
1224 1811 1290 1880 (58),
1313 1819 1341 1865 et
1363 1806 1490 1878 intelligit
1517 1819 1578 1876 quae
1599 1802 1653 1857 sint
1666 1800 1735 1870 (59),
1756 1805 1782 1853 ct

128 1898 316 1955 dilatationem
341 1897 469 1971 ponderis
491 1898 566 1964 certi,
583 1915 636 1954 uon
652 1915 701 1971 per
723 1899 927 1971 adjectionem
980 1897 1048 1954 fines
1070 1914 1134 1954 suos
1157 1898 1191 1953 ad
1213 1898 1298 1954 instar
1321 1896 1446 1953 ficulneas
1469 1890 1638 1965 contagionis
1661 1887 1782 1962 prurigi-

128 1991 193 2043 dum
208 1986 370 2052 extenditur,
386 2001 441 2041 non
467 1984 531 2042 dum
553 1997 676 2059 augetur.
692 1988 750 2043 Etsi
765 1989 804 2043 sic
819 2001 928 2060 quoque
981 2002 1016 2044 ne
1029 1989 1092 2057 (60)
1100 1988 1223 2059 accingit,
1240 1994 1266 2044 et
1280 1986 1418 2044 bominem
1439 1986 1473 2041 de
1496 1981 1621 2054 paradiso
1636 1977 1782 2050 iutegrita-

128 2082 252 2147 augetur,
277 2075 342 2129 dum
364 2075 537 2143 extenditur3
554 2075 617 2130 licet
630 2075 700 2130 enim
714 2076 809 2131 habitu
823 2073 926 2149 augeri,
981 2077 1017 2134 tis
1031 2077 1130 2142 educit,
1148 2077 1246 2133 exinde
1268 2076 1379 2132 scabida
1401 2076 1483 2130 etium
1505 2073 1532 2127 in
1551 2077 1661 2127 caeteras
1674 2068 1781 2138 culpas,

128 2176 189 2218 oum
206 2168 276 2218 statu
296 2176 350 2218 non
371 2162 445 2219 lieet.
463 2163 539 2220 'l'unc
562 2174 589 2221 et
602 2163 731 2236 splendor
746 2165 768 2204 ¹¹
782 2164 840 2233 ipso
862 2177 928 2234 pro·
980 2171 1010 2220 et
1031 2163 1205 2238 delinquendi
1230 2165 1254 2203 ¹⁵
1273 2180 1328 2221 nou
1353 2162 1499 2227 naturales,
1515 2176 1579 2216 cum
1600 2159 1729 2230 jamnon
1750 2169 1784 2210 ex

128 2249 235 2307 rebitur
249 2249 273 2289 ¹¹
287 2251 346 2307 auri
362 2251 403 2309 rel
417 2252 532 2324 argenti,
556 2251 604 2324 qul
626 2251 714 2311 luerat
734 2251 844 2326 quidem
860 2261 887 2308 ιι
901 2251 929 2308 ιι
980 2251 1103 2310 ιιιιιιιιι
1127 2261 1244 2320 uaturae,
1267 2253 1315 2310 sed
1338 2270 1372 2310 ex
1394 2251 1470 2309 vitio.
1497 2250 1645 2312 Caeterum,
1672 2244 1782 2316 proprie

129 2354 229 2406 massa,
251 2340 299 2397 sed
323 2341 474 2408 obscurior,
503 2357 557 2399 nou
581 2348 671 2399 tamen
694 2342 794 2414 nullus,
816 2349 880 2398 tuno
902 2347 930 2398 et
980 2343 1110 2399 naturalis
1142 2341 1358 2415 eoncupiscentia
1391 2341 1471 2398 unica
1503 2349 1564 2405 est,
1593 2336 1783 2392 alimentorum

128 2426 175 2483 alii
197 2437 276 2499 atque
295 2429 340 2483 alii
362 2429 470 2485 babitus
492 2429 623 2486 accedunt
646 2445 697 2502 pro
720 2430 846 2487 facilitate
869 2445 929 2485 ma·
982 2431 1160 2498 solummodo,
1182 2447 1261 2503 quant
1284 2431 1358 2488 Deus
1380 2430 1454 2487 etin
1478 2424 1627 2501 primordio
1646 2421 1783 2480 contulit:

131 2518 207 2574 terte
220 2532 274 2589 qua
288 2517 395 2573 duxerit
419 2533 478 2574 eam
501 2520 547 2590 qui
562 2519 618 2590 agit
641 2517 675 2586 ¹³,
695 2518 764 2574 nihil
786 2518 929 2576 conterens
982 2522 1026 2577 lie
1040 2521 1118 2577 oanni
1133 2520 1218 2593 ligno,
1232 2519 1319 2590 inquit
1332 2519 1411 2592 (Gen.
1427 2520 1481 2592 ιιι),
1496 2518 1585 2575 edetis
1595 2535 1605 2584 ,·
1615 2520 1643 2570 et
1656 2510 1784 2568 secundae

128 2604 240 2661 modulo
256 2605 308 2662 uisi
332 2605 461 2678 efigiem.
478 2607 518 2662 lta
542 2616 569 2664 et
582 2607 681 2664 animae
695 2620 832 2666 crementa
845 2623 930 2679 repu·
983 2619 1044 2681 post
1058 2609 1188 2665 diluvium
1205 2609 1337 2682 geniturae
1360 2622 1553 2680 supermensus
1576 2612 1616 2660 cst
1631 2603 1715 2673 (Gen.
1728 2599 1781 2671 ιι);

130 2694 222 2763 moda,
234 2694 473 2764 nousubstantira,
486 2695 534 2754 sed
550 2697 703 2768 provectiva
718 2697 751 2753 ¹¹.
983 2700 1052 2761 Eece
1065 2698 1129 2756 dedi
1143 2696 1217 2754 vobis
1231 2700 1326 2755 omnio
1334 2700 1366 2755 in
1380 2713 1483 2766 ereum,
1499 2691 1785 2768 tenpuomoierose·

192 2796 201 2803 '
713 2777 721 2793 ⁸
983 2787 1032 2854 ni;
1049 2800 1224 2859 prospectans
1242 2785 1266 2825 ¹⁶
1281 2801 1335 2841 non
1351 2797 1403 2840 tam
1418 2785 1515 2840 animae
1529 2797 1609 2854 quam
1631 2777 1719 2843 carni,
1733 2776 1785 2833 etsi

329 2826 416 2886 ΗΒ
441 2827 555 2887 CAPUT
576 2829 734 2886 mvm'
983 2881 1095 2945 propter
1116 2874 1243 2928 animam.
1267 2873 1423 2930 Auferenda
1444 2881 1484 2928 est
1511 2871 1584 2926 enirn
1607 2875 1783 2940 argumenta-

165 2960 335 3033 Quamquam
359 2971 448 3017 autem
471 2971 499 3018 et
521 2970 592 3019 retro
608 2963 853 3035 praestruxerimuS,
867 2978 928 3019 om·
944 2955 966 3036 c
981 2962 1047 3017 toris
1070 2961 1188 3026 occasio,
1213 2961 1259 3033 qui
1282 2965 1354 3035 quod
1377 2964 1468 3018 anima
1490 2960 1644 3016 desiderare
1657 2954 1784 3012 videatur

128 3048 174 3104 ula
186 3050 318 3104 naturalia
330 3049 428 3106 animae
444 3051 502 3123 (56)
514 3049 570 3122 ipsi
584 3050 741 3107 substantias
758 3050 847 3104 inesse
863 3065 928 3120 per·
981 3050 1116 3115 alimenta,
1139 3048 1219 3107 117
1243 3050 1307 3107 bine
1328 3065 1436 3123 quoque
1460 3046 1604 3107 mortalem
1620 3060 1681 3103 tam
1700 3043 1782 3099 intel·
1799 3058 1801 3061 ·

130 3137 242 3194 tinentia
263 3140 298 3194 ad
321 3154 429 3196 sensum
457 3147 485 3197 st
505 3140 679 3211 intellectum,
704 3148 732 3197 et
753 3156 787 3197 ιιι
807 3139 927 3213 ingenito
981 3140 1028 3214 ligi
1042 3139 1125 3211 cupit,
1148 3154 1209 3210 ιιι
1223 3139 1292 3196 cibis
1314 3141 1488 3208 sustineatur,
1512 3136 1631 3208 denique
1644 3132 1791 3208 derogatis

823 3268 920 3331 Variae
940 3271 1095 3331 lectiones.

104 3433 106 3437 ,
164 3372 408 3499 ⁸Congreggitione
431 3374 490 3431 cod.
512 3373 682 3457 Agobnrd.⁹
710 3374 742 3430 Et
754 3374 918 3431 nativitatem
948 3373 1009 3458 eod.
1031 3375 1110 3446 Apob.
1134 3372 1158 3410 ¹⁰
1180 3372 1273 3427 Divisa
1308 3374 1371 3444 Ilig.
1389 3374 1458 3454 Ιιἰι.
1473 3370 1495 3410 ¹¹
1526 3371 1696 3444 Exsplendor
1721 3373 1781 3443 llip.

137 3445 202 3503 Ven.
219 3445 244 3483 ¹¹
260 3446 309 3501 Per
339 3447 418 3501 betur
431 3448 485 3502 olii
499 3462 595 3501 manns
610 3448 688 3502 bene.
704 3445 729 3483 ²³
752 3448 825 3512 Aget
850 3447 916 3502 Per.
932 3445 984 3502 ulit
998 3452 1081 3517 auget
1107 3445 1174 3500 lon.
1204 3443 1228 3482 ¹¹
1257 3444 1430 3500 Provocatrva
1452 3460 1548 3502 omnes
1584 3447 1694 3516 proeter
1715 3444 1781 3501 iun.

131 3514 156 3554 ¹⁵
175 3515 350 3588 Deliuquenti
363 3519 430 3574 Jnn.
447 3517 472 3555 ¹⁶
486 3516 658 3588 Prospectum
673 3517 754 3572 Pom.
770 3517 858 3574 liben.

822 3585 1076 3652 Commentarius.

168 3707 227 3778 (et)
245 3710 376 3765 Animam
393 3709 553 3766 substantio
562 3724 687 3766 erescere
699 3709 861 3779 negandum
875 3713 928 3778 eri,
981 3708 1122 3765 rarescat?
1138 3727 1150 3759 r
1164 3713 1216 3765 etc.
1228 3707 1298 3779 (tib.
1309 3708 1374 3766 xde
1386 3710 1453 3766 Gen.
1465 3707 1502 3766 od
1514 3708 1572 3766 tttt.
1583 3725 1609 3766 e.
1621 3709 1700 3778 ιιι).
1713 3710 1781 3766 Pau.

132 3793 168 3835 ne
178 3781 266 3834 etiam
275 3779 431 3836 decrescere
441 3780 730 3845 snbstantiodiontnr,
738 3782 823 3850 utque
832 3783 876 3836 ita
885 3780 930 3837 de·
1018 3780 1072 3851 (56)
1092 3780 1244 3837 Naturalia
1258 3781 1372 3837 animae.
1389 3778 1495 3837 Peculia
1508 3780 1623 3850 scilieet,
1639 3788 1670 3837 ut
1687 3797 1780 3850 supra.

132 3851 246 3920 iectura
264 3849 406 3904 credatur.
431 3850 615 3929 Augustinus:
635 3870 646 3899 r
670 3848 769 3903 Timuit
793 3851 927 3915 videlicet,
981 3849 1048 3907 ltro.

133 3933 170 3973 no
192 3915 320 3973 deficeret
343 3918 421 3973 ctiam
444 3920 590 3974 minuendo
614 3919 637 3975 si
658 3927 803 3987 cresceret,
825 3928 851 3975 et
874 3936 927 3977 non
1018 3922 1076 3991 (57)
1092 3921 1225 3994 Necqoio
1234 3922 1424 4003 jumelvilla,
1440 3921 1541 3977 lterum
1563 3934 1673 3977 suarum
1693 3920 1782 3976 adrni-
1831 3981 1832 3985 ,

133 3987 222 4043 timuit
235 4000 264 4042 ut
279 3986 405 4042 deficeret
420 3989 579 4046 rarescendo
601 4005 663 4049 oum
682 3999 822 4046 cresceret.
841 4010 853 4042 ι
874 3991 927 4047 Sed
981 3991 1163 4047 nistratiouem
1187 3993 1295 4065 legibus
1316 3993 1439 4049 civilibus
1463 3992 1588 4061 impubes
1613 3993 1715 4048 babere
1729 4006 1782 4048 noa

133 4072 196 4114 cum
210 4061 324 4113 animam
346 4058 493 4128 Septimius
511 4059 611 4117 dixerit
632 4060 783 4116 substantia
797 4075 927 4118 nonore·
981 4069 1097 4134 poterat,
1121 4078 1207 4134 neque
1229 4066 1420 4119 testamentum
1441 4066 1571 4118 condere.
1593 4063 1716 4133 Tempus
1734 4079 1783 4120 au·

134 4143 222 4192 scere,
235 4138 314 4199 atque
336 4128 374 4184 itu
397 4146 447 4187 nec
469 4129 624 4187 decrescere
648 4146 696 4188 nec
714 4131 838 4200 defleam,
863 4133 928 4188 satis
982 4142 1035 4190 tem
1059 4133 1207 4205 pubertatis
1224 4133 1351 4190 delinitur
1369 4135 1388 4190 l.
1404 4149 1425 4202 1,
1440 4152 1459 4190 o
1472 4150 1528 4207 gno
1542 4136 1627 4190 seinte
1641 4137 1666 4188 l.
1682 4134 1718 4190 D.
1736 4135 1784 4209 pari

134 4199 237 4256 cavisse
259 4199 365 4255 ridetur
388 4217 423 4256 ne
446 4202 607 4258 rarescendo
630 4201 765 4273 deficeret,
781 4218 840 4259 eum
860 4205 927 4259 sub·
944 4238 967 4316 n
983 4209 1098 4261 tesiam.
1110 4206 1166 4275 sae.
1180 4222 1253 4276 poss.
1268 4203 1367 4261 LsPn.

134 4271 233 4325 ιιιιιίι
253 4285 306 4326 ιιι
330 4278 454 4337 ιιιιιιιι,
480 4274 707 4343 quemadmodum
728 4290 777 4330 uec
800 4274 927 4331 substan·
1017 4277 1074 4347 (58)
1087 4276 1283 4356 Gornrnnnicoi
1295 4277 1446 4347 placitum.
1470 4277 1528 4331 iam
1548 4273 1685 4332 communi
1708 4290 1784 4332 oom-

41 4393 52 4407 ,
136 4339 172 4396 ιιι
186 4341 335 4412 decrescat,
351 4343 399 4397 sed
423 4357 471 4412 pro
494 4345 603 4399 modulo
626 4345 750 4417 eorporis
769 4346 841 4401 vires
865 4361 928 4401 suas
983 4346 1060 4417 plexu
1071 4346 1299 4402 cteommistionrs
1313 4346 1450 4415 cupidine.
1466 4347 1529 4402 ιιιι.

134 4421 251 4476 exserat,
272 4419 299 4468 et
322 4412 428 4482 peculia
449 4413 577 4484 proferat.
602 4414 727 4487 Denique
750 4431 850 4487 eorpus
873 4416 925 4471 ani·
1017 4416 1077 4488 (59)
1092 4420 1128 4474 ut
1141 4418 1348 4491 intelligitque
1357 4418 1427 4473 sint.
1442 4418 1500 4472 lam
1516 4424 1628 4488 uterque
1642 4431 1728 4471 sexus
1737 4416 1783 4472 in-

135 4497 187 4536 mae
201 4482 304 4546 tribuit,
327 4484 375 4538 sed
398 4499 497 4556 eorpus
511 4487 552 4542 sui
575 4489 694 4561 generis,
719 4486 770 4542 boc
784 4493 836 4554 est,
851 4486 929 4558 quale
984 4488 1078 4560 telligit
1100 4504 1161 4560 quae
1185 4488 1231 4543 illa
1254 4488 1308 4542 sint
1331 4503 1413 4560 agere
1441 4497 1468 4542 et
1490 4489 1547 4558 pati
1570 4496 1645 4542 nata.
1675 4487 1784 4542 Desunt

135 4553 277 4608 conveniat
297 4554 402 4620 animae,
432 4557 487 4626 cui,
518 4573 577 4611 cum
606 4557 640 4612 sit
668 4558 846 4621 immortalis,
874 4571 929 4613 non
983 4559 1123 4630 utriusque
1145 4575 1227 4614 sexus
1247 4558 1391 4617 vocabula.
1415 4557 1450 4613 Et
1470 4558 1604 4615 consimili
1619 4557 1781 4628 'aposiopesi

134 4623 276 4679 conveniat
289 4625 442 4681 substantia
461 4642 583 4684 erescere
598 4634 644 4681 aut
672 4626 802 4683 delicere.
830 4627 935 4684 Verum.
982 4635 1060 4698 turpe
1074 4630 1182 4684 verbum
1199 4629 1375 4685 involrltsub
1396 4626 1480 4684 linem
1494 4629 1707 4687 tibriartoerrar
1728 4631 1781 4687 Va-

135 4693 170 4749 de
184 4693 225 4749 bis
240 4695 381 4768 haetenus,
399 4711 513 4766 quorum
537 4712 592 4752 noo
612 4698 742 4754 diesuna
762 4698 842 4756 laciet
856 4714 929 4755 eorn-
984 4701 1167 4758 lentiniunos.
1184 4698 1247 4753 lire.

136 4772 212 4836 potes
226 4773 253 4820 ιι
265 4774 363 4832 certos,
378 4784 438 4837 ιιι
453 4768 512 4824 Deo
530 4769 606 4823 sistet
623 4768 799 4827 immortales.
813 4771 875 4827 llio.
1018 4772 1072 4840 (60)
1090 4772 1171 4827 Fines
1194 4784 1258 4826 anos
1285 4769 1321 4826 od
1344 4771 1436 4827 instar
1457 4770 1588 4839 ficalrmoe
1607 4773 1785 4842 contagionis

170 4835 227 4904 (ao)
239 4837 384 4894 Constitue
397 4842 506 4894 certem
519 4840 930 4913 pondusnnrivelorgenti.l)e
982 4842 1127 4912 prurigine
1147 4840 1280 4910 accingit.
1304 4840 1443 4914 Significat
1462 4844 1567 4913 pubem,
1593 4849 1619 4896 ιι
1638 4843 1784 4897 caeteruin

134 4905 187 4960 hoe
212 4906 271 4962 loco
295 4908 335 4961 sic
358 4910 547 4979 Augustinus:
575 4928 588 4961 c
614 4909 682 4979 Quis
710 4911 782 4967 huuc
808 4911 930 4968 erederet
981 4925 1096 4982 corpore
1114 4911 1232 4965 humano
1249 4910 1333 4981 spatia
1352 4920 1473 4968 contecta
1497 4912 1625 4968 velamine
1647 4910 1784 4969 ficulneo-

135 4990 197 5029 cum
219 4975 271 5031 isto
285 4978 367 5032 corde
392 4987 446 5034 tam
469 4979 599 5037 disertum
623 4996 684 5035 esse
707 4982 853 5052 potuisse?
876 4983 930 5037 Scd
982 4997 1041 5037 rum
1067 4982 1251 5054 περιζωμάτων.
1280 4980 1361 5049 Quasi
1392 4983 1471 5054 primi
1499 4991 1635 5054 parentes,
1661 4985 1786 5039 Adamus

135 5045 274 5100 tremenda
296 5055 359 5101 sunt
387 5048 448 5116 ista,
473 5066 528 5106 nou
558 5050 689 5120 ridenda,
717 5055 750 5106 ad
779 5055 830 5108 boc
856 5054 929 5107 enim
982 5061 1008 5106 et
1022 5053 1087 5117 Era,
1105 5068 1209 5122 ungues
1223 5069 1309 5124 usque
1332 5054 1365 5108 ad
1388 5065 1522 5111 extremos
1538 5054 1784 5124 perpruriscemnt,

135 5131 271 5197 uunquam
286 5130 438 5187 cogeretur,
460 5122 484 5176 si
506 5121 607 5192 aliquid
630 5123 750 5193 cogitare
769 5125 928 5193 potuissent,
982 5138 1044 5177 oum
1059 5140 1090 5177 ex
1106 5121 1157 5178 ficu
1181 5123 1243 5178 lolia
1264 5140 1400 5196 carpsere,
1422 5134 1503 5194 atque
1519 5127 1582 5180 inde
1596 5134 1682 5181 totam
1697 5126 1784 5197 arbo-

134 5186 208 5256 quod
221 5196 267 5252 ιιι,
283 5195 310 5241 et
320 5203 418 5258 corpus
432 5206 486 5246 nou
501 5192 545 5247 sit.
570 5191 641 5260 Quid
664 5203 754 5250 autem
776 5193 928 5258 absurdius,
983 5208 1037 5247 rem
1066 5194 1139 5249 virus
1164 5193 1296 5261 infecerit,
1325 5197 1397 5251 succi
1413 5195 1546 5266 videlicet,
1576 5197 1633 5250 sire
1657 5197 1786 5253 humoris

133 5272 215 5327 quam
231 5265 325 5327 putare
348 5276 465 5317 massam
485 5264 636 5330 cujuspiam
660 5264 763 5319 metalli
787 5281 819 5319 ox
839 5263 929 5331 aliqua
981 5263 1195 5336 illiusexalbidi‚
1224 5281 1303 5336 quem
1332 5267 1365 5321 de
1392 5265 1476 5321 tracta
1499 5266 1550 5322 ticu
1574 5265 1676 5323 stillare
1694 5271 1786 5323 cerni·

133 5339 209 5397 parte
222 5344 342 5385 crescere
360 5345 451 5399 posse,
474 5332 539 5386 dum
562 5333 694 5398 tunditur,
719 5334 770 5388 uisi
792 5337 929 5390 decrescat
981 5350 1051 5390 mus.
1078 5336 1122 5392 Sic
1145 5337 1194 5391 lib.
1218 5340 1252 5390 de
1275 5337 1442 5394 Pudicitia:
1459 5357 1472 5388 ι
1487 5337 1575 5394 Facile
1594 5339 1659 5409 quid
1674 5339 1785 5407 specio·

133 5415 167 5453 ex
185 5399 265 5456 altera
282 5401 380 5466 rrariei
402 5400 443 5456 rel
466 5401 560 5472 augeri
583 5401 732 5471 latitudine,
757 5405 809 5459 nisi
831 5403 929 5460 crassi-
981 5422 1040 5460 sum
1063 5407 1165 5462 viderat
1193 5408 1402 5481 concupiscens,
1427 5416 1454 5464 et
1478 5408 1512 5463 ad
1541 5408 1667 5465 inferiora
1694 5411 1784 5482 respi-

134 5471 225 5525 tudine
248 5471 406 5527 minuatur?
428 5476 474 5526 aut
496 5472 580 5526 ullum
603 5487 665 5527 esse
685 5487 783 5542 corpus
804 5484 928 5530 manente
980 5477 1064 5544 ciens,
1088 5487 1116 5535 et
1143 5479 1177 5534 de
1191 5476 1315 5535 ficulneis
1336 5478 1407 5535 loliis
1428 5479 1596 5554 pruriginem
1616 5483 1750 5538 retinens.
1768 5501 1778 5532 r

134 5549 236 5598 naturae
259 5558 316 5599 sure
343 5542 502 5615 quantitate,
520 5545 592 5615 quod
610 5542 730 5615 undique
740 5545 927 5619 crescensin
980 5548 1045 5604 ltro.
