3840 6134
128 393 179 454 8³1
505 395 729 460 tahthtttattt
745 398 879 460 optauit
898 397 981 460 PARS
999 398 1031 457 11.
1049 426 1085 441 -·
1102 394 1215 455 status
1234 396 1256 463 1,
1276 393 1450 456 Petaurus.
1719 394 1777 457 832

128 523 239 596 quadiu
253 538 287 580 ca
299 526 403 580 uatum
417 527 467 591 ert,
483 523 570 599 inquit
583 526 594 597 (
608 524 707 583 llatth.
724 526 745 595 ι)
760 524 794 583 de
813 527 923 600 Spiritu
939 542 963 622 Α
978 523 1030 582 nisi
1041 524 1105 580 dum
1128 539 1163 581 ex
1173 532 1251 579 uteru
1269 528 1311 579 est
1331 520 1392 595 (81)
1406 536 1458 594 per
1472 520 1551 576 illum
1565 536 1681 578 nereum
1698 520 1777 579 umbi

128 614 228 668 sancte
241 617 301 682 est,·
315 626 369 668 non
385 611 452 669 dixit
470 631 507 671 cu
532 630 565 671 ea
586 615 689 688 Nempe
704 622 803 684 umen,
824 615 874 671 etsi
888 631 925 671 aa·
977 612 1085 670 licarem
1107 612 1176 685 (82),
1198 610 1275 686 quasi
1297 609 1412 667 folliculi
1436 609 1478 666 sui
1501 611 1640 667 traducem
1662 610 1722 683 (83)
1741 609 1777 668 ad

128 714 162 758 aa
183 699 304 771 dixisset,
327 702 359 757 iu
380 718 413 759 ca
431 701 549 769 dixeram
571 701 599 758 in
622 720 654 760 ea
668 703 738 759 euim
764 710 831 772 erat,
851 703 923 778 quod
975 718 1061 760 nexus
1076 702 1101 742 ³³
1114 701 1212 774 origini
1226 701 1313 757 vulvae
1326 697 1408 772 (84))
1431 699 1519 755 Etiam
1534 715 1595 756 cum
1609 697 1675 770 quid
1687 707 1779 756 extra-

129 801 162 845 ει
178 803 211 843 ca
225 795 290 846 erat.
315 789 494 848 Tantumdcm
516 808 592 865 crgo,
612 799 639 848 et
662 809 724 852 cum
737 793 812 867 dicit,
828 795 859 851 iu
878 811 921 863 ea,

129 883 157 934 et
170 892 206 933 cu
224 887 412 948 euconsonat3
424 879 487 953 quia
499 896 531 936 ex
546 897 577 937 ea
592 889 660 946 crat,
675 881 747 955 quod
764 881 791 936 in
807 897 839 938 ea
853 892 920 939 erat.

128 963 182 1022 Sed
200 965 282 1039 bene,
298 967 369 1038 quod
384 967 454 1023 idem
474 967 538 1024 dicit
550 969 701 1040 Matthaeus,
716 971 851 1042 originem
865 972 923 1026 llo-

128 1053 195 1110 mini
210 1054 357 1113 decurrens
377 1057 410 1112 ab
435 1054 518 1113 186
539 1057 677 1113 Abraham
699 1074 785 1131 usque
806 1058 839 1113 ad
864 1058 923 1114 lla-

128 1143 196 1200 rlam
207 1162 213 1200 :
226 1143 318 1214 lauch,
329 1145 425 1218 inquit,
435 1147 582 1217 generauit
591 1147 701 1220 loseph,
710 1147 805 1204 uirum
815 1147 922 1214 darie,

129 1249 166 1292 err
188 1250 244 1307 qua
268 1235 401 1290 uescitur
418 1233 554 1292 Christus.
570 1234 623 1290 Sed
636 1245 662 1293 et
679 1235 924 1309 Paulusgramma-

128 1321 188 1378 ticis
201 1321 261 1378 istis
271 1321 406 1379 silentium
420 1321 550 1394 imponit:
566 1325 650 1391 llicit,
665 1323 754 1398 inquit
767 1324 872 1397 (Galat.
885 1341 922 1395 ιν,

128 1411 167 1484 d),
184 1415 256 1470 betta
270 1413 375 1469 Filium
389 1429 476 1470 suum
487 1414 597 1485 factum
606 1431 644 1471 cu
653 1414 782 1472 muliere.
798 1412 923 1486 Nunquid

127 1517 179 1575 pcr
193 1502 352 1570 mulierem,
364 1509 410 1559 aut
424 1503 457 1559 iu
479 1504 602 1561 muliere
617 1503 665 1559 ²⁵?
680 1505 736 1560 lloc
750 1502 860 1575 quidem
875 1503 924 1557 im·

129 1590 260 1664 pressius,
276 1590 348 1662 quod
361 1595 473 1664 sactum
484 1592 573 1661 potios
583 1593 608 1631 ²⁵
621 1592 698 1663 dicit,
714 1608 793 1664 quam
809 1598 922 1650 uatum:

129 1677 280 1753 simplicius
300 1679 372 1735 enim
392 1680 562 1736 enuntiasset
575 1685 688 1738 uatum.
703 1684 824 1739 Faciem
835 1689 923 1738 autem

975 805 1057 847 neum
1082 798 1211 847 extraneo
1238 788 1431 861 agglutinatur,
1469 786 1506 840 ita
1544 793 1725 843 concarnatur
1752 796 1780 845 ct

976 879 1175 937 convisceratur
1201 894 1264 935 cum
1300 892 1333 933 eo
1358 876 1401 932 cui
1428 875 1625 947 agglutinatur,
1654 884 1685 932 ιιι
1712 892 1776 933 cum

977 968 1115 1039 avellitur,
1133 967 1219 1038 rapiat
1242 981 1337 1023 secum
1358 980 1391 1021 ex
1416 979 1529 1037 corpore
1548 963 1651 1037 aliquid
1675 980 1693 1020 a
1722 980 1779 1036 quo

977 1056 1110 1124 avellitur,
1151 1056 1230 1129 qnasi
1278 1054 1419 1126 sequelam
1468 1053 1612 1125 quamdam
1651 1054 1777 1127 abruptae

976 1146 1086 1203 unitatis
1102 1146 1170 1218 (85),
1194 1151 1222 1201 ει
1244 1142 1372 1217 producis
1385 1143 1410 1182 ³⁴
1425 1141 1511 1200 mutui
1527 1142 1613 1199 coitus
1626 1142 1698 1215 (86).
1714 1143 1777 1199 Cte-

977 1242 1064 1291 terum
1078 1250 1139 1309 quae
1154 1234 1237 1291 ubera
1251 1233 1344 1288 matris
1358 1247 1415 1288 suae
1430 1230 1574 1288 nominati
1596 1230 1661 1288 Siue
1684 1229 1779 1299 dubio,

977 1340 1036 1397 quae
1062 1324 1159 1378 hausit.
1177 1321 1367 1393 Respondeant
1383 1319 1548 1385 obstetrices,
1576 1316 1659 1376 tat
1683 1317 1780 1376 medici

977 1420 1003 1467 et
1018 1411 1132 1483 physici,
1148 1411 1182 1466 dc
1197 1411 1313 1466 uberum
1332 1416 1437 1477 natura,
1454 1424 1487 1464 aa
1507 1407 1588 1463 alitor
1601 1421 1717 1465 manare
1730 1422 1780 1464 so·

976 1498 1060 1567 leant,
1076 1499 1134 1556 sine
1144 1494 1231 1557 νιιινιεΙ
1241 1497 1349 1570 genitali
1362 1498 1502 1570 passione,
1515 1496 1746 1567 suspendentibus
1755 1496 1780 1536 ³⁵

976 1589 1073 1646 exinde
1086 1588 1162 1647 venis
1181 1588 1313 1644 sentinam
1338 1586 1411 1642 illam
1434 1585 1532 1641 inierni
1546 1585 1570 1625 33
1584 1584 1728 1658 sanguinis
1741 1585 1776 1652 33,

976 1688 1003 1735 ει
1022 1678 1083 1752 ipsa
1097 1678 1269 1733 translatione
1283 1675 1495 1749 decoquentibus
1509 1674 1539 1731 in
1552 1673 1695 1731 materiam
1719 1675 1776 1732 lac-

130 1767 257 1836 dicendo,
272 1776 299 1823 et
316 1767 431 1825 Verbum
444 1784 509 1825 care
527 1770 692 1840 factumest
711 1769 924 1841 consignavlt‚ot
976 1767 1012 1824 tis
1026 1769 1155 1825 laetiorem
1168 1767 1203 1821 ³³.
1227 1767 1293 1822 lude
1315 1765 1384 1822 adeo
1406 1763 1445 1831 fit,
1467 1772 1496 1820 nt
1514 1765 1628 1821 uberum
1642 1769 1775 1835 tempore,

130 1856 218 1912 carnis
242 1853 379 1911 ueritatem
402 1871 435 1910 ex
457 1854 563 1928 virgine
592 1856 671 1915 iactae
693 1858 718 1897 ²⁷
747 1859 921 1915 asseveravit.
940 1833 1084 1914 Bmensos
1106 1854 1266 1929 sanguinum
1285 1862 1389 1912 vacent.
1414 1851 1495 1923 Quod
1525 1853 1549 1910 si
1570 1853 1691 1911 Verbum
1713 1867 1777 1910 caro

129 1945 215 2001 Nobis
228 1958 336 2015 quoquc
360 1944 393 1998 ad
415 1945 486 2001 banc
508 1946 627 2018 speciem
648 1947 750 2005 Psalmi
769 1951 924 2020 patrocina-

129 2032 239 2096 buntur,
256 2047 310 2087 non
322 2031 432 2104 quidem
446 2041 586 2106 apostata,
602 2043 630 2092 et
646 2033 776 2109 haretici,
790 2044 818 2093 et
827 2037 852 2076 23
866 2036 926 2093 Pla·

129 2118 213 2175 tonici
235 2117 388 2190 Valentini,
416 2120 465 2176 sed
503 2124 667 2180 sanctissimi
700 2132 727 2181 et
746 2125 925 2197 receptissimi

130 2209 271 2280 prophetae
285 2207 380 2266 David.
396 2209 443 2267 Ille
458 2213 530 2280 apud
554 2229 604 2271 nos
623 2215 694 2270 canit
716 2214 862 2281 Christum,
879 2231 926 2286 per

131 2312 211 2369 quem
226 2312 256 2352 se
269 2296 365 2353 cecinit
384 2297 443 2371 ipse
457 2299 592 2357 Christus.
608 2301 708 2376 Accipe
731 2303 879 2370 Christum,
898 2309 926 2359 et

131 2385 194 2441 sudi
210 2385 353 2441 homiuum
371 2388 443 2443 Patri
458 2388 483 2428 23
502 2389 558 2446 Deo
574 2390 770 2464 colloquentem
793 2392 818 2431 ³⁰
835 2391 924 2464 (Psal.

130 2477 214 2546 xxs):
233 2476 304 2545 Quia
319 2481 352 2533 tu
367 2493 394 2534 es
406 2479 455 2550 qui
468 2479 601 2536 euulsisti
615 2496 659 2537 me
674 2486 804 2538 cautere
823 2483 924 2539 matris

131 2581 202 2623 mete
215 2584 226 2634 ,·
237 2580 300 2623 ecce
314 2581 409 2621 unum.
424 2569 460 2622 a’t
473 2583 535 2640 spes
544 2585 607 2626 mea
624 2568 658 2625 ab
672 2569 802 2627 uberibus
823 2571 926 2628 mutius

129 2666 201 2709 mete
212 2669 313 2726 reaper
322 2658 350 2710 tc
358 2656 611 2728 eumprojectuacu
621 2658 717 2727 aulum
727 2674 788 2715 ecce
797 2658 880 2715 aliud.
891 2662 927 2717 ut

130 2740 164 2796 ab
178 2746 259 2800 utero
323 2746 374 2799 tris
393 2759 463 2801 mem
478 2746 550 2802 Deus
564 2763 645 2803 meae
659 2764 687 2805 es
704 2751 736 2803 tu
750 2767 760 2816 ,·
775 2764 836 2804 cccc
853 2747 927 2803 allud

129 2828 164 2887 ³¹.
183 2759 416 2895 Nusssensus
434 2831 510 2903 ipsos
524 2833 705 2890 decertemus.
728 2836 864 2893 Avulaieli
882 2851 927 2892 mc

129 2919 164 2984 ³²,
183 2917 325 2990 inquitate
341 2923 431 2977 utero.
446 2919 516 2990 Quid
532 2921 665 2990 avellitur,
682 2924 733 2979 nisi
749 2926 820 2998 quod
838 2926 927 2981 inhae-

129 3012 180 3077 rct,
196 3007 269 3077 quod
280 3005 402 3075 infixum,
417 3007 546 3066 innexum
556 3022 599 3069 cst
613 3013 649 3080 ei,
668 3029 762 3087 aquo,
779 3023 808 3070 ut
822 3014 927 3070 auicra-

51 3135 53 3140 2
129 3093 339 3161 tur,avelliturl
355 3095 928 3176 Sinouadhtesitutero,quemodoavulsus

128 3184 188 3239 cst?
199 3181 227 3239 Si
236 3183 270 3238 ad
280 3181 358 3241 haesit
371 3184 418 3260 qui
431 3186 542 3245 avulsus
552 3198 604 3258 est,
615 3191 929 3263 quomodoadhaesisset,
945 3161 967 3241 c

980 1963 1013 2003 cx
1027 1962 1056 2002 se
1079 1945 1178 2003 iactum
1200 1948 1251 2011 est,
1268 1960 1322 2002 noa
1344 1959 1378 2000 ex
1404 1941 1493 2002 vulvae
1519 1942 1776 2010 communicatione,

981 2034 1046 2091 nibil
1072 2043 1184 2106 operata
1207 2034 1298 2106 vulva,
1326 2032 1391 2088 nihil
1415 2031 1508 2088 iuncta
1529 2032 1564 2099 ³³,
1592 2031 1659 2087 nlhil
1685 2046 1779 2104 passm

979 2128 1117 2197 quomodo
1144 2125 1246 2181 iontem
1263 2140 1344 2180 suum
1371 2123 1515 2179 transiudit
1541 2122 1569 2177 in
1591 2123 1686 2184 ubera,
1708 2137 1777 2194 quae,

979 2215 1034 2271 uisi
1048 2215 1188 2281 habendo,
1204 2230 1259 2270 non
1271 2214 1376 2268 mutat‘l
1393 2212 1499 2267 Habere
1514 2221 1603 2268 autom
1618 2211 1776 2283 sanguinem

980 2318 1033 2360 non
1057 2304 1142 2374 potuit
1171 2302 1236 2357 lacti
1266 2301 1511 2366 subministrando,
1536 2299 1558 2354 si
1585 2313 1640 2355 nou
1670 2299 1781 2354 baberet

980 2405 1077 2447 causas
1107 2389 1250 2463 sanguinis
1278 2389 1373 2460 ipsius,
1403 2388 1572 2445 avulsionem
1597 2386 1702 2444 scilicet
1725 2402 1780 2443 suae

981 2479 1080 2535 carnis.
1100 2478 1171 2549 Quid
1188 2477 1269 2534 luerit
1292 2477 1420 2532 novitatis
1441 2479 1469 2532 in
1491 2477 1600 2533 Christo
1618 2492 1650 2532 cx
1673 2475 1778 2549 virgine

980 2568 1119 2632 nascendi,
1146 2568 1240 2641 palam
1269 2575 1312 2623 est
1337 2584 1344 2621 :
1371 2567 1484 2636 scilicet,
1515 2565 1687 2623 solummodo
1714 2566 1776 2633 hoc,

979 2657 1053 2729 quod
1068 2673 1100 2712 cx
1114 2656 1230 2729 virgine,
1258 2656 1406 2713 secundum
1422 2655 1556 2712 rationem
1577 2670 1661 2726 quam
1686 2653 1778 2710 edidi-

980 2763 1061 2812 mus;
1083 2753 1109 2802 et
1131 2745 1168 2801 uti
1183 2745 1260 2820 virgo
1275 2752 1348 2802 essct
1363 2743 1532 2817 regeneratio
1547 2752 1650 2810 nostra,
1667 2742 1778 2814 spirita-

980 2834 1041 2890 liter
1067 2836 1101 2889 ah
1135 2835 1260 2891 omnibus
1297 2832 1512 2905 inquinamentis
1539 2831 1705 2889 sanctificata
1733 2846 1781 2902 per

981 2924 1130 2993 Christum,
1154 2923 1288 2996 virginem
1306 2932 1332 2978 et
1358 2923 1459 2995 ipsum,
1474 2923 1556 2977 etiam
1575 2920 1733 2987 carnaliter,
1753 2929 1784 2977 ut

979 3028 1011 3069 ax
1028 3011 1142 3084 virginis
1155 3026 1247 3077 carne,

1275 3098 1389 3155 CAPUT
1408 3098 1486 3154 XXI.

1016 3191 1043 3247 Si
1058 3205 1125 3264 crgo
1146 3188 1314 3247 contendunt
1335 3190 1386 3247 hoc
1407 3187 1572 3261 competisse
1597 3185 1723 3256 novitati,
1755 3195 1785 3244 ιιι

817 3343 914 3408 Varie
934 3346 1092 3408 lectiones.

163 3439 188 3478 ²⁵
206 3441 342 3500 Mulierem
365 3447 446 3502 Pam.
463 3447 551 3506 Rhea.
568 3448 593 3488 ⁵³
606 3449 701 3505 Potius
724 3451 818 3507 omitt.
836 3451 921 3509 Seml.
946 3450 970 3489 23
992 3450 1044 3505 Fac
1068 3458 1121 3505 tam
1142 3451 1223 3506 Pam.
1243 3449 1307 3506 ch.
1327 3446 1353 3487 23
1371 3446 1405 3503 Et
1424 3449 1504 3506 abest
1521 3451 1620 3505 aPnr.
1636 3449 1664 3489 22
1676 3448 1785 3524 Accipe

126 3511 250 3569 etDavid
273 3515 387 3574 Domino
409 3519 497 3577 Rhea.
522 3520 577 3576 acci
634 3520 768 3576 Christum
791 3529 816 3578 ct
837 3521 922 3577 David
945 3521 1060 3578 Domino
1083 3525 1150 3580 iure.
1171 3521 1196 3560 ³⁰
1217 3520 1396 3591 Eloquentem
1422 3520 1510 3577 Rhea.
1538 3519 1624 3577 Semi.
1648 3519 1672 3559 ³¹
1694 3522 1785 3580 Aliter

127 3581 217 3639 Athen.
239 3586 325 3642 Scml.
341 3588 366 3626 32
385 3590 428 3645 Με
442 3592 536 3646 omitt.
557 3594 579 3647 ll
639 3594 741 3648 .Pam.
763 3592 788 3632 ³³
802 3592 942 3649 Aduesam
961 3593 1049 3650 illem
1065 3592 1089 3631 ³⁴
1103 3590 1234 3649 Traducis
1257 3595 1347 3648 Frcu.
1368 3593 1437 3646 Par.
1458 3590 1601 3648 traducem
1616 3592 1698 3648 Pam.
1718 3609 1785 3664 pro·

127 3652 224 3708 ducem
248 3657 336 3713 ilheu.
355 3659 439 3715 Seml.
456 3660 481 3699 ³⁵
496 3662 677 3717 Pandentibus
699 3665 759 3718 Lat.
780 3664 960 3734 pendentibus
983 3667 1064 3721 Pam.
1082 3663 1169 3720 ilben-
1189 3663 1214 3701 33
1238 3662 1353 3718 lnlernis
1368 3662 1427 3718 cod.
1450 3663 1551 3720 Woutu.
1576 3663 1677 3719 interni
1695 3667 1783 3724 Pam.

127 3724 214 3782 Fran.
229 3729 297 3783 Par.
321 3728 345 3767 33
361 3730 391 3784 ln
414 3731 561 3788 mamillam
586 3733 650 3788 add.
675 3736 756 3791 Pam.
780 3735 871 3794 llhcu.
890 3735 916 3775 33
934 3735 1067 3792 Letiorcm
1086 3735 1176 3792 ltltcm
1198 3733 1284 3793 Scml.
1300 3733 1327 3772 32
1349 3733 1440 3790 Nihilo
1462 3733 1556 3804 juncta
1576 3735 1669 3793 ilhcu.
1691 3736 1786 3802 Scml.

827 3882 1075 3948 Commentarius.

163 3977 221 4060 (ill)
235 3980 309 4037 Dum
323 3995 360 4063 aa
374 3986 456 4040 utero
472 3986 524 4042 cst.
544 3984 600 4041 lloc
613 3994 665 4059 est,
682 3987 748 4045 dnm
764 3987 797 4044 ad
817 3997 924 4048 uterum

67 4110 72 4123 .
128 4057 251 4121 pertinet,
268 4067 345 4122 quast
366 4070 428 4122 pars
446 4062 474 4110 ει
487 4057 662 4124 portiouteri.
678 4060 740 4115 tha.

148 4120 218 4201 Ι(88)
228 4125 283 4179 Par
293 4123 376 4180 illum
386 4141 506 4183 ucruum
515 4128 721 4187 umbilicarem.
732 4132 851 4189 Nervam
861 4150 925 4189 um-

128 4192 267 4248 bilicarem
286 4192 350 4249 dicit
365 4212 490 4252 venarum
506 4207 534 4253 et
555 4200 716 4259 arteriarum
735 4204 923 4276 compaginem

128 4265 379 4333 quatenuscollatis
401 4267 428 4323 in
443 4269 601 4327 umbilicum
625 4271 702 4330 fibris
725 4281 833 4331 coeunt.
858 4276 921 4333 llis.

127 4361 162 4415 ς-
181 4333 287 4389 Nervus
306 4337 473 4395 umbilicaris
488 4349 529 4396 est
542 4357 611 4398 vena
629 4343 676 4399 illa
701 4361 762 4417 quae
790 4346 924 4418 dependet

128 4420 155 4459 m
170 4411 286 4460 uterum.
310 4415 335 4462 ct
356 4411 488 4484 contingit
506 4411 601 4479 illum;
626 4430 725 4472 nervus
748 4416 792 4472 ille
815 4418 924 4475 traduc

128 4485 238 4531 vocatur
252 4479 341 4544 etiam,
357 4483 485 4554 quoniam
497 4500 549 4556 per
563 4500 626 4541 eum
642 4485 793 4544 traducitur
803 4488 880 4544 cibus
890 4491 924 4546 ad

130 4543 237 4602 ioetum.
255 4549 292 4605 La
306 4549 354 4607 Pa.

163 4616 220 4689 (83)
238 4621 323 4690 Quasi
336 4624 459 4695 folliculi
468 4626 515 4681 eui
531 4626 688 4684 traducem.
704 4627 867 4685 Follleulum
882 4646 930 4688 vo-

128 4699 180 4759 cat,
195 4706 275 4762 quam
294 4693 468 4767 Hippocrates
478 4695 536 4752 sive
550 4698 677 4770 Polybius
691 4701 778 4825 ipius,
794 4701 836 4755 rhu
849 4703 930 4775 περιέ-

127 4779 206 4841 χον-τα
230 4762 273 4830 τὴν
309 4766 391 4836 γονήν.
440 4767 487 4821 llis
527 4778 616 4823 aulem
658 4785 706 4825 vet
726 4771 749 4827 is
775 4773 856 4842 χόριον
881 4775 929 4830 de·

128 4831 214 4887 scribi
227 4833 264 4887 uit
278 4834 397 4891 Galenus
415 4838 585 4895 involuerum
599 4839 678 4906 selus,
694 4841 854 4917 Hesyschio,
879 4846 931 4898 tlt-

127 4901 215 4974 λιιμμιι
240 4903 269 4957 rb
301 4909 476 4980 συγγενόμενον
506 4907 532 4962 ἐκ
545 4915 588 4979 τῆς
614 4912 731 4974 reatae:
763 4914 850 4972 Latini
889 4918 932 4971 di·

129 4989 195 5029 xere
210 4972 359 5030 Secundus.
376 4978 404 5032 ln
420 4977 453 5032 iis
467 4987 556 5035 autem
575 4989 638 5037 suut
652 5000 737 5053 veuae,
772 4987 853 5042 uibus
867 4994 931 5043 tan-

130 5057 211 5125 quam
231 5044 387 5125 traducibus
407 5049 555 5107 traducitur
568 5052 680 5124 sanguis
703 5059 736 5111 ad
753 5001 830 5112 ictus
845 5059 932 5114 umbi-

132 5113 362 5195 ltcum31deoque
394 5119 540 5200 Septimius
570 5139 684 5181 nervum
708 5142 790 5198 quem
814 5128 932 5210 appellat

131 5184 331 5264 umbilicarem,
352 5187 464 5245 iolhculi
479 5193 618 5251 traducem
632 5212 695 5253 esse
707 5198 755 5252 uit.
771 5198 931 5256 Folhculum

131 5255 184 5338 dici
199 5255 304 5336 vulvam
320 5264 394 5312 notat
408 5261 517 5318 Servius
540 5280 572 5321 ιιι
594 5267 689 5338 Caere.
708 5269 832 5325 Genitali
852 5287 930 5334 aruo,

131 5333 228 5398 inquit,
243 5342 294 5400 pro
317 5331 441 5385 muliebri
455 5332 584 5403 iolliculo,
600 5353 681 5408 quem
697 5338 800 5395 scilicet
823 5340 931 5397 vulvam

132 5404 239 5463 vocant,
256 5406 284 5454 ut
298 5399 380 5456 etiam
395 5401 499 5458 Plinius
518 5405 605 5464 docet.
621 5407 689 5462 Nam
713 5407 849 5467 folliculus
870 5419 933 5470 aute

136 5468 284 5525 dicebatur.
304 5471 368 5528 Rau.

170 5540 228 5612 (at)
245 5542 597 5618 tuucamortpiatvutvae.
607 5547 702 5606 lleddo
712 5560 831 5607 veterum
842 5569 934 5610 exem·

135 5610 250 5693 plurium
260 5614 431 5699 scripturam,
442 5635 590 5676 eumaeum
603 5623 708 5696 origini
718 5622 818 5681 vulva.
830 5623 931 5694 Festus,

136 5690 234 5753 inquit,
250 5695 337 5754 portio
352 5705 484 5747 viscerum
508 5692 603 5752 matris
624 5694 732 5762 dicitur,
749 5704 776 5753 et
798 5710 832 5756 ex
854 5707 933 5758 utero

978 4005 1039 4048 esse
1053 3989 1213 4064 intelligitur
1231 4005 1280 4061 per
1294 3988 1369 4045 illum
1383 4004 1497 4047 nervum
1514 3988 1704 4047 umbilicarem
1733 4007 1786 4048 an·

979 4078 1082 4119 nexum
1104 4061 1204 4134 origini
1224 4061 1318 4120 vulvae.
1335 4061 1444 4117 Etenim
1468 4076 1545 4120 veum
1572 4067 1599 4118 et
1612 4061 1721 4118 arteriae
1736 4078 1788 4135 per

980 4148 1080 4205 quasa
1103 4141 1188 4188 matre
1204 4133 1313 4205 sangnis
1334 4142 1360 4188 ct
1384 4131 1497 4205 spiritus
1520 4133 1554 4188 ad
1579 4132 1662 4187 iatum
1686 4132 1785 4201 iertur,

980 4204 1112 4277 originem
1128 4204 1228 4261 ducunt
1243 4209 1276 4259 ab
1290 4203 1365 4259 venis
1379 4213 1405 4258 et
1415 4203 1522 4260 arteriis
1536 4203 1605 4259 uteri
1618 4219 1668 4259 scu
1683 4205 1784 4272 vulsa,

978 4290 1093 4347 quarum
1106 4282 1225 4331 extrema
1240 4275 1267 4330 in
1281 4276 1437 4330 interiorem
1449 4273 1536 4330 vulvae
1548 4274 1691 4346 regionem
1705 4276 1786 4332 dehi-

978 4352 1066 4402 scunt.
1082 4347 1175 4418 Neque
1191 4345 1268 4401 aliter
1289 4345 1356 4400 ictui
1369 4361 1429 4401 cum
1446 4353 1529 4401 matre
1549 4345 1690 4401 intercedit
1707 4363 1785 4403 com·

978 4417 1134 4542 manicati‘qi.
1148 4417 1243 4541 {galeni
1259 4417 1339 4472 verba
1357 4424 1429 4484 saint,
1441 4416 1510 4471 libro
1524 4416 1557 4474 dc
1570 4419 1656 4473 Fetus
1672 4421 1787 4489 sormu-

982 4490 1083 4545 tione:

1205 4487 1272 4575 ἀχι)1
1287 4493 1330 4555 τῆς
1353 4487 1469 4558 γενέσεως
1487 4493 1536 4540 τῶν
1565 4487 1670 4558 ipatus
1696 4490 1787 4544 τούτων

943 4550 1045 4626 oleata
1062 4562 1087 4612 la
1104 4565 1152 4613 τῶν
1172 4508 1236 4611 ναις
1249 4578 1292 4619 τας
1312 4558 1405 4631 μήτρας
1425 4557 1545 4681 &pauperius
1558 4508 1599 4611 aei
1611 4556 1722 4630 φλιὸῶν.
1738 4560 1788 4614 'ssa

984 4629 1016 4690 ιῖς
1031 4635 1074 4697 τῆν
1089 4628 1155 4689 ἐντὸς
1168 4632 1252 4699 χώραν
1270 4635 1312 4689 τῆς
1327 4629 1420 4701 μήτρας
1451 4631 1610 4700 νεοτόμωτιιι
1627 4628 1659 4681 τὰ
1677 4631 1787 4702 πέρατα.

984 4702 1033 4756 hat
1044 4700 1085 4754 διὰ
1094 4701 1187 4754 τούτων
1199 4702 1280 4773 μόνων
1293 4699 1309 4769 ἡ
1323 4699 1434 4753 κοινωνία
1451 4703 1498 4762 τοῖς
1512 4702 1635 4772 κνωμένοις
1650 4699 1716 4755 ἐστὶν
1731 4704 1789 4774 πρὸς

986 4773 1029 4832 τὰς
1043 4773 1154 4831 κυούσας.
1171 4772 1234 4826 lltu.
1246 4801 1281 4812 -
1292 4772 1400 4843 Origiru
1409 4772 1509 4828 culum.
1525 4772 1584 4826 Non
1595 4771 1681 4827 vulvae
1695 4773 1789 4846 origi-

986 4859 1048 4896 nrm
1063 4843 1136 4910 dicit,
1152 4843 1199 4898 scd
1209 4842 1340 4914 originem
1356 4858 1436 4913 quam
1454 4843 1488 4897 de
1498 4844 1578 4899 vulva
1593 4843 1675 4898 sumit
1688 4860 1789 4902 nervus

986 4912 1164 4968 uurlvilicaris.
1176 4914 1237 4969 ch.

1022 4983 1079 5055 (85)
1092 4986 1176 5053 Quasi
1189 4984 1331 5056 sequelam
1341 4982 1492 5057 quamdam
1508 4986 1636 5057 abrupte
1647 4987 1788 5045 unitatis.

984 5056 1057 5111 Bene
1073 5057 1124 5110 hoc
1147 5055 1303 5127 Septimius,
1327 5071 1388 5110 cum
1403 5054 1470 5126 quid
1483 5063 1640 5111 extraneum
1656 5067 1790 5116 eumaeo

985 5128 1182 5198 agglutinatur.
1210 5127 1276 5182 Nam
1301 5127 1372 5197 quod
1397 5127 1430 5180 ad
1459 5125 1541 5181 letum
1556 5132 1671 5197 spectat,
1688 5139 1792 5200 negant

986 5197 1081 5254 medici
1095 5197 1135 5253 sic
1160 5200 1293 5268 pertinere
1306 5197 1339 5251 ad
1367 5207 1478 5251 matrem
1499 5199 1600 5253 autad
1622 5197 1745 5266 vulvam,
1762 5206 1792 5256 ut

985 5271 1064 5324 umbo
1077 5270 1165 5340 aliqua
1179 5270 1220 5324 sui
1234 5275 1310 5342 parte
1325 5267 1352 5322 in
1368 5267 1498 5324 unitatem
1517 5268 1681 5325 coalescant.
1701 5271 1791 5325 Ψαιιει

985 5339 1012 5464 ξι
1055 5340 1159 5465 parpes,
1187 5341 1243 5394 ἄνευ
1275 5341 1428 5411 copularant,
1473 5339 1561 5412 inquil
1597 5339 1721 5396 Galenus
1756 5344 1790 5400 ds

997 5420 1053 5467 etu.
1099 5427 1137 5466 ru.
1342 5468 1344 5471 ,

1022 5481 1079 5553 (86)
1095 5485 1132 5538 ht
1144 5482 1274 5554 producis
1288 5484 1387 5539 mutui
1400 5483 1500 5540 coitus.
1518 5481 1562 5538 Sic
1584 5481 1686 5553 legitur
1701 5483 1732 5540 in
1745 5498 1791 5541 co·

987 5551 1045 5609 dice
1072 5553 1179 5609 Pithoei.
1206 5553 1359 5612 Producam
1390 5553 1454 5608 dicit
1482 5553 1713 5624 quemadmodum
1747 5570 1792 5611 su·

987 5640 1036 5694 pra
1050 5625 1207 5682 traaucem.
1224 5623 1310 5696 igitur
1326 5623 1456 5680 unitatem
1474 5635 1569 5680 mutuo
1589 5623 1664 5681 coitu
1679 5627 1791 5697 produ·

987 5702 1057 5753 uam
1072 5694 1138 5751 dicit
1149 5710 1210 5751 esse
1223 5695 1371 5768 producam
1385 5694 1472 5753 mutui
1483 5694 1579 5753 coitus.
1595 5694 1658 5752 Rue.
1741 5709 1744 5716 ·
