3840 6134
127 256 182 375 aei

464 311 682 374 TERTULleNl
700 310 831 376 obludit
850 315 938 378 Plus
970 317 1004 379 ll.
1024 346 1060 360 -
1078 261 1193 378 saulus
1215 317 1236 385 1.
1259 317 1435 376 Pollutas.

1676 269 1681 277 ’
1723 313 1777 373 aro

128 448 168 496 ret
182 439 217 507 ³³,
232 452 312 511 quem
340 453 477 510 nunquam
505 447 597 510 posset
618 440 771 495 recusare?
798 438 840 495 vol
868 441 929 513 quis
944 458 967 537 g
982 449 1039 498 tere
1053 442 1080 496 in
1104 442 1195 507 talem,
1210 443 1238 498 id
1260 449 1301 498 εει
1317 442 1458 512 optimum,
1473 439 1553 496 etiam
1578 437 1687 495 malitiae
1712 454 1778 494 eon-

128 528 192 585 item
207 526 266 583 sine
288 526 381 600 aliquo
396 527 467 584 bono
481 543 574 602 opere,
603 536 632 583 ιι
646 543 711 584 ειιιι
735 529 930 601 Deussemper
981 547 1100 588 cursum.
1115 531 1149 587 lit
1171 531 1232 602 quia
1253 531 1277 571 ³⁵
1300 531 1419 586 Marcion
1441 527 1561 585 defendit
1578 527 1702 584 arborem
1723 527 1777 582 bo-

128 622 273 684 reeusarct,
293 631 373 687 quom
390 632 529 689 nunquam
546 624 638 687 posset
662 615 780 690 allegere
795 618 848 673 ²³?
870 619 928 674 Es·

128 706 193 763 hibe
211 707 313 762 bonnm
341 703 447 776 semper
474 706 509 774 ³³,
536 713 562 763 et
593 721 648 763 non
672 707 862 764 recusabitur:
883 723 930 764 en·

129 797 192 865 hibe
215 797 315 853 malum
342 812 460 868 semper,
479 803 506 851 et
525 811 663 866 nunqnam
675 795 807 868 allegetur
820 797 854 852 ³⁰.
872 797 930 853 Cae·

130 894 239 957 terum,
273 887 296 942 si
316 884 388 941 idem
411 885 502 952 bomo,
517 892 548 941 ut
574 885 603 939 in
616 893 731 958 utroque
751 901 799 953 pro
826 895 930 958 tempo-

131 975 226 1041 ribus,
247 975 274 1031 in
291 982 406 1048 utroquo
416 974 600 1047 dispungetur
614 976 672 1047 (67)
687 990 703 1030 a
716 976 784 1044 Deo,
801 984 827 1032 ct
846 977 928 1042 bono,

132 1071 160 1119 et
170 1063 272 1136 judice,
286 1064 334 1136 qui
355 1080 411 1121 non
434 1063 542 1119 levitate
565 1072 612 1120 aut
633 1063 843 1137 improvidentia
867 1080 928 1121 sen·

132 1152 229 1210 tentias
255 1152 357 1224 vertit,
385 1152 431 1208 sed
459 1166 574 1209 censura
601 1152 761 1225 gravissima
791 1160 819 1209 ct
837 1151 928 1225 provi-

132 1240 299 1310 dentissima,
316 1243 411 1300 merita
426 1242 554 1314 temporis
567 1245 699 1315 cujusque
714 1242 867 1315 dispensat.

420 1383 534 1442 CAPUT
542 1383 644 1442 xxiv.

166 1508 212 1568 Sic
226 1515 253 1568 et
267 1508 455 1583 poeniuntiam
469 1510 527 1583 (66)
542 1511 615 1583 apud
635 1510 711 1566 illum
734 1510 758 1549 ³¹
782 1524 864 1581 prave
882 1508 928 1564 in·

982 637 1044 676 nam
1070 620 1155 676 malos
1175 636 1282 694 quoque
1309 621 1413 676 tructus
1440 633 1494 674 uon
1518 617 1600 673 licere
1626 617 1778 687 producere

982 709 1095 783 (llottlu
1122 725 1175 775 ιιι,
1204 709 1266 780 ts),
1300 709 1348 765 sed
1384 707 1509 765 malitiam
1538 718 1625 764 tamon
1652 706 1778 762 nomina·

981 800 1038 870 vit,
1068 799 1140 871 quod
1168 798 1287 868 optimus
1324 813 1378 855 uon
1405 797 1495 869 capit,
1524 796 1655 868 numquid
1687 796 1778 868 aliqua

982 887 1168 960 interpretatio
1198 887 1294 943 subest
1332 887 1412 944 otiam
1440 888 1465 926 ³⁶
1495 903 1586 942 earum
1612 885 1777 942 malitiarum

982 977 1231 1050 intelligendarum,
1262 994 1322 1050 quaa
1351 977 1456 1048 possint
1481 987 1508 1032 ot
1534 977 1561 1031 in
1583 976 1714 1048 optimum
1729 979 1778 1034 do·

980 1067 1132 1123 cucurrisse
1147 1068 1161 1122 i
1175 1067 1274 1123 Subest
1288 1076 1387 1124 autem.
1413 1066 1534 1123 Dicimus
1556 1065 1675 1136 denique
1699 1066 1779 1122 mali·

982 1156 1047 1211 tiam
1061 1171 1135 1211 nuno
1146 1153 1304 1228 significari,
1318 1171 1372 1212 non
1396 1171 1456 1227 quae
1472 1155 1505 1211 ad
1527 1161 1651 1209 naturam
1665 1153 1778 1227 rediga·

982 1253 1026 1301 tur
1041 1244 1177 1301 Crantoris
1190 1243 1268 1318 quasi
1294 1244 1368 1308 mali,
1401 1245 1450 1299 sed
1477 1259 1537 1316 quae
1566 1244 1598 1297 aul
1619 1250 1779 1315 potestatem

982 1331 1071 1392 818
1096 1335 1172 1406 quasi
1198 1333 1317 1404 judicis,
1348 1334 1496 1390 secundum
1525 1348 1605 1404 quam
1632 1332 1781 1389 enuntiarit

984 1427 1050 1497 (lae.
1065 1440 1132 1494 xcv,
1147 1426 1197 1495 tl:
1219 1428 1273 1496 Epo
1291 1441 1356 1482 suns
1369 1425 1417 1499 qui
1435 1422 1521 1481 condo
1536 1425 1628 1488 neuim·
1644 1431 1671 1477 et
1687 1439 1694 1478 :
1712 1425 1780 1480 Eece

982 1531 1028 1588 ego
1043 1516 1142 1570 ruritto
1162 1514 1194 1570 in
1208 1531 1254 1571 vos
1268 1512 1346 1569 molo
1360 1511 1418 1583 (69)
1433 1512 1546 1583 (terem.
1563 1527 1642 1568 xvru.
1658 1510 1708 1583 ll),
1720 1525 1780 1566 non

132 1599 305 1673 terpretaris,
332 1598 408 1671 quasi
428 1598 542 1669 proinde
569 1597 718 1655 mobilitate
731 1597 773 1656 vel
802 1597 930 1668 improri-
984 1602 1153 1674 moratoria,
1183 1601 1230 1656 sed
1258 1602 1381 1670 ultoria3
1410 1616 1528 1672 qnorum
1560 1599 1625 1655 satis
1652 1598 1781 1655 diluimus

131 1689 233 1756 dantia,
250 1689 304 1744 imo
321 1690 377 1760 jam
405 1702 439 1744 ειι
453 1684 546 1740 delicti
573 1685 758 1742 recordatione
780 1685 931 1755 poeniteat:
988 1690 1137 1758 infamiam,
1167 1700 1196 1744 ut
1222 1689 1425 1762 congruentium
1451 1687 1548 1758 judici.
1577 1688 1652 1742 Sicut
1677 1696 1779 1755 ειιιειιι,

132 1775 219 1834 im
248 1776 375 1846 quoniam
396 1773 506 1846 quidem
527 1772 626 1830 dixerit
649 1773 766 1845 (llleg.
786 1789 836 1840 xv,
862 1774 928 1842 lli:
947 1782 1045 1876 Blicet
1068 1780 1139 1835 mala
1152 1778 1283 1844 dicantur,
1299 1793 1354 1834 non
1376 1777 1611 1848 reprehendentur
1634 1776 1661 1830 in
1673 1776 1780 1848 judice,

132 1866 586 1940 Punituttquedrepemteeerim
603 1863 930 1935 Suut,·praescribonssci·
984 1883 1035 1926 neo
1055 1869 1107 1924 hoc
1133 1869 1242 1924 nomine
1269 1882 1319 1923 suo
1345 1867 1445 1921 malum
1468 1867 1586 1937 judicem
1615 1864 1779 1935 ostenduam

132 1957 215 2023 licet,
244 1953 429 2027 poenitcutiam
449 1952 649 2010 contessionem
673 1969 767 2026 sapere
783 1954 846 2009 mali
859 1968 928 2024 ope·
983 1958 1062 2013 itaet
1084 1955 1184 2011 malitia
1202 1956 1260 2011 lroec
1283 1955 1334 2011 erit
1361 1953 1542 2027 intelligenda
1567 1969 1656 2012 nnnc.
1671 1968 1734 2024 qaae
1748 1968 1781 2008 cx

133 2045 171 2102 ris
184 2044 298 2115 alicujus
316 2043 358 2100 vel
379 2040 490 2098 erroris.
507 2042 590 2099 Porro
614 2057 672 2098 non
689 2058 807 2116 semper.
831 2043 931 2100 Evenit
984 2047 1038 2102 illis
1063 2045 1140 2102 malis
1152 2044 1293 2114 judicariis
1315 2044 1453 2115 deputata,
1476 2059 1537 2099 cnm
1561 2043 1628 2114 ipsis
1647 2049 1782 2114 competat

134 2132 249 2193 enimin
263 2133 343 2188 bouis
357 2131 435 2189 lactis
453 2131 616 2201 poenitontiaa
630 2130 776 2203 confessio,
797 2132 832 2187 ad
860 2132 930 2189 invi·
981 2134 1076 2206 judici.
1091 2135 1160 2189 Nam
1176 2143 1203 2190 ει
1218 2134 1291 2206 spud
1310 2133 1421 2188 Graecos
1444 2132 1577 2187 interdum
1600 2129 1710 2186 malitiae
1728 2144 1777 2199 pro

134 2222 204 2279 diam
217 2229 245 2279 et
265 2220 498 2292 exprobrationem
515 2219 636 2293 ejusqui
656 2219 780 2275 beneficii
808 2219 931 2292 ingratus

135 2312 278 2378 exstiterit,
292 2310 360 2366 sieut
383 2317 410 2364 et
430 2318 493 2365 tuuc
519 2310 592 2366 eirea
607 2325 750 2380 personam
765 2309 853 2364 Saulis
882 2311 932 2364 ho·

134 2401 283 2459 norandam
303 2397 473 2455 annuntiatur
499 2415 514 2454 a
543 2398 680 2468 Creatore,
708 2398 754 2471 qui
781 2412 837 2454 uon
856 2397 928 2453 dcli·

136 2497 240 2565 querat,
254 2505 316 2546 oum
330 2487 441 2544 Saulem
455 2488 569 2544 assumit
583 2487 611 2542 in
639 2502 767 2559 regnum,
788 2493 815 2543 et
839 2495 931 2542 saneto

136 2578 238 2652 Spiritu
257 2584 352 2653 auget;
367 2576 501 2650 optimum
523 2575 595 2634 enim
614 2575 729 2634 adbuc:
752 2576 855 2647 Qualis,
885 2575 930 2631 in-

112 2745 114 2747 ·
136 2669 204 2743 quit,
225 2682 278 2724 non
293 2674 350 2723 erat
367 2666 396 2722 in
419 2664 483 2722 liliis
505 2666 627 2733 israelis,
644 2665 802 2738 dignissime
827 2666 931 2737 allege-

136 2768 188 2825 rat,
218 2756 264 2813 scd
297 2771 348 2812 noe
370 2754 541 2827 ignoraverat
567 2755 604 2810 ita
637 2762 821 2820 eventurum,
851 2768 932 2811 nemo

137 2849 210 2906 enim
238 2856 264 2904 te
296 2844 439 2903 sustinebit
469 2843 706 2916 improvidentiam
733 2844 933 2900 adscribentem

137 2940 195 2995 Deo
209 2937 243 3008 ci,
258 2952 341 3009 quem
359 2939 446 2993 Deum
460 2948 515 2990 non
536 2949 646 3005 negans,
673 2931 810 2990 confiteris
829 2943 857 2989 et
871 2947 934 3005 pro·

138 3026 242 3085 vidum.
269 3025 332 3082 llaec
357 3022 431 3080 enim
451 3022 489 3078 illi
518 3023 627 3094 propria
651 3021 778 3078 divinitas
801 3030 931 3089 constat,

984 2223 1175 2280 vexationibus
1204 2228 1230 2278 et
1257 2222 1380 2287 laseris,
1405 2237 1460 2277 non
1488 2236 1538 2292 pro
1565 2219 1781 2293 malignitatibus

984 2320 1121 2384 ponuntur
1135 2312 1170 2380 ³³,
1194 2311 1261 2366 sicul
1276 2318 1303 2366 et
1332 2311 1359 2366 in
1378 2310 1432 2367 isto
1455 2309 1584 2376 articulo;
1610 2317 1690 2380 atque
1703 2308 1779 2373 adeo,

985 2403 1008 2458 si
1023 2401 1083 2472 ejus
1098 2400 1206 2457 malitiae
1229 2399 1358 2472 poenituit
1371 2399 1537 2465 Creatorem,
1555 2397 1631 2471 quasi
1650 2403 1783 2454 creaturae

985 2491 1162 2563 reprobandae
1197 2489 1311 2559 scilicet,
1346 2496 1374 2544 et
1408 2486 1508 2543 deletui
1544 2487 1569 2526 99
1602 2484 1780 2543 vindicandae.

985 2579 1069 2651 Atqui
1091 2593 1141 2634 nec
1154 2579 1179 2618 99
1202 2578 1288 2633 ullum
1312 2577 1459 2632 admissum
1478 2575 1656 2631 criminosum
1672 2580 1782 2645 reputa·

985 2669 1059 2725 bitur
1083 2666 1217 2737 Creatori,
1242 2666 1289 2740 qui
1318 2665 1518 2737 iniquissimam
1544 2665 1682 2721 civitatem
1702 2661 1784 2736 digne

986 2756 1135 2828 meritoque
1161 2757 1313 2813 decreverat
1339 2755 1509 2811 alrolendam.
1535 2755 1589 2819 lta,
1614 2750 1687 2824 quod
1707 2751 1783 2821 juste

986 2845 1175 2912 destinaverat,
1204 2860 1259 2901 non
1274 2843 1343 2899 male
1362 2842 1515 2913 destinans,
1541 2858 1574 2898 ea
1595 2840 1715 2910 justitia,
1728 2853 1784 2894 non

985 2933 1317 3005 eumalitiadestioara13
1340 2932 1389 2989 sed
1412 2946 1520 3003 poenam
1545 2931 1631 3000 ipsam
1656 2926 1786 2983 malitiam

987 3023 1142 3089 nominavit,
1165 3036 1198 3077 cs
1221 3022 1292 3077 malo
1318 3029 1345 3076 ει
1371 3020 1466 3075 merito
1482 3020 1508 3057 ³⁰
1530 3017 1664 3090 passionis
1687 3016 1784 3087 ipsius.

140 3117 190 3174 sed
204 3117 305 3172 malum
323 3113 425 3172 lactum
437 3111 525 3168 Saulis
538 3114 580 3182 (ιιι
600 3111 666 3184 disi)
694 3114 824 3168 onerabat
841 3111 932 3184 poeoi-
948 3112 1066 3199 gErgo,
1083 3109 1167 3182 dices,
1183 3111 1207 3166 si
1231 3109 1359 3165 malitiam
1376 3106 1489 3178 justitiae
1518 3105 1628 3162 nomine
1650 3119 1785 3169 excusas,

139 3206 228 3263 tentiae
255 3219 311 3261 suae
332 3201 527 3275 profession03
553 3216 655 3275 quam,
692 3209 804 3257 vacante
835 3200 945 3256 delicto.

139 3296 210 3353 eirea
222 3294 310 3350 Saulis
337 3291 513 3359 allectionem,
527 3304 699 3361 consequens
712 3298 754 3344 est
774 3288 933 3345 invidiosam

139 3382 232 3455 potius
257 3379 395 3454 intelligi,
419 3392 468 3451 nee
495 3375 681 3432 criminosam.
709 3374 792 3441 Ecce,
819 3375 933 3446 inquis,

140 3472 314 3532 criminosam
324 3484 384 3526 earn
398 3465 664 3524 animadvertoeirea
678 3462 818 3530 Ninivitas,
844 3462 936 3520 dicem

140 3574 168 3621 ιε
182 3562 320 3633 Scriptura
331 3559 515 3632 lonae(lonoe,
531 3571 573 3626 ιιι,
593 3555 638 3624 ao)
655 3568 661 3609 :
678 3555 714 3609 lit
734 3554 872 3626 penituit
888 3556 938 3612 lto-

139 3655 254 3711 minum
269 3650 429 3710 demolitis
442 3645 805 3721 prcomdirerotsucturum
824 3659 852 3701 se
866 3643 936 3713 iltis,

141 3759 193 3800 ner
206 3743 287 3812 tecit.
315 3740 390 3795 Sicut
412 3746 439 3793 ει
468 3736 528 3808 ipse
552 3734 634 3791 Jonas
662 3733 696 3787 ad
725 3731 872 3789 Dominum
886 3732 935 3788 ³²:

141 3835 293 3904 Propterea
309 3827 437 3902 prevent
444 3828 594 3898 profugere
608 3824 640 3878 in
667 3821 791 3887 Thersos,
817 3823 882 3894 quio
894 3837 938 3879 eo·

142 3935 295 3997 annuerem
314 3923 340 3975 te
355 3932 411 3976 esso
425 3913 636 3971 misericordem
653 3914 682 3968 et
695 3913 937 3981 miserescentem,

141 4004 938 4089 potientem‚etpturimum³⁵misaricordiae,paeniteatem

988 3200 1050 3271 quia
1075 3201 1147 3269 juste
1184 3197 1296 3254 exitium
1324 3197 1473 3252 destinarat
1505 3196 1533 3250 in
1564 3193 1715 3262 Ninivitas,
1747 3193 1788 3249 sio

988 3303 1096 3360 quoque
1123 3286 1271 3359 culpandus
1299 3293 1355 3352 est,
1381 3286 1429 3358 qni
1454 3284 1577 3354 justitiae,
1609 3283 1703 3355 utiquc
1731 3297 1788 3337 non

989 3377 1167 3451 poenitendae,
1183 3376 1364 3448 poenitentiam
1377 3376 1470 3447 gessit.
1501 3377 1557 3430 lmo
1584 3389 1634 3430 nec
1662 3371 1787 3442 iustitiae,

990 3466 1099 3537 inquam
1112 3466 1147 3531 ⁴¹,
1164 3463 1306 3537 poenitebit
1327 3464 1414 3519 Deum
1428 3504 1435 3528 ,
1449 3473 1476 3518 et
1490 3468 1613 3533 superest
1624 3461 1682 3530 jam
1697 3474 1786 3532 agno·

989 3570 1066 3612 scere
1100 3553 1164 3625 quid
1199 3554 1234 3608 sit
1262 3552 1420 3624 paenitentia
1459 3550 1516 3606 Dei.
1553 3551 1614 3606 Non
1649 3549 1733 3614 onim,
1764 3547 1786 3602 si

990 3643 1126 3701 laomiucm
1146 3658 1179 3697 os
1211 3642 1398 3700 recordatione
1424 3641 1572 3712 plurimum
1586 3638 1676 3695 delicti
1707 3637 1786 3708 (to),

990 3732 1127 3788 interdum
1161 3737 1188 3786 et
1220 3746 1253 3786 ex
1286 3731 1403 3800 alicujus
1442 3728 1506 3786 boni
1546 3727 1635 3801 operis
1671 3725 1791 3799 ingratia

992 3820 1114 3892 poenitet,
1130 3818 1190 3876 ideo
1213 3827 1239 3876 et
1262 3821 1351 3876 Deum
1375 3817 1546 3891 proinde.1n
1570 3823 1702 3888 qnantum
1716 3813 1790 3870 enirn

991 3911 1064 3967 Deus
1083 3925 1132 3966 nec
1154 3909 1257 3966 malum
1280 3909 1415 3981 admittit,
1436 3922 1487 3964 nee
1509 3907 1611 3962 bonum
1626 3905 1745 3969 damnat,
1762 3901 1791 3957 in

992 4007 1095 4066 tantum
1123 4014 1174 4055 nee
1202 3998 1366 4070 poenitentiae
1392 3998 1457 4053 boni
1485 4005 1529 4053 aut
1550 3996 1612 4052 mali
1638 3994 1711 4067 apud
1724 4007 1791 4050 eum

142 4103 325 4160 malitiarum
347 4101 447 4169 (tonoe,
470 4112 509 4167 tv,
525 4095 563 4168 2).
579 4096 652 4150 Bene
678 4092 761 4165 igitur
783 4092 856 4165 quod
871 4107 938 4164 prae·
991 4091 1067 4147 locus
1083 4097 1133 4145 est.
1149 4090 1216 4145 Nam
1230 4096 1257 4145 et
1276 4091 1327 4145 boe
1351 4089 1398 4144 tibi
1423 4088 1517 4145 eadem
1541 4086 1680 4159 Scriptura
1696 4083 1789 4140 deter-

142 4191 218 4248 misit
231 4188 327 4262 optimi
345 4186 395 4243 Dei
418 4185 535 4252 titolum,
567 4181 755 4254 patientissimi
770 4182 872 4237 seilicet
892 4197 937 4236 su·
991 4180 1083 4244 minat,
1102 4178 1206 4235 dicente
1221 4177 1346 4235 Samuele
1359 4177 1432 4233 Sauli
1452 4177 1479 4248 (l
1493 4180 1557 4249 ιιι).
1572 4191 1621 4240 xv,
1639 4174 1686 4247 28)
1703 4191 1709 4231 :
1726 4171 1791 4231 Dis·

143 4279 300 4354 permalos,
329 4283 357 4332 et
383 4272 608 4331 abundantissimi
641 4273 665 4312 ³³
690 4269 883 4329 misericordiae
910 4272 938 4326 et
990 4270 1058 4326 cidit
1072 4270 1209 4326 Dominus
1224 4284 1344 4341 regnum
1362 4267 1450 4324 lsrael
1465 4265 1498 4323 de
1515 4281 1606 4321 manu
1623 4269 1675 4320 tuo
1689 4263 1789 4332 bodie,

142 4368 322 4426 miserationis
336 4381 416 4440 super
430 4370 610 4438 agnoscentes
634 4371 660 4419 ει
680 4360 874 4435 deplangentes
888 4359 935 4416 de·
955 4354 1021 4434 net
1035 4357 1111 4415 dulit
1134 4358 1208 4416 ittud
1227 4358 1358 4431 proximo
1383 4359 1441 4426 tuo,
1468 4357 1575 4429 optimo
1596 4369 1683 4426 super
1700 4357 1748 4420 te,·
1764 4357 1792 4410 et

142 4458 205 4517 licta
218 4456 395 4529 sua,qualos
410 4460 475 4508 tono
495 4450 631 4508 Ninivitae.
665 4450 693 4506 Si
718 4448 788 4505 enirn
817 4447 936 4519 optimus
990 4447 1136 4505 scindetur
1146 4446 1233 4503 lsrael
1243 4449 1275 4503 in
1289 4446 1474 4517 dompmea,
1487 4448 1582 4501 etnon
1596 4445 1792 4508 conuertetur,

142 4546 270 4624 quitatis,
285 4547 319 4602 de
334 4546 386 4603 isto
400 4543 476 4616 prius
488 4541 605 4600 cessisse
619 4540 798 4612 debebis,non
819 4552 933 4612 compe·
990 4551 1078 4611 neque
1100 4537 1388 4609 poenitentiarium,
1405 4535 1472 4606 quio
1486 4549 1545 4591 non
1560 4533 1636 4590 siout
1650 4529 1734 4589 homo
1750 4533 1792 4589 est

830 4663 925 4728 Voriae
944 4667 1101 4728 lectiones.

176 4801 201 4842 ²³
216 4798 334 4875 Elegcrit
356 4796 441 4855 Semt.
456 4793 481 4832 ²³
495 4790 602 4865 litigare
617 4791 701 4872 Semt.
719 4790 743 4828 ²³
758 4790 869 4856 Semper
881 4787 974 4847 omitt.
992 4787 1077 4844 Semi.
1094 4785 1118 4824 ³⁰
1131 4783 1247 4866 Eligitur
1261 4785 1300 4841 td,
1316 4785 1339 4823 ³¹
1357 4784 1442 4839 Deum
1459 4782 1543 4841 Semt.
1559 4781 1584 4820 ³²
1598 4780 1688 4860 Deum
1705 4778 1791 4838 semi.

141 4876 166 4916 ³³
179 4871 305 4929 Plurimae
320 4871 381 4925 lot.
397 4861 676 4920 ³³Abundantiss1mae
691 4862 754 4918 olii.
770 4861 794 4899 ³⁵
810 4862 842 4916 Et
856 4861 943 4916 inser.
960 4857 1045 4915 Semi.
1061 4858 1127 4914 tun.
1143 4856 1168 4894 99
1178 4856 1263 4911 Euam
1279 4857 1362 4928 negt.
1381 4855 1467 4914 Semt.
1482 4852 1506 4894 99
1521 4854 1628 4908 Ponant
1641 4853 1713 4909 otim
1723 4850 1796 4923 tege·

140 4947 235 5003 betur.
250 4942 275 4981 ⁸⁸
289 4939 331 4999 Ob
350 4936 475 4996 delictum
488 4935 575 4994 liber.
591 4933 688 4990 delitus
701 4933 793 4990 Poris.
809 4930 899 4990 deletu
913 4929 976 4987 atii.
992 4928 1016 4966 99
1030 4927 1079 4984 Hic
1097 4931 1191 4988 inser.
1219 4927 1303 4986 Sernt.
1320 4929 1345 4966 ⁴⁰
1360 4927 1392 4983 Ει
1405 4927 1506 4985 inserit
1527 4924 1612 4982 Semi.
1628 4923 1651 4961 ³¹
1668 4922 1796 4995 Unquam

143 5017 230 5075 uben.

842 5098 1091 5163 Commentarius.

176 5221 236 5306 (st)
250 5222 283 5280 tu
297 5223 418 5295 utroque
430 5217 628 5289 dispungetur.
643 5209 701 5267 Hoc
712 5216 765 5275 est,
780 5207 808 5263 in
823 5214 940 5279 utroque
995 5205 1130 5263 ludunum
1144 5219 1229 5278 super
1255 5221 1299 5264 ros
1322 5205 1442 5270 motuni,
1467 5217 1516 5258 seu
1539 5199 1628 5268 mele,
1643 5213 1745 5271 nempe
1757 5195 1796 5252 tlt

139 5296 165 5354 ei
215 5292 307 5362 trsliet,
322 5292 349 5348 in
364 5297 478 5361 utroque
491 5285 644 5342 mercedem
664 5281 786 5404 aceiqiet.
810 5278 904 5359 Rasa.
997 5277 1065 5350 Reg.
1083 5293 1119 5342 rx,
1136 5278 1170 5346 t;
1186 5277 1221 5331 lll
1237 5277 1305 5350 Bag.
1322 5292 1352 5343 n,
1365 5279 1396 5330 tt
1411 5297 1420 5345 ;
1435 5275 1459 5329 ll
1480 5274 1593 5344 Paralip.
1614 5286 1665 5327 ιιι.
1683 5271 1758 5352 Puni.

175 5368 235 5439 (66)
252 5367 296 5424 Sic
310 5369 339 5421 et
349 5360 560 5437 penitentiam,
576 5361 627 5411 eto.
648 5352 723 5424 Supp
736 5351 840 5406 evimus
851 5349 944 5405 dictio·
1033 5349 1091 5420 (tu)
1102 5351 1144 5405 Ex
1153 5349 1347 5408 recordatione
1356 5349 1515 5420 plurimum
1524 5345 1631 5405 delicti.
1642 5342 1794 5399 Plurimum

140 5454 204 5495 nem
216 5453 278 5510 qua
295 5437 388 5492 decrat
402 5444 501 5503 magno
515 5441 611 5483 sensus
623 5421 805 5489 incommodo,
835 5419 942 5491 scripsi·
996 5420 1195 5486 adverbialiter,
1212 5435 1261 5490 pro
1275 5427 1307 5478 ut
1319 5420 1491 5492 plurimum.
1507 5416 1648 5474 Terentius
1667 5415 1696 5470 in
1710 5414 1796 5469 Phor-

141 5525 265 5583 musque,
282 5502 517 5579 eruditissimos
531 5506 585 5566 cst,
601 5495 672 5566 apud
687 5493 851 5550 Creatorem.
862 5493 902 5548 lo.
994 5491 1086 5547 mione
1102 5512 1108 5548 :
1129 5493 1272 5548 «Domum
1286 5491 1326 5546 ire
1341 5507 1465 5563 pergam,
1481 5489 1527 5544 ubi
1545 5487 1693 5561 plurimum
1709 5492 1761 5540 est.
1780 5503 1791 5531 ι

176 5581 232 5651 (69)
253 5581 321 5636 Erre
347 5589 395 5702 qo
414 5572 514 5630 emitto
531 5571 564 5626 in
594 5584 640 5626 uos
655 5568 763 5648 lanula,
786 5575 838 5621 ete.
864 5563 939 5620 llulti
993 5562 1038 5619 Sic
1054 5564 1133 5620 otium
1148 5565 1245 5621 Noster
1258 5578 1340 5634 supra
1355 5563 1460 5616 locutus
1474 5569 1525 5617 est.
1539 5559 1623 5617 Latini
1638 5557 1794 5614 minimum

141 5658 204 5709 sunt
218 5654 352 5723 ejuscemo
373 5646 382 5702 i
396 5643 449 5705 loci
471 5642 499 5699 in
529 5640 687 5712 Scripturas,
703 5638 802 5711 quibus
820 5635 935 5709 legitur:
993 5634 1044 5692 boc
1057 5635 1124 5693 item
1138 5635 1220 5691 modo
1234 5639 1374 5704 usurpant.
1394 5633 1486 5690 Ruina.
