<?xml version="1.0" encoding="UTF-8"?>
<!DOCTYPE html PUBLIC "-//W3C//DTD XHTML 1.0 Transitional//EN"
    "http://www.w3.org/TR/xhtml1/DTD/xhtml1-transitional.dtd">
<html xmlns="http://www.w3.org/1999/xhtml" xml:lang="en" lang="en">
 <head>
  <title>
</title>
<meta http-equiv="Content-Type" content="text/html;charset=utf-8" />
  <meta name='ocr-system' content='tesseract 3.04.00' />
  <meta name='ocr-capabilities' content='ocr_page ocr_carea ocr_par ocr_line ocrx_word'/>
</head>
<body>
  <div class='ocr_page' id='page_1' title='image "./patrologiaecurs51unkngoog/patrologiaecurs51unkngoog_0442.png"; bbox 0 0 3848 6120; ppageno 0'>
   <div class='ocr_carea' id='block_1_1' title="bbox 111 316 1678 538">
    <p class='ocr_par' dir='ltr' id='par_1_1' title="bbox 111 316 1678 538">
     <span class='ocr_line' id='line_1_1' title="bbox 556 316 1678 391; baseline 0.01 -11"><span class='ocrx_word' id='word_1_1' title='bbox 556 318 653 381; x_wconf 83' lang='lat' dir='ltr'>LIBER</span> <span class='ocrx_word' id='word_1_2' title='bbox 673 318 715 380; x_wconf 78' lang='lat' dir='ltr'>illi</span> <span class='ocrx_word' id='word_1_3' title='bbox 735 316 1006 383; x_wconf 78' lang='lat' dir='ltr'>RESURRECTIONE</span> <span class='ocrx_word' id='word_1_4' title='bbox 1023 319 1149 383; x_wconf 73' lang='lat' dir='ltr'>mallis.</span> <span class='ocrx_word' id='word_1_5' title='bbox 1626 331 1678 391; x_wconf 78' lang='lat' dir='ltr'>als</span> 
     </span>
     <span class='ocr_line' id='line_1_2' title="bbox 111 445 1394 538; baseline 0.002 -32"><span class='ocrx_word' id='word_1_6' title='bbox 111 451 160 518; x_wconf 86' lang='lat' dir='ltr'>ite,</span> <span class='ocrx_word' id='word_1_7' title='bbox 173 448 222 503; x_wconf 83' lang='lat' dir='ltr'>nti</span> <span class='ocrx_word' id='word_1_8' title='bbox 232 454 274 503; x_wconf 88' lang='lat' dir='ltr'>est</span> <span class='ocrx_word' id='word_1_9' title='bbox 287 448 414 503; x_wconf 82' lang='lat' dir='ltr'>Christus</span> <span class='ocrx_word' id='word_1_10' title='bbox 432 449 464 502; x_wconf 87' lang='lat' dir='ltr'>in</span> <span class='ocrx_word' id='word_1_11' title='bbox 477 445 596 501; x_wconf 80' lang='lat' dir='ltr'>desiere</span> <span class='ocrx_word' id='word_1_12' title='bbox 610 446 663 504; x_wconf 86' lang='lat' dir='ltr'>Dei</span> <span class='ocrx_word' id='word_1_13' title='bbox 676 445 801 503; x_wconf 85' lang='lat' dir='ltr'>residens</span> <span class='ocrx_word' id='word_1_14' title='bbox 817 465 826 499; x_wconf 93' lang='lat'>.·</span> <span class='ocrx_word' id='word_1_15' title='bbox 842 459 866 538; x_wconf 59' lang='grc' dir='ltr'><strong>Α</strong></span> <span class='ocrx_word' id='word_1_16' title='bbox 1165 447 1277 506; x_wconf 74' lang='lat' dir='ltr'>cheat</span> <span class='ocrx_word' id='word_1_17' title='bbox 1294 450 1394 508; x_wconf 84' lang='lat' dir='ltr'>XXlV.</span> 
     </span>
    </p>
   </div>
   <div class='ocr_carea' id='block_1_2' title="bbox 111 533 1752 4619">
    <p class='ocr_par' dir='ltr' id='par_1_2' title="bbox 111 533 1752 4619">
     <span class='ocr_line' id='line_1_3' title="bbox 111 533 1679 609; baseline 0.002 -14"><span class='ocrx_word' id='word_1_18' title='bbox 111 551 264 595; x_wconf 77' lang='lat' dir='ltr'>aesnrsnm</span> <span class='ocrx_word' id='word_1_19' title='bbox 277 538 346 592; x_wconf 87' lang='lat' dir='ltr'>sant</span> <span class='ocrx_word' id='word_1_20' title='bbox 360 537 460 606; x_wconf 88' lang='lat' dir='ltr'>sapite,</span> <span class='ocrx_word' id='word_1_21' title='bbox 475 550 534 590; x_wconf 92' lang='lat' dir='ltr'>nan</span> <span class='ocrx_word' id='word_1_22' title='bbox 548 551 612 606; x_wconf 76' lang='lat' dir='ltr'>qnae</span> <span class='ocrx_word' id='word_1_23' title='bbox 633 535 771 591; x_wconf 86' lang='lat' dir='ltr'>deorsam.</span> <span class='ocrx_word' id='word_1_24' title='bbox 788 535 828 589; x_wconf 86' lang='lat' dir='ltr'>lta</span> <span class='ocrx_word' id='word_1_25' title='bbox 920 533 987 604; x_wconf 81' lang='lat' dir='ltr'>Quae</span> <span class='ocrx_word' id='word_1_26' title='bbox 1008 535 1068 591; x_wconf 88' lang='lat' dir='ltr'>haec</span> <span class='ocrx_word' id='word_1_27' title='bbox 1100 536 1125 574; x_wconf 90' lang='grc'>66</span> <span class='ocrx_word' id='word_1_28' title='bbox 1151 541 1283 609; x_wconf 89' lang='lat' dir='ltr'>tempora,</span> <span class='ocrx_word' id='word_1_29' title='bbox 1316 555 1368 595; x_wconf 89' lang='lat' dir='ltr'>eun</span> <span class='ocrx_word' id='word_1_30' title='bbox 1394 540 1679 600; x_wconf 78' lang='lat' dir='ltr'>Thessalonicensibus</span> 
     </span>
     <span class='ocr_line' id='line_1_4' title="bbox 111 621 1679 700; baseline 0.001 -14"><span class='ocrx_word' id='word_1_31' title='bbox 111 640 123 686; x_wconf 78' lang='lat' dir='ltr'>t</span> <span class='ocrx_word' id='word_1_32' title='bbox 141 625 264 684; x_wconf 75' lang='lat' dir='ltr'><strong>ostendit</strong></span> <span class='ocrx_word' id='word_1_33' title='bbox 279 639 431 697; x_wconf 81' lang='lat' dir='ltr'>resurgere,</span> <span class='ocrx_word' id='word_1_34' title='bbox 443 638 497 694; x_wconf 83' lang='lat' dir='ltr'>qrro</span> <span class='ocrx_word' id='word_1_35' title='bbox 512 622 570 678; x_wconf 91' lang='lat' dir='ltr'>solo</span> <span class='ocrx_word' id='word_1_36' title='bbox 585 625 673 680; x_wconf 88' lang='lat' dir='ltr'>adhuc</span> <span class='ocrx_word' id='word_1_37' title='bbox 686 639 831 694; x_wconf 81' lang='lat' dir='ltr'>possumus</span> <span class='ocrx_word' id='word_1_38' title='bbox 884 622 970 679; x_wconf 90' lang='lat' dir='ltr'>disee.</span> <span class='ocrx_word' id='word_1_39' title='bbox 987 621 1112 696; x_wconf 77' lang='lat' dir='ltr'>Legimus</span> <span class='ocrx_word' id='word_1_40' title='bbox 1126 624 1197 679; x_wconf 89' lang='lat' dir='ltr'>euim</span> <span class='ocrx_word' id='word_1_41' title='bbox 1208 624 1231 697; x_wconf 91' lang='lat' dir='ltr'>(l</span> <span class='ocrx_word' id='word_1_42' title='bbox 1250 626 1340 685; x_wconf 72' lang='lat' dir='ltr'>thess.</span> <span class='ocrx_word' id='word_1_43' title='bbox 1351 627 1372 700; x_wconf 89' lang='grc' dir='ltr'>ι)</span> <span class='ocrx_word' id='word_1_44' title='bbox 1389 645 1395 686; x_wconf 92' lang='grc'>;</span> <span class='ocrx_word' id='word_1_45' title='bbox 1412 629 1540 697; x_wconf 78' lang='lat' dir='ltr'>Qualiter</span> <span class='ocrx_word' id='word_1_46' title='bbox 1553 647 1679 690; x_wconf 81' lang='lat' dir='ltr'>converse</span> 
     </span>
     <span class='ocr_line' id='line_1_5' title="bbox 111 709 1681 790; baseline 0.003 -17"><span class='ocrx_word' id='word_1_47' title='bbox 111 714 160 773; x_wconf 80' lang='lat' dir='ltr'>stis</span> <span class='ocrx_word' id='word_1_48' title='bbox 175 714 328 787; x_wconf 71' lang='lat' dir='ltr'>attingam</span> <span class='ocrx_word' id='word_1_49' title='bbox 352 728 412 785; x_wconf 84' lang='lat' dir='ltr'>quae</span> <span class='ocrx_word' id='word_1_50' title='bbox 436 727 490 767; x_wconf 91' lang='lat' dir='ltr'>noa</span> <span class='ocrx_word' id='word_1_51' title='bbox 505 726 693 782; x_wconf 76' lang='lat' dir='ltr'>quereremus</span> <span class='ocrx_word' id='word_1_52' title='bbox 719 714 753 782; x_wconf 80' lang='grc'>66,</span> <span class='ocrx_word' id='word_1_53' title='bbox 781 727 832 769; x_wconf 89' lang='lat' dir='ltr'>nec</span> <span class='ocrx_word' id='word_1_54' title='bbox 885 712 947 768; x_wconf 91' lang='lat' dir='ltr'>sitis</span> <span class='ocrx_word' id='word_1_55' title='bbox 961 709 995 766; x_wconf 85' lang='lat' dir='ltr'>ah</span> <span class='ocrx_word' id='word_1_56' title='bbox 1009 710 1104 783; x_wconf 84' lang='lat' dir='ltr'>idolis,</span> <span class='ocrx_word' id='word_1_57' title='bbox 1119 713 1156 769; x_wconf 85' lang='lat' dir='ltr'>ad</span> <span class='ocrx_word' id='word_1_58' title='bbox 1168 714 1347 773; x_wconf 81' lang='lat' dir='ltr'>seruientium</span> <span class='ocrx_word' id='word_1_59' title='bbox 1361 720 1422 777; x_wconf 86' lang='lat' dir='ltr'>aisa</span> <span class='ocrx_word' id='word_1_60' title='bbox 1436 722 1466 775; x_wconf 88' lang='lat' dir='ltr'>et</span> <span class='ocrx_word' id='word_1_61' title='bbox 1486 736 1550 776; x_wconf 89' lang='lat' dir='ltr'>vera</span> <span class='ocrx_word' id='word_1_62' title='bbox 1566 722 1630 790; x_wconf 85' lang='lat' dir='ltr'>Dee,</span> <span class='ocrx_word' id='word_1_63' title='bbox 1644 722 1681 778; x_wconf 85' lang='lat' dir='ltr'>nd</span> 
     </span>
     <span class='ocr_line' id='line_1_6' title="bbox 111 800 1681 881; baseline 0.003 -20"><span class='ocrx_word' id='word_1_64' title='bbox 111 820 198 870; x_wconf 82' lang='lat' dir='ltr'>emas,</span> <span class='ocrx_word' id='word_1_65' title='bbox 210 805 233 860; x_wconf 89' lang='lat' dir='ltr'>si</span> <span class='ocrx_word' id='word_1_66' title='bbox 247 802 462 874; x_wconf 80' lang='lat' dir='ltr'>possideremus.</span> <span class='ocrx_word' id='word_1_67' title='bbox 478 800 593 871; x_wconf 89' lang='lat' dir='ltr'>Suhjicit</span> <span class='ocrx_word' id='word_1_68' title='bbox 606 802 687 858; x_wconf 89' lang='lat' dir='ltr'>etism</span> <span class='ocrx_word' id='word_1_69' title='bbox 703 820 710 857; x_wconf 75' lang='grc' dir='ltr'><strong><em>ε</em></strong></span> <span class='ocrx_word' id='word_1_70' title='bbox 729 803 831 859; x_wconf 82' lang='lat' dir='ltr'>Mortui</span> <span class='ocrx_word' id='word_1_71' title='bbox 885 801 1164 873; x_wconf 79' lang='lat' dir='ltr'>easpectnnrtnnac⁵⁵</span> <span class='ocrx_word' id='word_1_72' title='bbox 1175 804 1251 861; x_wconf 80' lang='lat' dir='ltr'>catis</span> <span class='ocrx_word' id='word_1_73' title='bbox 1262 806 1367 862; x_wconf 82' lang='lat' dir='ltr'>Filium</span> <span class='ocrx_word' id='word_1_74' title='bbox 1381 809 1454 879; x_wconf 86' lang='lat' dir='ltr'>ejas,</span> <span class='ocrx_word' id='word_1_75' title='bbox 1464 823 1546 881; x_wconf 76' lang='lat' dir='ltr'>paens</span> <span class='ocrx_word' id='word_1_76' title='bbox 1560 812 1681 866; x_wconf 77' lang='lat' dir='ltr'>marita·</span> 
     </span>
     <span class='ocr_line' id='line_1_7' title="bbox 111 890 1683 970; baseline 0.01 -30"><span class='ocrx_word' id='word_1_77' title='bbox 111 936 113 940; x_wconf 76' lang='grc'><strong>,</strong></span> <span class='ocrx_word' id='word_1_78' title='bbox 131 895 210 959; x_wconf 72' lang='lat' dir='ltr'>mis,</span> <span class='ocrx_word' id='word_1_79' title='bbox 228 891 330 948; x_wconf 91' lang='lat' dir='ltr'>scilieet</span> <span class='ocrx_word' id='word_1_80' title='bbox 354 890 468 958; x_wconf 87' lang='lat' dir='ltr'>delictis,</span> <span class='ocrx_word' id='word_1_81' title='bbox 493 905 548 944; x_wconf 91' lang='lat' dir='ltr'>nan</span> <span class='ocrx_word' id='word_1_82' title='bbox 570 891 667 961; x_wconf 85' lang='lat' dir='ltr'>eohis;</span> <span class='ocrx_word' id='word_1_83' title='bbox 691 895 720 947; x_wconf 91' lang='lat' dir='ltr'>et</span> <span class='ocrx_word' id='word_1_84' title='bbox 732 892 756 929; x_wconf 80' lang='grc'>66</span> <span class='ocrx_word' id='word_1_85' title='bbox 770 890 836 947; x_wconf 78' lang='lat' dir='ltr'>vita·</span> <span class='ocrx_word' id='word_1_86' title='bbox 884 893 926 948; x_wconf 88' lang='lat' dir='ltr'>eit</span> <span class='ocrx_word' id='word_1_87' title='bbox 940 907 977 947; x_wconf 81' lang='lat' dir='ltr'>ea</span> <span class='ocrx_word' id='word_1_88' title='bbox 984 895 1118 958; x_wconf 86' lang='lat' dir='ltr'>marinis,</span> <span class='ocrx_word' id='word_1_89' title='bbox 1134 893 1237 951; x_wconf 70' lang='lat' dir='ltr'>lesam</span> <span class='ocrx_word' id='word_1_90' title='bbox 1261 894 1298 951; x_wconf 87' lang='lat' dir='ltr'>Et</span> <span class='ocrx_word' id='word_1_91' title='bbox 1312 912 1405 953; x_wconf 87' lang='lat' dir='ltr'>rursus</span> <span class='ocrx_word' id='word_1_92' title='bbox 1414 899 1435 969; x_wconf 77' lang='lat' dir='ltr'>ll</span> <span class='ocrx_word' id='word_1_93' title='bbox 1456 897 1546 954; x_wconf 84' lang='lat' dir='ltr'>Thess.</span> <span class='ocrx_word' id='word_1_94' title='bbox 1557 898 1603 970; x_wconf 80' lang='lat' dir='ltr'>ul:</span> <span class='ocrx_word' id='word_1_95' title='bbox 1617 901 1683 968; x_wconf 76' lang='lat' dir='ltr'>(lace</span> 
     </span>
     <span class='ocr_line' id='line_1_8' title="bbox 111 979 1685 1054; baseline 0.003 -15"><span class='ocrx_word' id='word_1_96' title='bbox 111 983 161 1044; x_wconf 83' lang='lat' dir='ltr'>s⁵⁰</span> <span class='ocrx_word' id='word_1_97' title='bbox 170 981 458 1040; x_wconf 82' lang='lat' dir='ltr'>absconditaesicarn</span> <span class='ocrx_word' id='word_1_98' title='bbox 467 980 578 1035; x_wconf 79' lang='lat' dir='ltr'>Christo</span> <span class='ocrx_word' id='word_1_99' title='bbox 587 980 620 1035; x_wconf 91' lang='lat' dir='ltr'>in</span> <span class='ocrx_word' id='word_1_100' title='bbox 629 982 693 1037; x_wconf 84' lang='lat' dir='ltr'>Dea.</span> <span class='ocrx_word' id='word_1_101' title='bbox 704 979 831 1035; x_wconf 91' lang='lat' dir='ltr'>Nondum</span> <span class='ocrx_word' id='word_1_102' title='bbox 885 981 962 1035; x_wconf 86' lang='lat' dir='ltr'>enim</span> <span class='ocrx_word' id='word_1_103' title='bbox 972 993 1034 1051; x_wconf 88' lang='lat' dir='ltr'>spes</span> <span class='ocrx_word' id='word_1_104' title='bbox 1048 984 1158 1050; x_wconf 88' lang='lat' dir='ltr'>nostra,</span> <span class='ocrx_word' id='word_1_105' title='bbox 1170 980 1212 1039; x_wconf 87' lang='lat' dir='ltr'>vei</span> <span class='ocrx_word' id='word_1_106' title='bbox 1220 983 1413 1054; x_wconf 64' lang='lat' dir='ltr'>pandioniam</span> <span class='ocrx_word' id='word_1_107' title='bbox 1428 987 1631 1042; x_wconf 75' lang='lat' dir='ltr'>exsultationis</span> <span class='ocrx_word' id='word_1_108' title='bbox 1641 1003 1685 1044; x_wconf 85' lang='lat' dir='ltr'>ca·</span> 
     </span>
     <span class='ocr_line' id='line_1_9' title="bbox 128 1067 1682 1143; baseline 0.005 -19"><span class='ocrx_word' id='word_1_109' title='bbox 128 1071 299 1143; x_wconf 83' lang='lat' dir='ltr'>apprehensa</span> <span class='ocrx_word' id='word_1_110' title='bbox 325 1075 375 1138; x_wconf 88' lang='lat' dir='ltr'>est,</span> <span class='ocrx_word' id='word_1_111' title='bbox 400 1083 461 1139; x_wconf 78' lang='lat' dir='ltr'>quae</span> <span class='ocrx_word' id='word_1_112' title='bbox 485 1067 642 1123; x_wconf 86' lang='lat' dir='ltr'>abscondita</span> <span class='ocrx_word' id='word_1_113' title='bbox 657 1076 708 1123; x_wconf 88' lang='lat' dir='ltr'>est.</span> <span class='ocrx_word' id='word_1_114' title='bbox 737 1067 782 1123; x_wconf 89' lang='lat' dir='ltr'>Sic</span> <span class='ocrx_word' id='word_1_115' title='bbox 804 1076 831 1124; x_wconf 88' lang='lat' dir='ltr'>et</span> <span class='ocrx_word' id='word_1_116' title='bbox 885 1083 967 1134; x_wconf 91' lang='lat' dir='ltr'>rana,</span> <span class='ocrx_word' id='word_1_117' title='bbox 983 1083 1067 1140; x_wconf 80' lang='lat' dir='ltr'>qaam</span> <span class='ocrx_word' id='word_1_118' title='bbox 1094 1071 1122 1124; x_wconf 89' lang='lat' dir='ltr'>et</span> <span class='ocrx_word' id='word_1_119' title='bbox 1138 1068 1163 1106; x_wconf 80' lang='lat'>⁵⁵</span> <span class='ocrx_word' id='word_1_120' title='bbox 1183 1086 1230 1126; x_wconf 87' lang='lat' dir='ltr'>vos</span> <span class='ocrx_word' id='word_1_121' title='bbox 1248 1086 1345 1128; x_wconf 83' lang='lat' dir='ltr'>carana</span> <span class='ocrx_word' id='word_1_122' title='bbox 1359 1075 1477 1131; x_wconf 84' lang='lat' dir='ltr'>Domino</span> <span class='ocrx_word' id='word_1_123' title='bbox 1505 1078 1601 1130; x_wconf 85' lang='lat' dir='ltr'>nostro</span> <span class='ocrx_word' id='word_1_124' title='bbox 1616 1075 1682 1131; x_wconf 77' lang='lat' dir='ltr'>lesa</span> 
     </span>
     <span class='ocr_line' id='line_1_10' title="bbox 111 1153 1683 1235; baseline 0.003 -19"><span class='ocrx_word' id='word_1_125' title='bbox 111 1171 173 1216; x_wconf 75' lang='lat' dir='ltr'>ros:</span> <span class='ocrx_word' id='word_1_126' title='bbox 185 1159 220 1213; x_wconf 84' lang='lat' dir='ltr'>Et</span> <span class='ocrx_word' id='word_1_127' title='bbox 234 1155 656 1227; x_wconf 79' lang='lat' dir='ltr'>nondam,sit‚manisestatnm</span> <span class='ocrx_word' id='word_1_128' title='bbox 667 1156 690 1194; x_wconf 88' lang='lat'>⁵¹</span> <span class='ocrx_word' id='word_1_129' title='bbox 701 1156 831 1229; x_wconf 62' lang='lat' dir='ltr'>asapaht</span> <span class='ocrx_word' id='word_1_130' title='bbox 887 1153 1007 1221; x_wconf 84' lang='lat' dir='ltr'>Christo,</span> <span class='ocrx_word' id='word_1_131' title='bbox 1022 1157 1054 1211; x_wconf 89' lang='lat' dir='ltr'>in</span> <span class='ocrx_word' id='word_1_132' title='bbox 1072 1157 1197 1214; x_wconf 84' lang='lat' dir='ltr'>adventa</span> <span class='ocrx_word' id='word_1_133' title='bbox 1209 1158 1319 1231; x_wconf 80' lang='lat' dir='ltr'>ipsias?</span> <span class='ocrx_word' id='word_1_134' title='bbox 1337 1161 1402 1217; x_wconf 90' lang='lat' dir='ltr'>ltem</span> <span class='ocrx_word' id='word_1_135' title='bbox 1417 1162 1440 1230; x_wconf 83' lang='lat' dir='ltr'>(l</span> <span class='ocrx_word' id='word_1_136' title='bbox 1458 1163 1547 1220; x_wconf 84' lang='lat' dir='ltr'>Thess.</span> <span class='ocrx_word' id='word_1_137' title='bbox 1562 1162 1611 1235; x_wconf 85' lang='lat'>11):</span> <span class='ocrx_word' id='word_1_138' title='bbox 1630 1164 1683 1221; x_wconf 85' lang='lat' dir='ltr'>Ca·</span> 
     </span>
     <span class='ocr_line' id='line_1_11' title="bbox 111 1245 1684 1324; baseline 0 -13"><span class='ocrx_word' id='word_1_139' title='bbox 111 1252 384 1312; x_wconf 62' lang='lat' dir='ltr'>damnassemus</span> <span class='ocrx_word' id='word_1_140' title='bbox 399 1253 467 1324; x_wconf 83' lang='lat' dir='ltr'>qaia</span> <span class='ocrx_word' id='word_1_141' title='bbox 484 1253 509 1307; x_wconf 90' lang='lat' dir='ltr'>si</span> <span class='ocrx_word' id='word_1_142' title='bbox 520 1251 831 1322; x_wconf 69' lang='lat' dir='ltr'>manifestaverit⁵³‚si.</span> <span class='ocrx_word' id='word_1_143' title='bbox 884 1260 949 1300; x_wconf 87' lang='lat' dir='ltr'>ram</span> <span class='ocrx_word' id='word_1_144' title='bbox 962 1245 1016 1303; x_wconf 83' lang='lat' dir='ltr'>oea</span> <span class='ocrx_word' id='word_1_145' title='bbox 1030 1248 1059 1299; x_wconf 88' lang='lat' dir='ltr'>et</span> <span class='ocrx_word' id='word_1_146' title='bbox 1073 1246 1159 1303; x_wconf 86' lang='lat' dir='ltr'>Patre</span> <span class='ocrx_word' id='word_1_147' title='bbox 1168 1250 1275 1313; x_wconf 90' lang='lat' dir='ltr'>nostra,</span> <span class='ocrx_word' id='word_1_148' title='bbox 1291 1250 1321 1304; x_wconf 88' lang='lat' dir='ltr'>ia</span> <span class='ocrx_word' id='word_1_149' title='bbox 1334 1249 1458 1308; x_wconf 86' lang='lat' dir='ltr'>adventa</span> <span class='ocrx_word' id='word_1_150' title='bbox 1467 1251 1492 1289; x_wconf 93' lang='grc'>66</span> <span class='ocrx_word' id='word_1_151' title='bbox 1506 1254 1618 1311; x_wconf 77' lang='lat' dir='ltr'><strong><em>Domine</em></strong></span> <span class='ocrx_word' id='word_1_152' title='bbox 1634 1269 1684 1311; x_wconf 89' lang='lat' dir='ltr'>na·</span> 
     </span>
     <span class='ocr_line' id='line_1_12' title="bbox 111 1333 1683 1418; baseline 0.011 -37"><span class='ocrx_word' id='word_1_153' title='bbox 111 1345 187 1418; x_wconf 48' lang='grc' dir='ltr'>ΝΜ</span> <span class='ocrx_word' id='word_1_154' title='bbox 200 1343 225 1382; x_wconf 84' lang='lat' dir='ltr'>sa</span> <span class='ocrx_word' id='word_1_155' title='bbox 234 1343 351 1399; x_wconf 59' lang='lat' dir='ltr'>primu„</span> <span class='ocrx_word' id='word_1_156' title='bbox 363 1342 449 1396; x_wconf 65' lang='lat' dir='ltr'>Tauro</span> <span class='ocrx_word' id='word_1_157' title='bbox 459 1341 542 1407; x_wconf 64' lang='lat' dir='ltr'>abasi,</span> <span class='ocrx_word' id='word_1_158' title='bbox 555 1347 584 1396; x_wconf 74' lang='lat' dir='ltr'>ut</span> <span class='ocrx_word' id='word_1_159' title='bbox 594 1339 680 1398; x_wconf 72' lang='lat' dir='ltr'>simus</span> <span class='ocrx_word' id='word_1_160' title='bbox 688 1343 744 1413; x_wconf 80' lang='lat' dir='ltr'>jam</span> <span class='ocrx_word' id='word_1_161' title='bbox 758 1342 831 1413; x_wconf 77' lang='lat' dir='ltr'>quod</span> <span class='ocrx_word' id='word_1_162' title='bbox 884 1334 939 1390; x_wconf 79' lang='lat' dir='ltr'>stri</span> <span class='ocrx_word' id='word_1_163' title='bbox 961 1333 1026 1391; x_wconf 80' lang='lat' dir='ltr'>iesse</span> <span class='ocrx_word' id='word_1_164' title='bbox 1042 1334 1158 1401; x_wconf 75' lang='lat' dir='ltr'>Christi,</span> <span class='ocrx_word' id='word_1_165' title='bbox 1184 1352 1251 1392; x_wconf 88' lang='lat' dir='ltr'>cam</span> <span class='ocrx_word' id='word_1_166' title='bbox 1266 1339 1408 1396; x_wconf 75' lang='lat' dir='ltr'>nniaemis</span> <span class='ocrx_word' id='word_1_167' title='bbox 1422 1343 1530 1398; x_wconf 89' lang='lat' dir='ltr'>sanctis</span> <span class='ocrx_word' id='word_1_168' title='bbox 1557 1343 1628 1415; x_wconf 69' lang='lat' dir='ltr'>m&#39;ns.</span> <span class='ocrx_word' id='word_1_169' title='bbox 1644 1343 1683 1398; x_wconf 87' lang='lat' dir='ltr'>De</span> 
     </span>
     <span class='ocr_line' id='line_1_13' title="bbox 111 1421 1684 1503; baseline 0.001 -18"><span class='ocrx_word' id='word_1_170' title='bbox 111 1446 191 1490; x_wconf 81' lang='lat' dir='ltr'>mas:</span> <span class='ocrx_word' id='word_1_171' title='bbox 215 1431 309 1503; x_wconf 87' lang='lat' dir='ltr'>utique</span> <span class='ocrx_word' id='word_1_172' title='bbox 329 1429 434 1498; x_wconf 89' lang='lat' dir='ltr'>scituri,</span> <span class='ocrx_word' id='word_1_173' title='bbox 456 1428 479 1483; x_wconf 92' lang='lat' dir='ltr'>si</span> <span class='ocrx_word' id='word_1_174' title='bbox 502 1426 560 1498; x_wconf 86' lang='lat' dir='ltr'>jam</span> <span class='ocrx_word' id='word_1_175' title='bbox 587 1444 720 1487; x_wconf 75' lang='lat' dir='ltr'>essemus.</span> <span class='ocrx_word' id='word_1_176' title='bbox 752 1429 830 1489; x_wconf 70' lang='lat' dir='ltr'>Adeo</span> <span class='ocrx_word' id='word_1_177' title='bbox 884 1435 997 1494; x_wconf 90' lang='lat' dir='ltr'>quorum</span> <span class='ocrx_word' id='word_1_178' title='bbox 1021 1421 1185 1479; x_wconf 81' lang='lat' dir='ltr'>dormitione</span> <span class='ocrx_word' id='word_1_179' title='bbox 1199 1424 1289 1482; x_wconf 90' lang='lat' dir='ltr'>minus</span> <span class='ocrx_word' id='word_1_180' title='bbox 1309 1428 1450 1484; x_wconf 89' lang='lat' dir='ltr'>moerenda</span> <span class='ocrx_word' id='word_1_181' title='bbox 1464 1429 1489 1469; x_wconf 85' lang='grc'>66</span> <span class='ocrx_word' id='word_1_182' title='bbox 1503 1429 1613 1501; x_wconf 89' lang='lat' dir='ltr'>docens,</span> <span class='ocrx_word' id='word_1_183' title='bbox 1644 1431 1684 1487; x_wconf 90' lang='lat' dir='ltr'>si·</span> 
     </span>
     <span class='ocr_line' id='line_1_14' title="bbox 111 1509 1684 1594; baseline 0.001 -19"><span class='ocrx_word' id='word_1_184' title='bbox 111 1520 228 1594; x_wconf 82' lang='lat' dir='ltr'>mplstio</span> <span class='ocrx_word' id='word_1_185' title='bbox 243 1527 283 1577; x_wconf 85' lang='lat' dir='ltr'>est</span> <span class='ocrx_word' id='word_1_186' title='bbox 295 1518 353 1593; x_wconf 89' lang='lat' dir='ltr'>spei</span> <span class='ocrx_word' id='word_1_187' title='bbox 372 1520 400 1574; x_wconf 91' lang='lat' dir='ltr'>in</span> <span class='ocrx_word' id='word_1_188' title='bbox 415 1520 467 1574; x_wconf 92' lang='lat' dir='ltr'>hoc</span> <span class='ocrx_word' id='word_1_189' title='bbox 479 1517 566 1590; x_wconf 86' lang='lat' dir='ltr'>spatio</span> <span class='ocrx_word' id='word_1_190' title='bbox 590 1533 638 1589; x_wconf 92' lang='lat' dir='ltr'>per</span> <span class='ocrx_word' id='word_1_191' title='bbox 661 1518 753 1586; x_wconf 85' lang='lat' dir='ltr'>iidem,</span> <span class='ocrx_word' id='word_1_192' title='bbox 775 1533 830 1576; x_wconf 89' lang='lat' dir='ltr'>non</span> <span class='ocrx_word' id='word_1_193' title='bbox 884 1509 942 1566; x_wconf 89' lang='lat' dir='ltr'>mul</span> <span class='ocrx_word' id='word_1_194' title='bbox 957 1518 984 1567; x_wconf 87' lang='lat' dir='ltr'>et</span> <span class='ocrx_word' id='word_1_195' title='bbox 1003 1520 1123 1582; x_wconf 86' lang='lat' dir='ltr'>tempora</span> <span class='ocrx_word' id='word_1_196' title='bbox 1140 1510 1225 1570; x_wconf 67' lang='grc'>888</span> <span class='ocrx_word' id='word_1_197' title='bbox 1246 1516 1452 1574; x_wconf 89' lang='lat' dir='ltr'>resurrectionis</span> <span class='ocrx_word' id='word_1_198' title='bbox 1466 1519 1578 1590; x_wconf 84' lang='lat' dir='ltr'>exponit</span> <span class='ocrx_word' id='word_1_199' title='bbox 1591 1519 1684 1577; x_wconf 88' lang='lat' dir='ltr'>diceus</span> 
     </span>
     <span class='ocr_line' id='line_1_15' title="bbox 111 1597 1684 1681; baseline 0.013 -36"><span class='ocrx_word' id='word_1_200' title='bbox 111 1607 237 1668; x_wconf 58' lang='lat' dir='ltr'>„nmio</span> <span class='ocrx_word' id='word_1_201' title='bbox 251 1608 345 1673; x_wconf 89' lang='lat' dir='ltr'>⁵⁵,oec</span> <span class='ocrx_word' id='word_1_202' title='bbox 358 1605 505 1678; x_wconf 59' lang='lat' dir='ltr'>possessio,</span> <span class='ocrx_word' id='word_1_203' title='bbox 527 1606 575 1663; x_wconf 62' lang='lat' dir='ltr'>sad</span> <span class='ocrx_word' id='word_1_204' title='bbox 590 1607 769 1681; x_wconf 49' lang='lat' dir='ltr'>asperiano,</span> <span class='ocrx_word' id='word_1_205' title='bbox 789 1607 830 1665; x_wconf 66' lang='lat' dir='ltr'>ne</span> <span class='ocrx_word' id='word_1_206' title='bbox 884 1597 909 1672; x_wconf 87' lang='grc' dir='ltr'>(Ι</span> <span class='ocrx_word' id='word_1_207' title='bbox 927 1598 1017 1658; x_wconf 81' lang='lat' dir='ltr'>Thess.</span> <span class='ocrx_word' id='word_1_208' title='bbox 1032 1614 1064 1655; x_wconf 89' lang='lat' dir='ltr'>ur</span> <span class='ocrx_word' id='word_1_209' title='bbox 1076 1605 1105 1658; x_wconf 89' lang='lat' dir='ltr'>et</span> <span class='ocrx_word' id='word_1_210' title='bbox 1118 1601 1158 1672; x_wconf 83' lang='lat' dir='ltr'>ru)</span> <span class='ocrx_word' id='word_1_211' title='bbox 1180 1618 1187 1659; x_wconf 90' lang='lat'>:</span> <span class='ocrx_word' id='word_1_212' title='bbox 1212 1602 1332 1662; x_wconf 80' lang='lat' dir='ltr'>sienim</span> <span class='ocrx_word' id='word_1_213' title='bbox 1355 1606 1498 1665; x_wconf 80' lang='lat' dir='ltr'>credimus</span> <span class='ocrx_word' id='word_1_214' title='bbox 1516 1608 1589 1680; x_wconf 83' lang='lat' dir='ltr'>qaod</span> <span class='ocrx_word' id='word_1_215' title='bbox 1604 1609 1684 1667; x_wconf 82' lang='lat' dir='ltr'>iesus</span> 
     </span>
     <span class='ocr_line' id='line_1_16' title="bbox 111 1687 1685 1773; baseline 0.001 -21"><span class='ocrx_word' id='word_1_216' title='bbox 111 1711 165 1773; x_wconf 82' lang='lat' dir='ltr'>spe</span> <span class='ocrx_word' id='word_1_217' title='bbox 198 1703 225 1752; x_wconf 90' lang='lat' dir='ltr'>et</span> <span class='ocrx_word' id='word_1_218' title='bbox 257 1694 461 1768; x_wconf 83' lang='lat' dir='ltr'>exspectatione</span> <span class='ocrx_word' id='word_1_219' title='bbox 501 1693 601 1751; x_wconf 86' lang='lat' dir='ltr'>Paulus</span> <span class='ocrx_word' id='word_1_220' title='bbox 641 1696 675 1751; x_wconf 90' lang='lat' dir='ltr'>ad</span> <span class='ocrx_word' id='word_1_221' title='bbox 720 1693 831 1753; x_wconf 86' lang='lat' dir='ltr'>Galatas</span> <span class='ocrx_word' id='word_1_222' title='bbox 885 1687 1017 1745; x_wconf 79' lang='lat' dir='ltr'>stertens</span> <span class='ocrx_word' id='word_1_223' title='bbox 1027 1687 1077 1754; x_wconf 89' lang='lat' dir='ltr'>sit,</span> <span class='ocrx_word' id='word_1_224' title='bbox 1093 1690 1121 1746; x_wconf 92' lang='lat' dir='ltr'>et</span> <span class='ocrx_word' id='word_1_225' title='bbox 1130 1692 1388 1761; x_wconf 60' lang='lat' dir='ltr'>resurrexeritnic</span> <span class='ocrx_word' id='word_1_226' title='bbox 1398 1697 1506 1752; x_wconf 78' lang='lat' dir='ltr'>etheus</span> <span class='ocrx_word' id='word_1_227' title='bbox 1516 1711 1560 1754; x_wconf 87' lang='lat' dir='ltr'>eas</span> <span class='ocrx_word' id='word_1_228' title='bbox 1569 1697 1685 1768; x_wconf 79' lang='lat' dir='ltr'>qaidar</span> 
     </span>
     <span class='ocr_line' id='line_1_17' title="bbox 111 1775 1685 1860; baseline 0.013 -21"><span class='ocrx_word' id='word_1_229' title='bbox 111 1783 155 1860; x_wconf 64' lang='lat' dir='ltr'>s)</span> <span class='ocrx_word' id='word_1_230' title='bbox 169 1801 177 1844; x_wconf 77' lang='lat' dir='ltr'><strong><em>z</em></strong></span> <span class='ocrx_word' id='word_1_231' title='bbox 192 1784 250 1842; x_wconf 90' lang='lat' dir='ltr'>Nos</span> <span class='ocrx_word' id='word_1_232' title='bbox 263 1785 341 1842; x_wconf 83' lang='lat' dir='ltr'>enirn</span> <span class='ocrx_word' id='word_1_233' title='bbox 360 1784 469 1856; x_wconf 86' lang='lat' dir='ltr'>spirito</span> <span class='ocrx_word' id='word_1_234' title='bbox 490 1796 527 1838; x_wconf 83' lang='lat' dir='ltr'>ee</span> <span class='ocrx_word' id='word_1_235' title='bbox 541 1782 597 1853; x_wconf 77' lang='lat' dir='ltr'>fide</span> <span class='ocrx_word' id='word_1_236' title='bbox 615 1798 694 1855; x_wconf 87' lang='lat' dir='ltr'>spem</span> <span class='ocrx_word' id='word_1_237' title='bbox 707 1784 832 1857; x_wconf 78' lang='lat' dir='ltr'>justitia</span> <span class='ocrx_word' id='word_1_238' title='bbox 885 1775 1026 1845; x_wconf 72' lang='lat' dir='ltr'>minant,</span> <span class='ocrx_word' id='word_1_239' title='bbox 1037 1792 1091 1849; x_wconf 75' lang='grc'>666</span> <span class='ocrx_word' id='word_1_240' title='bbox 1104 1779 1199 1835; x_wconf 83' lang='lat' dir='ltr'>lesam</span> <span class='ocrx_word' id='word_1_241' title='bbox 1216 1777 1337 1836; x_wconf 80' lang='grc'><strong>6666666</strong></span> <span class='ocrx_word' id='word_1_242' title='bbox 1362 1796 1429 1837; x_wconf 85' lang='grc'><strong>6666</strong></span> <span class='ocrx_word' id='word_1_243' title='bbox 1443 1783 1513 1855; x_wconf 72' lang='lat' dir='ltr'>i1²⁵⁰·</span> <span class='ocrx_word' id='word_1_244' title='bbox 1535 1785 1589 1842; x_wconf 77' lang='grc'><strong>6666</strong></span> <span class='ocrx_word' id='word_1_245' title='bbox 1607 1786 1685 1844; x_wconf 85' lang='lat' dir='ltr'>enim</span> 
     </span>
     <span class='ocr_line' id='line_1_18' title="bbox 111 1864 1686 1947; baseline 0.002 -14"><span class='ocrx_word' id='word_1_246' title='bbox 111 1878 256 1933; x_wconf 63' lang='lat' dir='ltr'>numae:</span> <span class='ocrx_word' id='word_1_247' title='bbox 273 1887 326 1928; x_wconf 91' lang='lat' dir='ltr'>nou</span> <span class='ocrx_word' id='word_1_248' title='bbox 341 1872 388 1941; x_wconf 84' lang='lat' dir='ltr'>ait,</span> <span class='ocrx_word' id='word_1_249' title='bbox 399 1877 533 1929; x_wconf 87' lang='lat' dir='ltr'>tenemus.</span> <span class='ocrx_word' id='word_1_250' title='bbox 550 1870 664 1928; x_wconf 77' lang='lat' dir='ltr'>lustitia</span> <span class='ocrx_word' id='word_1_251' title='bbox 681 1880 772 1930; x_wconf 87' lang='lat' dir='ltr'>autem</span> <span class='ocrx_word' id='word_1_252' title='bbox 781 1873 834 1931; x_wconf 87' lang='lat' dir='ltr'>Dei</span> <span class='ocrx_word' id='word_1_253' title='bbox 885 1864 1006 1924; x_wconf 86' lang='lat' dir='ltr'>dirimas</span> <span class='ocrx_word' id='word_1_254' title='bbox 1019 1867 1092 1924; x_wconf 79' lang='lat' dir='ltr'>noea</span> <span class='ocrx_word' id='word_1_255' title='bbox 1108 1866 1284 1926; x_wconf 67' lang='lat' dir='ltr'>interitione</span> <span class='ocrx_word' id='word_1_256' title='bbox 1301 1871 1416 1926; x_wconf 69' lang='lat' dir='ltr'>Domini</span> <span class='ocrx_word' id='word_1_257' title='bbox 1430 1870 1465 1936; x_wconf 72' lang='lat'>⁶⁷,</span> <span class='ocrx_word' id='word_1_258' title='bbox 1485 1872 1686 1947; x_wconf 65' lang='lat' dir='ltr'>deodatensi</span> 
     </span>
     <span class='ocr_line' id='line_1_19' title="bbox 111 1954 1684 2035; baseline 0.001 -18"><span class='ocrx_word' id='word_1_259' title='bbox 111 1978 165 2029; x_wconf 81' lang='lat' dir='ltr'>,ex</span> <span class='ocrx_word' id='word_1_260' title='bbox 174 1960 285 2035; x_wconf 81' lang='lat' dir='ltr'>judicio,</span> <span class='ocrx_word' id='word_1_261' title='bbox 300 1976 355 2034; x_wconf 84' lang='lat' dir='ltr'>quo</span> <span class='ocrx_word' id='word_1_262' title='bbox 373 1960 559 2030; x_wconf 78' lang='lat' dir='ltr'>iudicabimur</span> <span class='ocrx_word' id='word_1_263' title='bbox 581 1960 607 2000; x_wconf 85' lang='grc'>66</span> <span class='ocrx_word' id='word_1_264' title='bbox 633 1961 668 2017; x_wconf 87' lang='lat' dir='ltr'>ds</span> <span class='ocrx_word' id='word_1_265' title='bbox 696 1963 831 2020; x_wconf 69' lang='lat' dir='ltr'>mercede,</span> <span class='ocrx_word' id='word_1_266' title='bbox 885 1954 1684 2032; x_wconf 81' lang='lat' dir='ltr'>vivimus,qairemanemasinadncntnmDomininostri,</span> 
     </span>
     <span class='ocr_line' id='line_1_20' title="bbox 111 2045 1686 2127; baseline 0 -21"><span class='ocrx_word' id='word_1_267' title='bbox 111 2066 190 2127; x_wconf 73' lang='lat' dir='ltr'>pum</span> <span class='ocrx_word' id='word_1_268' title='bbox 216 2051 336 2122; x_wconf 77' lang='lat' dir='ltr'>pendam</span> <span class='ocrx_word' id='word_1_269' title='bbox 358 2061 385 2106; x_wconf 90' lang='lat' dir='ltr'>et</span> <span class='ocrx_word' id='word_1_270' title='bbox 411 2049 480 2120; x_wconf 89' lang='lat' dir='ltr'>ipse,</span> <span class='ocrx_word' id='word_1_271' title='bbox 512 2065 573 2106; x_wconf 93' lang='lat' dir='ltr'>cum</span> <span class='ocrx_word' id='word_1_272' title='bbox 614 2049 834 2123; x_wconf 73' lang='lat' dir='ltr'>Philippensibus</span> <span class='ocrx_word' id='word_1_273' title='bbox 886 2045 1686 2122; x_wconf 81' lang='lat' dir='ltr'>nanproeaenicmnseasqnidormierant.Qnaniamipse</span> 
     </span>
     <span class='ocr_line' id='line_1_21' title="bbox 111 2134 1685 2213; baseline 0.001 -20"><span class='ocrx_word' id='word_1_274' title='bbox 111 2140 130 2199; x_wconf 87' lang='lat' dir='ltr'>it</span> <span class='ocrx_word' id='word_1_275' title='bbox 147 2138 285 2213; x_wconf 81' lang='lat' dir='ltr'>(Philipp.</span> <span class='ocrx_word' id='word_1_276' title='bbox 299 2136 343 2210; x_wconf 90' lang='grc' dir='ltr'>ιιι)</span> <span class='ocrx_word' id='word_1_277' title='bbox 359 2158 366 2196; x_wconf 88' lang='lat'>:</span> <span class='ocrx_word' id='word_1_278' title='bbox 384 2139 478 2211; x_wconf 81' lang='lat' dir='ltr'>Siqua</span> <span class='ocrx_word' id='word_1_279' title='bbox 500 2138 537 2204; x_wconf 86' lang='grc'>66,</span> <span class='ocrx_word' id='word_1_280' title='bbox 551 2137 648 2210; x_wconf 84' lang='lat' dir='ltr'>inquit,</span> <span class='ocrx_word' id='word_1_281' title='bbox 664 2153 834 2199; x_wconf 80' lang='lat' dir='ltr'>concurram</span> <span class='ocrx_word' id='word_1_282' title='bbox 886 2134 1022 2191; x_wconf 73' lang='lat' dir='ltr'>hominm</span> <span class='ocrx_word' id='word_1_283' title='bbox 1033 2134 1155 2206; x_wconf 82' lang='lat' dir='ltr'>injussa</span> <span class='ocrx_word' id='word_1_284' title='bbox 1169 2139 1199 2192; x_wconf 89' lang='lat' dir='ltr'>et</span> <span class='ocrx_word' id='word_1_285' title='bbox 1211 2137 1243 2193; x_wconf 90' lang='lat' dir='ltr'>in</span> <span class='ocrx_word' id='word_1_286' title='bbox 1252 2152 1315 2195; x_wconf 83' lang='lat' dir='ltr'>vace</span> <span class='ocrx_word' id='word_1_287' title='bbox 1328 2138 1493 2212; x_wconf 83' lang='lat' dir='ltr'>archanpcti</span> <span class='ocrx_word' id='word_1_288' title='bbox 1508 2143 1538 2197; x_wconf 90' lang='lat' dir='ltr'>et</span> <span class='ocrx_word' id='word_1_289' title='bbox 1552 2138 1621 2195; x_wconf 85' lang='lat' dir='ltr'>tnta</span> <span class='ocrx_word' id='word_1_290' title='bbox 1634 2139 1685 2195; x_wconf 84' lang='lat' dir='ltr'>Dei</span> 
     </span>
     <span class='ocr_line' id='line_1_22' title="bbox 111 2219 1686 2303; baseline 0.008 -27"><span class='ocrx_word' id='word_1_291' title='bbox 111 2227 363 2289; x_wconf 57' lang='lat' dir='ltr'>suscitationem⁵⁵</span> <span class='ocrx_word' id='word_1_292' title='bbox 371 2243 434 2299; x_wconf 82' lang='lat' dir='ltr'>quoe</span> <span class='ocrx_word' id='word_1_293' title='bbox 443 2231 484 2284; x_wconf 75' lang='lat' dir='ltr'>cai</span> <span class='ocrx_word' id='word_1_294' title='bbox 495 2244 513 2281; x_wconf 87' lang='lat' dir='ltr'>a</span> <span class='ocrx_word' id='word_1_295' title='bbox 528 2229 652 2285; x_wconf 76' lang='lat' dir='ltr'>morinis</span> <span class='ocrx_word' id='word_1_296' title='bbox 664 2245 751 2295; x_wconf 75' lang='lat' dir='ltr'>thou,</span> <span class='ocrx_word' id='word_1_297' title='bbox 766 2231 835 2303; x_wconf 78' lang='lat' dir='ltr'>qnia</span> <span class='ocrx_word' id='word_1_298' title='bbox 886 2219 1034 2280; x_wconf 60' lang='lat' dir='ltr'>desem</span> <span class='ocrx_word' id='word_1_299' title='bbox 1042 2221 1076 2281; x_wconf 81' lang='lat' dir='ltr'>de</span> <span class='ocrx_word' id='word_1_300' title='bbox 1086 2224 1165 2294; x_wconf 74' lang='lat' dir='ltr'>ceeia,</span> <span class='ocrx_word' id='word_1_301' title='bbox 1173 2229 1317 2286; x_wconf 75' lang='lat' dir='ltr'>tintorissi</span> <span class='ocrx_word' id='word_1_302' title='bbox 1326 2230 1359 2285; x_wconf 82' lang='lat' dir='ltr'>in</span> <span class='ocrx_word' id='word_1_303' title='bbox 1372 2230 1482 2289; x_wconf 68' lang='lat' dir='ltr'>Christo</span> <span class='ocrx_word' id='word_1_304' title='bbox 1487 2231 1579 2302; x_wconf 79' lang='lat' dir='ltr'>primi</span> <span class='ocrx_word' id='word_1_305' title='bbox 1587 2248 1686 2289; x_wconf 73' lang='lat' dir='ltr'>reattr-</span> 
     </span>
     <span class='ocr_line' id='line_1_23' title="bbox 111 2310 1687 2395; baseline 0.004 -22"><span class='ocrx_word' id='word_1_306' title='bbox 111 2318 209 2395; x_wconf 84' lang='lat' dir='ltr'>reecpi,</span> <span class='ocrx_word' id='word_1_307' title='bbox 224 2320 276 2373; x_wconf 92' lang='lat' dir='ltr'>ant</span> <span class='ocrx_word' id='word_1_308' title='bbox 285 2319 498 2374; x_wconf 83' lang='lat' dir='ltr'>consummatas</span> <span class='ocrx_word' id='word_1_309' title='bbox 509 2313 590 2373; x_wconf 67' lang='grc'>881</span> <span class='ocrx_word' id='word_1_310' title='bbox 605 2333 679 2374; x_wconf 90' lang='lat' dir='ltr'>snm.</span> <span class='ocrx_word' id='word_1_311' title='bbox 694 2317 728 2373; x_wconf 86' lang='lat' dir='ltr'>Et</span> <span class='ocrx_word' id='word_1_312' title='bbox 740 2319 835 2394; x_wconf 87' lang='lat' dir='ltr'>utique</span> <span class='ocrx_word' id='word_1_313' title='bbox 886 2315 972 2384; x_wconf 77' lang='lat' dir='ltr'>aeni,⁸</span> <span class='ocrx_word' id='word_1_314' title='bbox 986 2310 1087 2371; x_wconf 63' lang='lat' dir='ltr'>Made</span> <span class='ocrx_word' id='word_1_315' title='bbox 1099 2329 1152 2372; x_wconf 85' lang='lat' dir='ltr'>nas</span> <span class='ocrx_word' id='word_1_316' title='bbox 1165 2317 1217 2386; x_wconf 83' lang='lat' dir='ltr'>qni</span> <span class='ocrx_word' id='word_1_317' title='bbox 1229 2317 1366 2390; x_wconf 65' lang='lat' dir='ltr'>vicimum</span> <span class='ocrx_word' id='word_1_318' title='bbox 1382 2321 1430 2393; x_wconf 83' lang='lat' dir='ltr'>qai</span> <span class='ocrx_word' id='word_1_319' title='bbox 1444 2321 1532 2377; x_wconf 80' lang='lat' dir='ltr'>sienni</span> <span class='ocrx_word' id='word_1_320' title='bbox 1546 2336 1613 2379; x_wconf 88' lang='lat' dir='ltr'>cam</span> <span class='ocrx_word' id='word_1_321' title='bbox 1627 2322 1687 2380; x_wconf 88' lang='lat' dir='ltr'>illis</span> 
     </span>
     <span class='ocr_line' id='line_1_24' title="bbox 111 2401 1688 2484; baseline 0.011 -32"><span class='ocrx_word' id='word_1_322' title='bbox 111 2408 207 2480; x_wconf 61' lang='lat' dir='ltr'>m,</span> <span class='ocrx_word' id='word_1_323' title='bbox 231 2414 260 2463; x_wconf 72' lang='lat' dir='ltr'>et</span> <span class='ocrx_word' id='word_1_324' title='bbox 280 2405 370 2463; x_wconf 83' lang='lat' dir='ltr'>omnia</span> <span class='ocrx_word' id='word_1_325' title='bbox 388 2412 557 2462; x_wconf 72' lang='lat' dir='ltr'>sacramenta</span> <span class='ocrx_word' id='word_1_326' title='bbox 588 2413 755 2478; x_wconf 74' lang='lat' dir='ltr'>cognoverat</span> <span class='ocrx_word' id='word_1_327' title='bbox 782 2408 833 2484; x_wconf 72' lang='lat'>(9),</span> <span class='ocrx_word' id='word_1_328' title='bbox 888 2401 1065 2458; x_wconf 84' lang='lat' dir='ltr'>tallemnrin</span> <span class='ocrx_word' id='word_1_329' title='bbox 1077 2402 1198 2460; x_wconf 86' lang='lat' dir='ltr'>nahihns</span> <span class='ocrx_word' id='word_1_330' title='bbox 1212 2404 1321 2465; x_wconf 78' lang='lat' dir='ltr'>obviam</span> <span class='ocrx_word' id='word_1_331' title='bbox 1339 2408 1483 2468; x_wconf 70' lang='lat' dir='ltr'>Cht&#39;t&#39;titl‘⁵8</span> <span class='ocrx_word' id='word_1_332' title='bbox 1496 2411 1530 2466; x_wconf 88' lang='lat' dir='ltr'>in</span> <span class='ocrx_word' id='word_1_333' title='bbox 1543 2414 1688 2482; x_wconf 60' lang='lat' dir='ltr'>ueremi</span> 
     </span>
     <span class='ocr_line' id='line_1_25' title="bbox 111 2491 1688 2569; baseline 0.002 -14"><span class='ocrx_word' id='word_1_334' title='bbox 111 2495 248 2562; x_wconf 63' lang='lat' dir='ltr'>monis,</span> <span class='ocrx_word' id='word_1_335' title='bbox 263 2495 358 2552; x_wconf 91' lang='lat' dir='ltr'>doctor</span> <span class='ocrx_word' id='word_1_336' title='bbox 380 2494 579 2565; x_wconf 77' lang='lat' dir='ltr'>nationum3et</span> <span class='ocrx_word' id='word_1_337' title='bbox 603 2498 691 2552; x_wconf 89' lang='lat' dir='ltr'>tamen</span> <span class='ocrx_word' id='word_1_338' title='bbox 713 2496 829 2568; x_wconf 82' lang='lat' dir='ltr'>adjicit:</span> <span class='ocrx_word' id='word_1_339' title='bbox 887 2491 931 2548; x_wconf 81' lang='lat' dir='ltr'>ita</span> <span class='ocrx_word' id='word_1_340' title='bbox 939 2506 1048 2564; x_wconf 83' lang='lat' dir='ltr'>semper</span> <span class='ocrx_word' id='word_1_341' title='bbox 1060 2508 1125 2550; x_wconf 89' lang='lat' dir='ltr'>cnm</span> <span class='ocrx_word' id='word_1_342' title='bbox 1137 2496 1255 2552; x_wconf 82' lang='lat' dir='ltr'>Domino</span> <span class='ocrx_word' id='word_1_343' title='bbox 1278 2500 1394 2558; x_wconf 78' lang='lat' dir='ltr'>crimen.</span> <span class='ocrx_word' id='word_1_344' title='bbox 1419 2498 1486 2569; x_wconf 82' lang='lat' dir='ltr'>Qua</span> <span class='ocrx_word' id='word_1_345' title='bbox 1509 2515 1563 2559; x_wconf 82' lang='lat' dir='ltr'>uox</span> <span class='ocrx_word' id='word_1_346' title='bbox 1577 2502 1688 2558; x_wconf 86' lang='lat' dir='ltr'>archm-</span> 
     </span>
     <span class='ocr_line' id='line_1_26' title="bbox 111 2578 1687 2661; baseline 0.006 -23"><span class='ocrx_word' id='word_1_347' title='bbox 111 2600 191 2661; x_wconf 68' lang='lat' dir='ltr'>W</span> <span class='ocrx_word' id='word_1_348' title='bbox 203 2587 302 2643; x_wconf 67' lang='lat' dir='ltr'>anum</span> <span class='ocrx_word' id='word_1_349' title='bbox 327 2586 353 2641; x_wconf 90' lang='lat' dir='ltr'>si</span> <span class='ocrx_word' id='word_1_350' title='bbox 371 2583 396 2624; x_wconf 84' lang='grc'>66</span> <span class='ocrx_word' id='word_1_351' title='bbox 424 2585 634 2658; x_wconf 77' lang='lat' dir='ltr'>apprehendam</span> <span class='ocrx_word' id='word_1_352' title='bbox 651 2587 685 2641; x_wconf 87' lang='lat' dir='ltr'>in</span> <span class='ocrx_word' id='word_1_353' title='bbox 702 2602 755 2659; x_wconf 79' lang='lat' dir='ltr'>aaa</span> <span class='ocrx_word' id='word_1_354' title='bbox 771 2603 835 2645; x_wconf 89' lang='lat' dir='ltr'>snm</span> <span class='ocrx_word' id='word_1_355' title='bbox 888 2578 952 2654; x_wconf 73' lang='lat' dir='ltr'>geli,</span> <span class='ocrx_word' id='word_1_356' title='bbox 968 2593 1028 2653; x_wconf 80' lang='lat' dir='ltr'>qaae</span> <span class='ocrx_word' id='word_1_357' title='bbox 1043 2581 1106 2637; x_wconf 86' lang='lat' dir='ltr'>luha</span> <span class='ocrx_word' id='word_1_358' title='bbox 1120 2582 1169 2639; x_wconf 89' lang='lat' dir='ltr'>Dei</span> <span class='ocrx_word' id='word_1_359' title='bbox 1182 2584 1274 2641; x_wconf 88' lang='lat' dir='ltr'>audita</span> <span class='ocrx_word' id='word_1_360' title='bbox 1285 2586 1361 2657; x_wconf 78' lang='lat' dir='ltr'>iamt</span> <span class='ocrx_word' id='word_1_361' title='bbox 1374 2589 1427 2644; x_wconf 90' lang='lat' dir='ltr'>nisi</span> <span class='ocrx_word' id='word_1_362' title='bbox 1454 2588 1526 2646; x_wconf 84' lang='lat' dir='ltr'>forte</span> <span class='ocrx_word' id='word_1_363' title='bbox 1553 2589 1581 2646; x_wconf 92' lang='lat' dir='ltr'>iu</span> <span class='ocrx_word' id='word_1_364' title='bbox 1609 2591 1687 2649; x_wconf 92' lang='lat' dir='ltr'>cubi·</span> 
     </span>
     <span class='ocr_line' id='line_1_27' title="bbox 111 2669 1752 2754; baseline 0.005 -25"><span class='ocrx_word' id='word_1_365' title='bbox 111 2672 225 2735; x_wconf 79' lang='lat' dir='ltr'>rhsnras</span> <span class='ocrx_word' id='word_1_366' title='bbox 238 2691 258 2730; x_wconf 92' lang='lat' dir='ltr'>a</span> <span class='ocrx_word' id='word_1_367' title='bbox 273 2673 393 2732; x_wconf 83' lang='lat' dir='ltr'>Christo.</span> <span class='ocrx_word' id='word_1_368' title='bbox 409 2674 447 2730; x_wconf 82' lang='lat' dir='ltr'>Eo</span> <span class='ocrx_word' id='word_1_369' title='bbox 469 2674 601 2746; x_wconf 87' lang='lat' dir='ltr'>amplius:</span> <span class='ocrx_word' id='word_1_370' title='bbox 629 2676 684 2747; x_wconf 81' lang='lat' dir='ltr'>Epa</span> <span class='ocrx_word' id='word_1_371' title='bbox 706 2690 761 2745; x_wconf 86' lang='lat' dir='ltr'>mc,</span> <span class='ocrx_word' id='word_1_372' title='bbox 777 2679 836 2748; x_wconf 75' lang='lat' dir='ltr'>sra-</span> <span class='ocrx_word' id='word_1_373' title='bbox 889 2669 958 2726; x_wconf 87' lang='lat' dir='ltr'>culis</span> <span class='ocrx_word' id='word_1_374' title='bbox 976 2669 1174 2729; x_wconf 73' lang='lat' dir='ltr'>hereticorum.</span> <span class='ocrx_word' id='word_1_375' title='bbox 1194 2673 1263 2731; x_wconf 87' lang='lat' dir='ltr'>Nam</span> <span class='ocrx_word' id='word_1_376' title='bbox 1283 2677 1333 2732; x_wconf 87' lang='lat' dir='ltr'>etsi</span> <span class='ocrx_word' id='word_1_377' title='bbox 1355 2679 1420 2735; x_wconf 91' lang='lat' dir='ltr'>tuha</span> <span class='ocrx_word' id='word_1_378' title='bbox 1448 2678 1498 2734; x_wconf 87' lang='lat' dir='ltr'>Dei</span> <span class='ocrx_word' id='word_1_379' title='bbox 1520 2680 1689 2754; x_wconf 77' lang='lat' dir='ltr'>evangelicus</span> <span class='ocrx_word' id='word_1_380' title='bbox 1748 2711 1752 2718; x_wconf 85' lang='lat'>.</span> 
     </span>
     <span class='ocr_line' id='line_1_28' title="bbox 117 2759 1689 2839; baseline 0.006 -22"><span class='ocrx_word' id='word_1_381' title='bbox 117 2778 178 2822; x_wconf 71' lang='lat' dir='ltr'>nan</span> <span class='ocrx_word' id='word_1_382' title='bbox 191 2767 260 2836; x_wconf 83' lang='lat' dir='ltr'>pata</span> <span class='ocrx_word' id='word_1_383' title='bbox 274 2761 499 2835; x_wconf 71' lang='lat' dir='ltr'>apprehendisse.</span> <span class='ocrx_word' id='word_1_384' title='bbox 514 2764 603 2820; x_wconf 59' lang='lat' dir='ltr'>Mam</span> <span class='ocrx_word' id='word_1_385' title='bbox 610 2764 699 2836; x_wconf 85' lang='lat' dir='ltr'>plane</span> <span class='ocrx_word' id='word_1_386' title='bbox 712 2763 837 2824; x_wconf 75' lang='lat' dir='ltr'>:ailitem</span> <span class='ocrx_word' id='word_1_387' title='bbox 890 2772 980 2815; x_wconf 88' lang='lat' dir='ltr'>sermo</span> <span class='ocrx_word' id='word_1_388' title='bbox 1002 2759 1054 2816; x_wconf 89' lang='lat' dir='ltr'>dici</span> <span class='ocrx_word' id='word_1_389' title='bbox 1066 2770 1167 2833; x_wconf 85' lang='lat' dir='ltr'>polest,</span> <span class='ocrx_word' id='word_1_390' title='bbox 1178 2761 1224 2833; x_wconf 87' lang='lat' dir='ltr'>qui</span> <span class='ocrx_word' id='word_1_391' title='bbox 1239 2761 1301 2820; x_wconf 91' lang='lat' dir='ltr'>illos</span> <span class='ocrx_word' id='word_1_392' title='bbox 1313 2765 1372 2837; x_wconf 81' lang='lat' dir='ltr'>jam</span> <span class='ocrx_word' id='word_1_393' title='bbox 1382 2767 1539 2839; x_wconf 82' lang='lat' dir='ltr'>rocsret⁵⁹;</span> <span class='ocrx_word' id='word_1_394' title='bbox 1568 2769 1616 2824; x_wconf 90' lang='lat' dir='ltr'>sed</span> <span class='ocrx_word' id='word_1_395' title='bbox 1640 2772 1689 2828; x_wconf 83' lang='lat' dir='ltr'>sui</span> 
     </span>
     <span class='ocr_line' id='line_1_29' title="bbox 111 2847 1686 2932; baseline 0.002 -24"><span class='ocrx_word' id='word_1_396' title='bbox 111 2852 275 2921; x_wconf 58' lang='lat' dir='ltr'>sternenda</span> <span class='ocrx_word' id='word_1_397' title='bbox 282 2853 433 2924; x_wconf 86' lang='lat' dir='ltr'>priorame</span> <span class='ocrx_word' id='word_1_398' title='bbox 442 2851 607 2919; x_wconf 80' lang='lat' dir='ltr'>extendens,</span> <span class='ocrx_word' id='word_1_399' title='bbox 617 2851 773 2910; x_wconf 85' lang='lat' dir='ltr'>secundnm</span> <span class='ocrx_word' id='word_1_400' title='bbox 783 2869 837 2912; x_wconf 83' lang='lat' dir='ltr'>sco·</span> <span class='ocrx_word' id='word_1_401' title='bbox 890 2847 990 2905; x_wconf 89' lang='lat' dir='ltr'>mortui</span> <span class='ocrx_word' id='word_1_402' title='bbox 1017 2858 1096 2906; x_wconf 89' lang='lat' dir='ltr'>erant</span> <span class='ocrx_word' id='word_1_403' title='bbox 1116 2850 1173 2921; x_wconf 84' lang='lat' dir='ltr'>jam</span> <span class='ocrx_word' id='word_1_404' title='bbox 1197 2854 1383 2926; x_wconf 80' lang='lat' dir='ltr'>corporaliter,</span> <span class='ocrx_word' id='word_1_405' title='bbox 1413 2863 1443 2913; x_wconf 92' lang='lat' dir='ltr'>nt</span> <span class='ocrx_word' id='word_1_406' title='bbox 1476 2857 1686 2932; x_wconf 83' lang='lat' dir='ltr'>resurrexerint;</span> 
     </span>
     <span class='ocr_line' id='line_1_30' title="bbox 112 2935 1688 3019; baseline 0.009 -31"><span class='ocrx_word' id='word_1_407' title='bbox 112 2940 836 3015; x_wconf 65' lang='lat' dir='ltr'>pmeqnoradpnimamincriminationis(10),per</span> <span class='ocrx_word' id='word_1_408' title='bbox 888 2935 1064 3009; x_wconf 81' lang='lat' dir='ltr'>etquomodo</span> <span class='ocrx_word' id='word_1_409' title='bbox 1078 2937 1252 2997; x_wconf 72' lang='lat' dir='ltr'>vilantieul</span> <span class='ocrx_word' id='word_1_410' title='bbox 1270 2941 1298 2997; x_wconf 87' lang='lat' dir='ltr'>in</span> <span class='ocrx_word' id='word_1_411' title='bbox 1324 2942 1411 2999; x_wconf 84' lang='lat' dir='ltr'>nubes</span> <span class='ocrx_word' id='word_1_412' title='bbox 1430 2946 1535 3018; x_wconf 73' lang='lat' dir='ltr'>erept13</span> <span class='ocrx_word' id='word_1_413' title='bbox 1562 2951 1589 3001; x_wconf 84' lang='lat' dir='ltr'>et</span> <span class='ocrx_word' id='word_1_414' title='bbox 1615 2959 1688 3019; x_wconf 85' lang='lat' dir='ltr'>quo-</span> 
     </span>
     <span class='ocr_line' id='line_1_31' title="bbox 111 3024 1689 3112; baseline 0.004 -25"><span class='ocrx_word' id='word_1_415' title='bbox 111 3043 337 3088; x_wconf 82' lang='lat' dir='ltr'>saananrrcreor</span> <span class='ocrx_word' id='word_1_416' title='bbox 360 3049 369 3085; x_wconf 89' lang='lat'><em>:</em></span> <span class='ocrx_word' id='word_1_417' title='bbox 394 3029 487 3098; x_wconf 87' lang='lat' dir='ltr'>utique</span> <span class='ocrx_word' id='word_1_418' title='bbox 514 3028 543 3083; x_wconf 93' lang='lat' dir='ltr'>in</span> <span class='ocrx_word' id='word_1_419' title='bbox 575 3028 807 3087; x_wconf 81' lang='lat' dir='ltr'>resuscitationem</span> <span class='ocrx_word' id='word_1_420' title='bbox 821 3046 837 3086; x_wconf 85' lang='lat' dir='ltr'>a</span> <span class='ocrx_word' id='word_1_421' title='bbox 853 3032 876 3112; x_wconf 66' lang='grc' dir='ltr'><strong><em>Β</em></strong></span> <span class='ocrx_word' id='word_1_422' title='bbox 890 3026 973 3082; x_wconf 91' lang='lat' dir='ltr'>modo</span> <span class='ocrx_word' id='word_1_423' title='bbox 998 3024 1043 3081; x_wconf 90' lang='lat' dir='ltr'>hie</span> <span class='ocrx_word' id='word_1_424' title='bbox 1069 3027 1154 3083; x_wconf 77' lang='lat' dir='ltr'>santi</span> <span class='ocrx_word' id='word_1_425' title='bbox 1179 3028 1323 3089; x_wconf 88' lang='lat' dir='ltr'>miserrimi</span> <span class='ocrx_word' id='word_1_426' title='bbox 1346 3048 1458 3103; x_wconf 79' lang='lat' dir='ltr'>revera,</span> <span class='ocrx_word' id='word_1_427' title='bbox 1491 3042 1523 3091; x_wconf 90' lang='lat' dir='ltr'>ut</span> <span class='ocrx_word' id='word_1_428' title='bbox 1540 3035 1689 3109; x_wconf 81' lang='lat' dir='ltr'>Apostolus</span> 
     </span>
     <span class='ocr_line' id='line_1_32' title="bbox 111 3114 1688 3197; baseline 0.004 -20"><span class='ocrx_word' id='word_1_429' title='bbox 111 3117 176 3187; x_wconf 73' lang='lat' dir='ltr'>nis&#39;,</span> <span class='ocrx_word' id='word_1_430' title='bbox 203 3130 252 3175; x_wconf 89' lang='lat' dir='ltr'>suo</span> <span class='ocrx_word' id='word_1_431' title='bbox 276 3123 366 3173; x_wconf 88' lang='lat' dir='ltr'>tamen</span> <span class='ocrx_word' id='word_1_432' title='bbox 390 3124 520 3189; x_wconf 87' lang='lat' dir='ltr'>tempore,</span> <span class='ocrx_word' id='word_1_433' title='bbox 550 3118 619 3174; x_wconf 89' lang='lat' dir='ltr'>sicul</span> <span class='ocrx_word' id='word_1_434' title='bbox 652 3118 687 3173; x_wconf 89' lang='lat' dir='ltr'>ad</span> <span class='ocrx_word' id='word_1_435' title='bbox 728 3118 839 3176; x_wconf 79' lang='lat' dir='ltr'>Galatas</span> <span class='ocrx_word' id='word_1_436' title='bbox 892 3114 1088 3185; x_wconf 87' lang='lat' dir='ltr'>pronuntiarit,</span> <span class='ocrx_word' id='word_1_437' title='bbox 1102 3115 1191 3187; x_wconf 87' lang='lat' dir='ltr'>quiin</span> <span class='ocrx_word' id='word_1_438' title='bbox 1209 3117 1261 3174; x_wconf 87' lang='lat' dir='ltr'>ista</span> <span class='ocrx_word' id='word_1_439' title='bbox 1280 3128 1382 3178; x_wconf 86' lang='lat' dir='ltr'>tautum</span> <span class='ocrx_word' id='word_1_440' title='bbox 1396 3123 1455 3183; x_wconf 84' lang='lat' dir='ltr'>uita</span> <span class='ocrx_word' id='word_1_441' title='bbox 1475 3134 1616 3197; x_wconf 80' lang='lat' dir='ltr'>sperantes</span> <span class='ocrx_word' id='word_1_442' title='bbox 1639 3128 1688 3182; x_wconf 90' lang='lat' dir='ltr'>ha-</span> 
     </span>
     <span class='ocr_line' id='line_1_33' title="bbox 111 3202 1690 3289; baseline 0.005 -25"><span class='ocrx_word' id='word_1_443' title='bbox 111 3209 149 3265; x_wconf 82' lang='lat' dir='ltr'>at-</span> <span class='ocrx_word' id='word_1_444' title='bbox 157 3205 218 3279; x_wconf 66' lang='lat'>11):</span> <span class='ocrx_word' id='word_1_445' title='bbox 234 3207 308 3263; x_wconf 79' lang='lat' dir='ltr'>Bene</span> <span class='ocrx_word' id='word_1_446' title='bbox 321 3207 564 3276; x_wconf 74' lang='lat' dir='ltr'>autemsacientes</span> <span class='ocrx_word' id='word_1_447' title='bbox 581 3221 618 3262; x_wconf 90' lang='lat' dir='ltr'>ne</span> <span class='ocrx_word' id='word_1_448' title='bbox 632 3206 753 3289; x_wconf 75' lang='lat' dir='ltr'>taceat:</span> <span class='ocrx_word' id='word_1_449' title='bbox 770 3211 839 3264; x_wconf 88' lang='lat' dir='ltr'>tem·</span> <span class='ocrx_word' id='word_1_450' title='bbox 892 3202 1038 3270; x_wconf 85' lang='lat' dir='ltr'>bebuutur,</span> <span class='ocrx_word' id='word_1_451' title='bbox 1066 3203 1224 3260; x_wconf 85' lang='lat' dir='ltr'>excludendi</span> <span class='ocrx_word' id='word_1_452' title='bbox 1251 3208 1286 3277; x_wconf 88' lang='grc'>66,</span> <span class='ocrx_word' id='word_1_453' title='bbox 1324 3210 1391 3266; x_wconf 90' lang='lat' dir='ltr'>dum</span> <span class='ocrx_word' id='word_1_454' title='bbox 1420 3213 1589 3284; x_wconf 69' lang='lat' dir='ltr'>praeripiant,</span> <span class='ocrx_word' id='word_1_455' title='bbox 1616 3216 1690 3288; x_wconf 87' lang='lat' dir='ltr'>qnod</span> 
     </span>
     <span class='ocr_line' id='line_1_34' title="bbox 125 3290 1689 3374; baseline 0.008 -25"><span class='ocrx_word' id='word_1_456' title='bbox 125 3294 205 3353; x_wconf 81' lang='lat' dir='ltr'>enim</span> <span class='ocrx_word' id='word_1_457' title='bbox 220 3310 271 3353; x_wconf 86' lang='lat' dir='ltr'>sna</span> <span class='ocrx_word' id='word_1_458' title='bbox 284 3298 424 3351; x_wconf 82' lang='lat' dir='ltr'>meternes</span> <span class='ocrx_word' id='word_1_459' title='bbox 438 3293 472 3350; x_wconf 90' lang='grc'>66.</span> <span class='ocrx_word' id='word_1_460' title='bbox 489 3294 565 3351; x_wconf 86' lang='lat' dir='ltr'>Sicut</span> <span class='ocrx_word' id='word_1_461' title='bbox 582 3294 655 3350; x_wconf 86' lang='lat' dir='ltr'>etad</span> <span class='ocrx_word' id='word_1_462' title='bbox 669 3294 839 3352; x_wconf 87' lang='lat' dir='ltr'>Timotheum</span> <span class='ocrx_word' id='word_1_463' title='bbox 894 3290 1046 3365; x_wconf 80' lang='lat' dir='ltr'>postillam</span> <span class='ocrx_word' id='word_1_464' title='bbox 1067 3294 1275 3364; x_wconf 88' lang='lat' dir='ltr'>repromittitur;</span> <span class='ocrx_word' id='word_1_465' title='bbox 1305 3298 1426 3356; x_wconf 81' lang='lat' dir='ltr'>frustrati</span> <span class='ocrx_word' id='word_1_466' title='bbox 1448 3302 1518 3360; x_wconf 84' lang='lat' dir='ltr'>cirea</span> <span class='ocrx_word' id='word_1_467' title='bbox 1536 3303 1689 3374; x_wconf 80' lang='lat' dir='ltr'>veritatem,</span> 
     </span>
     <span class='ocr_line' id='line_1_35' title="bbox 111 3381 1691 3468; baseline 0.007 -27"><span class='ocrx_word' id='word_1_468' title='bbox 111 3384 165 3441; x_wconf 72' lang='lat' dir='ltr'>&#39;isa</span> <span class='ocrx_word' id='word_1_469' title='bbox 179 3385 201 3455; x_wconf 86' lang='lat' dir='ltr'>r)</span> <span class='ocrx_word' id='word_1_470' title='bbox 213 3384 247 3441; x_wconf 89' lang='lat' dir='ltr'>de</span> <span class='ocrx_word' id='word_1_471' title='bbox 268 3382 440 3454; x_wconf 87' lang='lat' dir='ltr'>Onesiphoro</span> <span class='ocrx_word' id='word_1_472' title='bbox 455 3401 462 3439; x_wconf 74' lang='grc' dir='ltr'>ε</span> <span class='ocrx_word' id='word_1_473' title='bbox 480 3387 531 3441; x_wconf 85' lang='lat' dir='ltr'>Det</span> <span class='ocrx_word' id='word_1_474' title='bbox 545 3384 591 3441; x_wconf 86' lang='lat' dir='ltr'>illi</span> <span class='ocrx_word' id='word_1_475' title='bbox 610 3384 744 3442; x_wconf 81' lang='lat' dir='ltr'>Dominae</span> <span class='ocrx_word' id='word_1_476' title='bbox 758 3400 839 3444; x_wconf 82' lang='lat' dir='ltr'>anae·</span> <span class='ocrx_word' id='word_1_477' title='bbox 893 3397 948 3438; x_wconf 91' lang='lat' dir='ltr'>uon</span> <span class='ocrx_word' id='word_1_478' title='bbox 961 3381 1049 3438; x_wconf 89' lang='lat' dir='ltr'>miuus</span> <span class='ocrx_word' id='word_1_479' title='bbox 1061 3399 1144 3455; x_wconf 85' lang='lat' dir='ltr'>quarn</span> <span class='ocrx_word' id='word_1_480' title='bbox 1158 3384 1305 3459; x_wconf 72' lang='lat' dir='ltr'>Phygellus</span> <span class='ocrx_word' id='word_1_481' title='bbox 1319 3395 1347 3445; x_wconf 89' lang='lat' dir='ltr'>et</span> <span class='ocrx_word' id='word_1_482' title='bbox 1371 3389 1569 3468; x_wconf 76' lang='lat' dir='ltr'>Hermogenes.</span> <span class='ocrx_word' id='word_1_483' title='bbox 1583 3394 1617 3451; x_wconf 85' lang='lat' dir='ltr'>Et</span> <span class='ocrx_word' id='word_1_484' title='bbox 1630 3394 1691 3452; x_wconf 91' lang='lat' dir='ltr'>ideo</span> 
     </span>
     <span class='ocr_line' id='line_1_36' title="bbox 115 3469 1693 3553; baseline 0.004 -21"><span class='ocrx_word' id='word_1_485' title='bbox 115 3472 590 3532; x_wconf 58' lang='lat' dir='ltr'>mecchenhusen</span> <span class='ocrx_word' id='word_1_486' title='bbox 615 3489 698 3545; x_wconf 91' lang='lat' dir='ltr'>quem</span> <span class='ocrx_word' id='word_1_487' title='bbox 721 3474 793 3531; x_wconf 90' lang='lat' dir='ltr'>diem</span> <span class='ocrx_word' id='word_1_488' title='bbox 808 3490 840 3533; x_wconf 90' lang='lat' dir='ltr'>ac</span> <span class='ocrx_word' id='word_1_489' title='bbox 893 3469 1021 3542; x_wconf 82' lang='lat' dir='ltr'>majestas</span> <span class='ocrx_word' id='word_1_490' title='bbox 1052 3472 1167 3542; x_wconf 88' lang='lat' dir='ltr'>Spiritus</span> <span class='ocrx_word' id='word_1_491' title='bbox 1196 3476 1282 3532; x_wconf 87' lang='lat' dir='ltr'>sancti</span> <span class='ocrx_word' id='word_1_492' title='bbox 1301 3477 1446 3550; x_wconf 79' lang='lat' dir='ltr'>perspicax</span> <span class='ocrx_word' id='word_1_493' title='bbox 1473 3481 1607 3553; x_wconf 87' lang='lat' dir='ltr'>ejusmodi</span> <span class='ocrx_word' id='word_1_494' title='bbox 1633 3497 1693 3538; x_wconf 89' lang='lat' dir='ltr'>seu·</span> 
     </span>
     <span class='ocr_line' id='line_1_37' title="bbox 111 3559 1692 3642; baseline 0.006 -24"><span class='ocrx_word' id='word_1_495' title='bbox 111 3576 159 3635; x_wconf 83' lang='lat' dir='ltr'>as,</span> <span class='ocrx_word' id='word_1_496' title='bbox 173 3568 201 3618; x_wconf 90' lang='lat' dir='ltr'>et</span> <span class='ocrx_word' id='word_1_497' title='bbox 212 3561 266 3633; x_wconf 88' lang='lat' dir='ltr'>ipsi</span> <span class='ocrx_word' id='word_1_498' title='bbox 279 3562 402 3633; x_wconf 88' lang='lat' dir='ltr'>praecipit</span> <span class='ocrx_word' id='word_1_499' title='bbox 418 3562 440 3632; x_wconf 82' lang='lat' dir='ltr'>(l</span> <span class='ocrx_word' id='word_1_500' title='bbox 459 3563 526 3618; x_wconf 86' lang='lat' dir='ltr'>Tim.</span> <span class='ocrx_word' id='word_1_501' title='bbox 542 3562 584 3633; x_wconf 84' lang='lat' dir='ltr'>ru)</span> <span class='ocrx_word' id='word_1_502' title='bbox 602 3562 741 3621; x_wconf 77' lang='lat' dir='ltr'>matadire</span> <span class='ocrx_word' id='word_1_503' title='bbox 756 3580 839 3621; x_wconf 86' lang='lat' dir='ltr'>man·</span> <span class='ocrx_word' id='word_1_504' title='bbox 894 3576 983 3627; x_wconf 87' lang='lat' dir='ltr'>suum,</span> <span class='ocrx_word' id='word_1_505' title='bbox 997 3567 1023 3617; x_wconf 89' lang='lat' dir='ltr'>et</span> <span class='ocrx_word' id='word_1_506' title='bbox 1043 3559 1071 3615; x_wconf 92' lang='lat' dir='ltr'>iu</span> <span class='ocrx_word' id='word_1_507' title='bbox 1093 3559 1153 3635; x_wconf 89' lang='lat' dir='ltr'>ipsa</span> <span class='ocrx_word' id='word_1_508' title='bbox 1176 3563 1200 3602; x_wconf 87' lang='grc'>66</span> <span class='ocrx_word' id='word_1_509' title='bbox 1229 3565 1264 3621; x_wconf 88' lang='lat' dir='ltr'>ad</span> <span class='ocrx_word' id='word_1_510' title='bbox 1286 3566 1538 3627; x_wconf 83' lang='lat' dir='ltr'>Thessalonicenses</span> <span class='ocrx_word' id='word_1_511' title='bbox 1570 3569 1692 3642; x_wconf 83' lang='lat' dir='ltr'>Epistola</span> 
     </span>
     <span class='ocr_line' id='line_1_38' title="bbox 111 3648 1693 3730; baseline 0.004 -21"><span class='ocrx_word' id='word_1_512' title='bbox 111 3650 378 3717; x_wconf 69' lang='lat' dir='ltr'>miramacalatam,</span> <span class='ocrx_word' id='word_1_513' title='bbox 390 3649 645 3723; x_wconf 79' lang='lat' dir='ltr'>irreprehensitile,</span> <span class='ocrx_word' id='word_1_514' title='bbox 660 3652 691 3710; x_wconf 90' lang='lat' dir='ltr'>in</span> <span class='ocrx_word' id='word_1_515' title='bbox 701 3669 841 3725; x_wconf 87' lang='lat' dir='ltr'>apparen-</span> <span class='ocrx_word' id='word_1_516' title='bbox 894 3648 1018 3724; x_wconf 74' lang='lat' dir='ltr'>suggerit</span> <span class='ocrx_word' id='word_1_517' title='bbox 1058 3649 1081 3722; x_wconf 85' lang='lat' dir='ltr'>(l</span> <span class='ocrx_word' id='word_1_518' title='bbox 1107 3652 1196 3709; x_wconf 84' lang='lat' dir='ltr'>Tiress.</span> <span class='ocrx_word' id='word_1_519' title='bbox 1227 3656 1257 3725; x_wconf 87' lang='lat' dir='ltr'>v)</span> <span class='ocrx_word' id='word_1_520' title='bbox 1284 3671 1290 3709; x_wconf 93' lang='lat'><strong>:</strong></span> <span class='ocrx_word' id='word_1_521' title='bbox 1320 3657 1360 3712; x_wconf 80' lang='lat' dir='ltr'>lle</span> <span class='ocrx_word' id='word_1_522' title='bbox 1390 3657 1562 3730; x_wconf 80' lang='lat' dir='ltr'>temporibus</span> <span class='ocrx_word' id='word_1_523' title='bbox 1595 3663 1693 3718; x_wconf 67' lang='lat' dir='ltr'>anum</span> 
     </span>
     <span class='ocr_line' id='line_1_39' title="bbox 111 3738 1693 3815; baseline 0.009 -23"><span class='ocrx_word' id='word_1_524' title='bbox 111 3738 242 3799; x_wconf 70' lang='lat' dir='ltr'>‚flamini</span> <span class='ocrx_word' id='word_1_525' title='bbox 260 3739 324 3798; x_wconf 83' lang='lat' dir='ltr'>leste</span> <span class='ocrx_word' id='word_1_526' title='bbox 338 3739 453 3807; x_wconf 77' lang='lat' dir='ltr'>Christi,</span> <span class='ocrx_word' id='word_1_527' title='bbox 470 3757 557 3813; x_wconf 75' lang='lat' dir='ltr'>qnam</span> <span class='ocrx_word' id='word_1_528' title='bbox 577 3742 638 3798; x_wconf 90' lang='lat' dir='ltr'>sais</span> <span class='ocrx_word' id='word_1_529' title='bbox 666 3743 840 3815; x_wconf 81' lang='lat' dir='ltr'>temporibus</span> <span class='ocrx_word' id='word_1_530' title='bbox 895 3743 923 3797; x_wconf 89' lang='lat' dir='ltr'>et</span> <span class='ocrx_word' id='word_1_531' title='bbox 947 3741 1107 3812; x_wconf 83' lang='lat' dir='ltr'>temporam</span> <span class='ocrx_word' id='word_1_532' title='bbox 1132 3743 1243 3813; x_wconf 85' lang='lat' dir='ltr'>spatiis,</span> <span class='ocrx_word' id='word_1_533' title='bbox 1258 3745 1377 3814; x_wconf 74' lang='lat' dir='ltr'>iratres,</span> <span class='ocrx_word' id='word_1_534' title='bbox 1399 3761 1457 3803; x_wconf 81' lang='lat' dir='ltr'>narr</span> <span class='ocrx_word' id='word_1_535' title='bbox 1470 3749 1514 3804; x_wconf 87' lang='lat' dir='ltr'>est</span> <span class='ocrx_word' id='word_1_536' title='bbox 1540 3749 1693 3808; x_wconf 85' lang='lat' dir='ltr'>necessitas</span> 
     </span>
     <span class='ocr_line' id='line_1_40' title="bbox 111 3826 1694 3910; baseline 0.003 -21"><span class='ocrx_word' id='word_1_537' title='bbox 111 3828 274 3889; x_wconf 65' lang='lat' dir='ltr'>umens</span> <span class='ocrx_word' id='word_1_538' title='bbox 288 3833 315 3887; x_wconf 88' lang='lat' dir='ltr'>et</span> <span class='ocrx_word' id='word_1_539' title='bbox 328 3831 403 3886; x_wconf 84' lang='lat' dir='ltr'>satas</span> <span class='ocrx_word' id='word_1_540' title='bbox 414 3833 588 3901; x_wconf 90' lang='lat' dir='ltr'>potentator,</span> <span class='ocrx_word' id='word_1_541' title='bbox 597 3834 627 3888; x_wconf 88' lang='lat' dir='ltr'>et</span> <span class='ocrx_word' id='word_1_542' title='bbox 645 3846 699 3888; x_wconf 86' lang='lat' dir='ltr'>rear</span> <span class='ocrx_word' id='word_1_543' title='bbox 715 3846 840 3904; x_wconf 84' lang='lat' dir='ltr'>repnan-</span> <span class='ocrx_word' id='word_1_544' title='bbox 894 3826 1034 3885; x_wconf 83' lang='lat' dir='ltr'>scribendi</span> <span class='ocrx_word' id='word_1_545' title='bbox 1046 3828 1122 3886; x_wconf 84' lang='lat' dir='ltr'>vatis</span> <span class='ocrx_word' id='word_1_546' title='bbox 1141 3848 1151 3886; x_wconf 89' lang='grc'>.·</span> <span class='ocrx_word' id='word_1_547' title='bbox 1166 3831 1223 3903; x_wconf 87' lang='lat' dir='ltr'>ipsi</span> <span class='ocrx_word' id='word_1_548' title='bbox 1236 3834 1314 3890; x_wconf 88' lang='lat' dir='ltr'>enim</span> <span class='ocrx_word' id='word_1_549' title='bbox 1333 3835 1491 3894; x_wconf 66' lang='lat' dir='ltr'>certisime</span> <span class='ocrx_word' id='word_1_550' title='bbox 1512 3836 1593 3894; x_wconf 92' lang='lat' dir='ltr'>scitis</span> <span class='ocrx_word' id='word_1_551' title='bbox 1619 3835 1694 3910; x_wconf 81' lang='lat' dir='ltr'>qnod</span> 
     </span>
     <span class='ocr_line' id='line_1_41' title="bbox 111 3916 1694 3992; baseline 0.004 -15"><span class='ocrx_word' id='word_1_552' title='bbox 111 3919 553 3992; x_wconf 63' lang='lat' dir='ltr'>anhominmanninantinm</span> <span class='ocrx_word' id='word_1_553' title='bbox 567 3920 602 3975; x_wconf 89' lang='lat' dir='ltr'>de</span> <span class='ocrx_word' id='word_1_554' title='bbox 616 3920 674 3977; x_wconf 87' lang='lat' dir='ltr'>Deo</span> <span class='ocrx_word' id='word_1_555' title='bbox 687 3919 841 3980; x_wconf 75' lang='lat' dir='ltr'>dicensve</span> <span class='ocrx_word' id='word_1_556' title='bbox 895 3916 1085 3987; x_wconf 73' lang='lat' dir='ltr'>cassanias,</span> <span class='ocrx_word' id='word_1_557' title='bbox 1104 3921 1186 3992; x_wconf 85' lang='lat' dir='ltr'>qnasi</span> <span class='ocrx_word' id='word_1_558' title='bbox 1205 3921 1258 3991; x_wconf 75' lang='lat' dir='ltr'>sar</span> <span class='ocrx_word' id='word_1_559' title='bbox 1271 3926 1363 3990; x_wconf 89' lang='lat' dir='ltr'>nacte,</span> <span class='ocrx_word' id='word_1_560' title='bbox 1379 3923 1423 3979; x_wconf 92' lang='lat' dir='ltr'>ita</span> <span class='ocrx_word' id='word_1_561' title='bbox 1450 3923 1590 3984; x_wconf 82' lang='lat' dir='ltr'>adveniet.</span> <span class='ocrx_word' id='word_1_562' title='bbox 1621 3924 1694 3983; x_wconf 79' lang='lat' dir='ltr'>Onm</span> 
     </span>
     <span class='ocr_line' id='line_1_42' title="bbox 111 4002 1693 4083; baseline 0.007 -14"><span class='ocrx_word' id='word_1_563' title='bbox 111 4022 141 4069; x_wconf 75' lang='lat' dir='ltr'>n</span> <span class='ocrx_word' id='word_1_564' title='bbox 158 4009 330 4080; x_wconf 77' lang='lat' dir='ltr'>temporibus</span> <span class='ocrx_word' id='word_1_565' title='bbox 355 4014 383 4064; x_wconf 83' lang='lat' dir='ltr'>et</span> <span class='ocrx_word' id='word_1_566' title='bbox 409 4009 504 4065; x_wconf 73' lang='lat' dir='ltr'>retius</span> <span class='ocrx_word' id='word_1_567' title='bbox 527 4015 555 4065; x_wconf 86' lang='lat' dir='ltr'>m</span> <span class='ocrx_word' id='word_1_568' title='bbox 581 4010 657 4064; x_wconf 78' lang='lat' dir='ltr'>scra</span> <span class='ocrx_word' id='word_1_569' title='bbox 675 4009 748 4080; x_wconf 80' lang='lat' dir='ltr'>(Aes.</span> <span class='ocrx_word' id='word_1_570' title='bbox 773 4011 839 4083; x_wconf 78' lang='lat' dir='ltr'>nn:</span> <span class='ocrx_word' id='word_1_571' title='bbox 895 4002 1001 4073; x_wconf 74' lang='lat' dir='ltr'>anans,</span> <span class='ocrx_word' id='word_1_572' title='bbox 1024 4007 1096 4073; x_wconf 74' lang='lat' dir='ltr'>rae,</span> <span class='ocrx_word' id='word_1_573' title='bbox 1115 4012 1143 4063; x_wconf 85' lang='lat' dir='ltr'>n</span> <span class='ocrx_word' id='word_1_574' title='bbox 1169 4010 1234 4065; x_wconf 82' lang='lat' dir='ltr'>tnta</span> <span class='ocrx_word' id='word_1_575' title='bbox 1251 4015 1320 4068; x_wconf 79' lang='lat' dir='ltr'>snnr</span> <span class='ocrx_word' id='word_1_576' title='bbox 1343 4013 1451 4079; x_wconf 77' lang='lat' dir='ltr'>rnna,</span> <span class='ocrx_word' id='word_1_577' title='bbox 1473 4016 1543 4071; x_wconf 77' lang='lat' dir='ltr'>tunc</span> <span class='ocrx_word' id='word_1_578' title='bbox 1566 4015 1626 4072; x_wconf 76' lang='lat' dir='ltr'>illis</span> <span class='ocrx_word' id='word_1_579' title='bbox 1645 4031 1693 4074; x_wconf 84' lang='lat' dir='ltr'>re-</span> 
     </span>
     <span class='ocr_line' id='line_1_43' title="bbox 111 4095 1694 4173; baseline 0.002 -16"><span class='ocrx_word' id='word_1_580' title='bbox 111 4098 185 4159; x_wconf 76' lang='lat' dir='ltr'>tient</span> <span class='ocrx_word' id='word_1_581' title='bbox 206 4099 304 4173; x_wconf 79' lang='lat' dir='ltr'>itaque</span> <span class='ocrx_word' id='word_1_582' title='bbox 325 4116 382 4166; x_wconf 82' lang='lat' dir='ltr'>aas,</span> <span class='ocrx_word' id='word_1_583' title='bbox 415 4103 444 4157; x_wconf 89' lang='lat' dir='ltr'>et</span> <span class='ocrx_word' id='word_1_584' title='bbox 467 4101 628 4172; x_wconf 80' lang='lat' dir='ltr'>resipiscite</span> <span class='ocrx_word' id='word_1_585' title='bbox 646 4096 682 4154; x_wconf 85' lang='lat' dir='ltr'>ad</span> <span class='ocrx_word' id='word_1_586' title='bbox 705 4099 841 4157; x_wconf 77' lang='lat' dir='ltr'>ahohnda</span> <span class='ocrx_word' id='word_1_587' title='bbox 893 4095 1157 4165; x_wconf 82' lang='lat' dir='ltr'>pentinasinsistet</span> <span class='ocrx_word' id='word_1_588' title='bbox 1170 4097 1319 4156; x_wconf 82' lang='lat' dir='ltr'>interitus.</span> <span class='ocrx_word' id='word_1_589' title='bbox 1335 4101 1371 4156; x_wconf 83' lang='lat' dir='ltr'>Et</span> <span class='ocrx_word' id='word_1_590' title='bbox 1383 4101 1411 4155; x_wconf 91' lang='lat' dir='ltr'>in</span> <span class='ocrx_word' id='word_1_591' title='bbox 1428 4103 1557 4172; x_wconf 87' lang='lat' dir='ltr'>secunda,</span> <span class='ocrx_word' id='word_1_592' title='bbox 1573 4102 1694 4172; x_wconf 89' lang='lat' dir='ltr'>pleniore</span> 
     </span>
     <span class='ocr_line' id='line_1_44' title="bbox 111 4182 1693 4262; baseline 0 -15"><span class='ocrx_word' id='word_1_593' title='bbox 111 4192 264 4256; x_wconf 58' lang='lat' dir='ltr'>uraha,</span> <span class='ocrx_word' id='word_1_594' title='bbox 278 4193 312 4245; x_wconf 89' lang='lat' dir='ltr'>nt</span> <span class='ocrx_word' id='word_1_595' title='bbox 322 4192 448 4262; x_wconf 86' lang='lat' dir='ltr'>tempora</span> <span class='ocrx_word' id='word_1_596' title='bbox 458 4190 531 4248; x_wconf 86' lang='lat' dir='ltr'>vohis</span> <span class='ocrx_word' id='word_1_597' title='bbox 544 4190 745 4262; x_wconf 84' lang='lat' dir='ltr'>superveniant</span> <span class='ocrx_word' id='word_1_598' title='bbox 755 4191 841 4260; x_wconf 74' lang='lat' dir='ltr'>resri-</span> <span class='ocrx_word' id='word_1_599' title='bbox 894 4182 1075 4240; x_wconf 90' lang='lat' dir='ltr'>sollicitudine</span> <span class='ocrx_word' id='word_1_600' title='bbox 1088 4185 1122 4238; x_wconf 87' lang='lat' dir='ltr'>ad</span> <span class='ocrx_word' id='word_1_601' title='bbox 1141 4187 1250 4243; x_wconf 88' lang='lat' dir='ltr'>eosdem</span> <span class='ocrx_word' id='word_1_602' title='bbox 1271 4188 1306 4259; x_wconf 80' lang='lat' dir='ltr'>(ll</span> <span class='ocrx_word' id='word_1_603' title='bbox 1325 4189 1414 4246; x_wconf 84' lang='lat' dir='ltr'>Thess.</span> <span class='ocrx_word' id='word_1_604' title='bbox 1440 4189 1472 4260; x_wconf 89' lang='grc' dir='ltr'>ιι)</span> <span class='ocrx_word' id='word_1_605' title='bbox 1488 4207 1495 4245; x_wconf 89' lang='lat'>:</span> <span class='ocrx_word' id='word_1_606' title='bbox 1515 4189 1629 4248; x_wconf 84' lang='lat' dir='ltr'>Obsecro</span> <span class='ocrx_word' id='word_1_607' title='bbox 1640 4206 1693 4247; x_wconf 86' lang='lat' dir='ltr'>aa·</span> 
     </span>
     <span class='ocr_line' id='line_1_45' title="bbox 111 4270 1695 4351; baseline 0.004 -19"><span class='ocrx_word' id='word_1_608' title='bbox 111 4276 839 4351; x_wconf 63' lang='lat' dir='ltr'>superemineantmserasproeanipnarnmntnffi</span> <span class='ocrx_word' id='word_1_609' title='bbox 895 4274 952 4327; x_wconf 83' lang='lat' dir='ltr'>tem</span> <span class='ocrx_word' id='word_1_610' title='bbox 969 4270 994 4310; x_wconf 82' lang='grc'>66</span> <span class='ocrx_word' id='word_1_611' title='bbox 1006 4286 1063 4337; x_wconf 78' lang='lat' dir='ltr'>vos,</span> <span class='ocrx_word' id='word_1_612' title='bbox 1078 4274 1201 4343; x_wconf 76' lang='lat' dir='ltr'>tratres,</span> <span class='ocrx_word' id='word_1_613' title='bbox 1216 4290 1268 4346; x_wconf 84' lang='lat' dir='ltr'>rer</span> <span class='ocrx_word' id='word_1_614' title='bbox 1286 4275 1440 4334; x_wconf 72' lang='lat' dir='ltr'>meantem</span> <span class='ocrx_word' id='word_1_615' title='bbox 1457 4277 1572 4334; x_wconf 78' lang='lat' dir='ltr'>tonina·</span> <span class='ocrx_word' id='word_1_616' title='bbox 1601 4279 1695 4335; x_wconf 82' lang='lat' dir='ltr'>nostri</span> 
     </span>
     <span class='ocr_line' id='line_1_46' title="bbox 111 4359 1695 4440; baseline 0 -13"><span class='ocrx_word' id='word_1_617' title='bbox 111 4368 212 4437; x_wconf 65' lang='lat' dir='ltr'>&#39;tium</span> <span class='ocrx_word' id='word_1_618' title='bbox 229 4383 313 4440; x_wconf 83' lang='lat' dir='ltr'>qaam</span> <span class='ocrx_word' id='word_1_619' title='bbox 337 4371 447 4440; x_wconf 88' lang='lat' dir='ltr'>oportet</span> <span class='ocrx_word' id='word_1_620' title='bbox 465 4368 590 4440; x_wconf 70' lang='lat' dir='ltr'>campere</span> <span class='ocrx_word' id='word_1_621' title='bbox 608 4367 700 4434; x_wconf 84' lang='lat' dir='ltr'>calos,</span> <span class='ocrx_word' id='word_1_622' title='bbox 715 4364 841 4439; x_wconf 77' lang='lat' dir='ltr'>adaeque</span> <span class='ocrx_word' id='word_1_623' title='bbox 895 4359 1695 4435; x_wconf 64' lang='lat' dir='ltr'>lesaChristi,etcanpreaationemnastramaditlnmma</span> 
     </span>
     <span class='ocr_line' id='line_1_47' title="bbox 111 4451 1696 4529; baseline -0.003 -14"><span class='ocrx_word' id='word_1_624' title='bbox 111 4470 175 4523; x_wconf 73' lang='lat' dir='ltr'>m</span> <span class='ocrx_word' id='word_1_625' title='bbox 201 4456 383 4516; x_wconf 69' lang='lat' dir='ltr'>exhibitionis</span> <span class='ocrx_word' id='word_1_626' title='bbox 406 4459 551 4526; x_wconf 81' lang='lat' dir='ltr'>ananiam,</span> <span class='ocrx_word' id='word_1_627' title='bbox 574 4473 636 4529; x_wconf 84' lang='lat' dir='ltr'>qnoe</span> <span class='ocrx_word' id='word_1_628' title='bbox 659 4456 772 4514; x_wconf 83' lang='lat' dir='ltr'>locatas</span> <span class='ocrx_word' id='word_1_629' title='bbox 798 4460 840 4514; x_wconf 77' lang='lat' dir='ltr'>est</span> <span class='ocrx_word' id='word_1_630' title='bbox 895 4451 951 4506; x_wconf 89' lang='lat' dir='ltr'>cita</span> <span class='ocrx_word' id='word_1_631' title='bbox 965 4451 1197 4510; x_wconf 74' lang='lat' dir='ltr'>cammaeamini</span> <span class='ocrx_word' id='word_1_632' title='bbox 1214 4451 1419 4524; x_wconf 61' lang='lat' dir='ltr'>anianense-ae</span> <span class='ocrx_word' id='word_1_633' title='bbox 1433 4452 1696 4528; x_wconf 79' lang='lat' dir='ltr'>turbemini‚neqne</span> 
     </span>
     <span class='ocr_line' id='line_1_48' title="bbox 111 4530 1695 4619; baseline -0.001 -14"><span class='ocrx_word' id='word_1_634' title='bbox 111 4559 128 4615; x_wconf 86' lang='lat' dir='ltr'>t,</span> <span class='ocrx_word' id='word_1_635' title='bbox 145 4559 196 4605; x_wconf 80' lang='lat' dir='ltr'>are</span> <span class='ocrx_word' id='word_1_636' title='bbox 210 4549 373 4604; x_wconf 72' lang='lat' dir='ltr'>mncwmnr</span> <span class='ocrx_word' id='word_1_637' title='bbox 384 4548 598 4619; x_wconf 86' lang='lat' dir='ltr'>prophetaram.</span> <span class='ocrx_word' id='word_1_638' title='bbox 892 4555 945 4612; x_wconf 89' lang='lat' dir='ltr'>per</span> <span class='ocrx_word' id='word_1_639' title='bbox 958 4539 1105 4614; x_wconf 84' lang='lat' dir='ltr'>spiritam,</span> <span class='ocrx_word' id='word_1_640' title='bbox 1117 4556 1208 4612; x_wconf 82' lang='lat' dir='ltr'>neqae</span> <span class='ocrx_word' id='word_1_641' title='bbox 1215 4556 1440 4613; x_wconf 87' lang='lat' dir='ltr'>persermanem,</span> <span class='ocrx_word' id='word_1_642' title='bbox 1457 4530 1561 4599; x_wconf 79' lang='lat' dir='ltr'>sciliiet</span> <span class='ocrx_word' id='word_1_643' title='bbox 1575 4542 1695 4616; x_wconf 87' lang='lat' dir='ltr'>pseudo-</span> 
     </span>
    </p>
   </div>
   <div class='ocr_carea' id='block_1_3' title="bbox 739 4664 1004 4730">
    <p class='ocr_par' dir='ltr' id='par_1_3' title="bbox 739 4664 1004 4730">
     <span class='ocr_line' id='line_1_49' title="bbox 739 4664 1004 4730; baseline -0.019 -1"><span class='ocrx_word' id='word_1_644' title='bbox 739 4664 835 4729; x_wconf 83' lang='lat' dir='ltr'>Variae</span> <span class='ocrx_word' id='word_1_645' title='bbox 849 4669 1004 4730; x_wconf 86' lang='lat' dir='ltr'>lectiones.</span> 
     </span>
    </p>
   </div>
   <div class='ocr_carea' id='block_1_4' title="bbox 111 4773 1696 5212">
    <p class='ocr_par' dir='ltr' id='par_1_4' title="bbox 111 4773 1696 5212">
     <span class='ocr_line' id='line_1_50' title="bbox 118 4773 1692 4851; baseline -0.002 -15"><span class='ocrx_word' id='word_1_646' title='bbox 118 4776 281 4851; x_wconf 58' lang='lat' dir='ltr'>Quemne</span> <span class='ocrx_word' id='word_1_647' title='bbox 299 4781 362 4838; x_wconf 83' lang='lat' dir='ltr'>Ven.</span> <span class='ocrx_word' id='word_1_648' title='bbox 373 4779 499 4847; x_wconf 80' lang='lat' dir='ltr'>⁴⁹Nobis,</span> <span class='ocrx_word' id='word_1_649' title='bbox 511 4780 560 4837; x_wconf 90' lang='lat' dir='ltr'>sed</span> <span class='ocrx_word' id='word_1_650' title='bbox 571 4782 655 4839; x_wconf 87' lang='lat' dir='ltr'>Semi.</span> <span class='ocrx_word' id='word_1_651' title='bbox 672 4778 761 4838; x_wconf 87' lang='lat' dir='ltr'>Rhen.</span> <span class='ocrx_word' id='word_1_652' title='bbox 777 4781 803 4821; x_wconf 91' lang='grc'>66</span> <span class='ocrx_word' id='word_1_653' title='bbox 815 4781 915 4838; x_wconf 88' lang='lat' dir='ltr'>Nostra</span> <span class='ocrx_word' id='word_1_654' title='bbox 925 4781 1015 4837; x_wconf 85' lang='lat' dir='ltr'>Paris.</span> <span class='ocrx_word' id='word_1_655' title='bbox 1031 4777 1055 4816; x_wconf 91' lang='lat'>⁵¹</span> <span class='ocrx_word' id='word_1_656' title='bbox 1067 4774 1239 4833; x_wconf 78' lang='lat' dir='ltr'>Manifestum</span> <span class='ocrx_word' id='word_1_657' title='bbox 1253 4775 1340 4833; x_wconf 84' lang='lat' dir='ltr'>Rhea.</span> <span class='ocrx_word' id='word_1_658' title='bbox 1357 4775 1441 4832; x_wconf 85' lang='lat' dir='ltr'>Semi.</span> <span class='ocrx_word' id='word_1_659' title='bbox 1457 4773 1482 4815; x_wconf 84' lang='lat'>⁵²</span> <span class='ocrx_word' id='word_1_660' title='bbox 1497 4775 1692 4834; x_wconf 81' lang='lat' dir='ltr'>Sumuslihen.</span> 
     </span>
     <span class='ocr_line' id='line_1_51' title="bbox 111 4846 1691 4921; baseline -0.001 -14"><span class='ocrx_word' id='word_1_661' title='bbox 111 4850 134 4907; x_wconf 86' lang='lat' dir='ltr'>i.</span> <span class='ocrx_word' id='word_1_662' title='bbox 149 4848 177 4889; x_wconf 81' lang='lat'>⁵⁵</span> <span class='ocrx_word' id='word_1_663' title='bbox 190 4852 375 4908; x_wconf 83' lang='lat' dir='ltr'>lisuiteslatus</span> <span class='ocrx_word' id='word_1_664' title='bbox 388 4852 539 4909; x_wconf 86' lang='lat' dir='ltr'>sueritalii.</span> <span class='ocrx_word' id='word_1_665' title='bbox 555 4852 580 4891; x_wconf 84' lang='grc'>66</span> <span class='ocrx_word' id='word_1_666' title='bbox 593 4853 627 4907; x_wconf 87' lang='lat' dir='ltr'>Ei</span> <span class='ocrx_word' id='word_1_667' title='bbox 642 4855 729 4911; x_wconf 83' lang='lat' dir='ltr'>Rhea.</span> <span class='ocrx_word' id='word_1_668' title='bbox 746 4854 833 4912; x_wconf 85' lang='lat' dir='ltr'>Semi.</span> <span class='ocrx_word' id='word_1_669' title='bbox 850 4855 875 4892; x_wconf 90' lang='lat'>⁵⁵</span> <span class='ocrx_word' id='word_1_670' title='bbox 890 4850 1064 4921; x_wconf 59' lang='lat' dir='ltr'>Prasseustio</span> <span class='ocrx_word' id='word_1_671' title='bbox 1079 4848 1165 4906; x_wconf 83' lang='lat' dir='ltr'>Rhea.</span> <span class='ocrx_word' id='word_1_672' title='bbox 1182 4846 1268 4904; x_wconf 85' lang='lat' dir='ltr'>Semi.</span> <span class='ocrx_word' id='word_1_673' title='bbox 1287 4846 1691 4908; x_wconf 78' lang='lat' dir='ltr'>⁵⁵Judrcah1turRhcn.Seml.</span> 
     </span>
     <span class='ocr_line' id='line_1_52' title="bbox 111 4919 1694 4995; baseline -0.002 -16"><span class='ocrx_word' id='word_1_674' title='bbox 111 4921 303 4981; x_wconf 77' lang='lat' dir='ltr'>mmadoate&#39;i.</span> <span class='ocrx_word' id='word_1_675' title='bbox 320 4924 345 4961; x_wconf 82' lang='lat'>⁵⁵</span> <span class='ocrx_word' id='word_1_676' title='bbox 355 4926 587 4980; x_wconf 88' lang='lat' dir='ltr'>Resurrectionem</span> <span class='ocrx_word' id='word_1_677' title='bbox 595 4926 676 4981; x_wconf 87' lang='lat' dir='ltr'>Pam.</span> <span class='ocrx_word' id='word_1_678' title='bbox 692 4929 777 4982; x_wconf 83' lang='lat' dir='ltr'>Fran.</span> <span class='ocrx_word' id='word_1_679' title='bbox 793 4925 818 4965; x_wconf 82' lang='lat'>⁵⁹</span> <span class='ocrx_word' id='word_1_680' title='bbox 830 4924 890 4995; x_wconf 86' lang='lat' dir='ltr'>Quo</span> <span class='ocrx_word' id='word_1_681' title='bbox 905 4920 1059 4980; x_wconf 74' lang='lat' dir='ltr'>modendi.</span> <span class='ocrx_word' id='word_1_682' title='bbox 1076 4919 1175 4995; x_wconf 70' lang='lat' dir='ltr'>atii.⁵⁰</span> <span class='ocrx_word' id='word_1_683' title='bbox 1190 4919 1323 4974; x_wconf 79' lang='lat' dir='ltr'>Maternus</span> <span class='ocrx_word' id='word_1_684' title='bbox 1336 4920 1416 4976; x_wconf 87' lang='lat' dir='ltr'>Pam.</span> <span class='ocrx_word' id='word_1_685' title='bbox 1432 4921 1520 4976; x_wconf 77' lang='lat' dir='ltr'>Fran.</span> <span class='ocrx_word' id='word_1_686' title='bbox 1546 4922 1607 4992; x_wconf 81' lang='lat' dir='ltr'>Rip.</span> <span class='ocrx_word' id='word_1_687' title='bbox 1629 4922 1694 4978; x_wconf 88' lang='lat' dir='ltr'>Ven.</span> 
     </span>
     <span class='ocr_line' id='line_1_53' title="bbox 111 4987 1696 5061; baseline -0.003 -8"><span class='ocrx_word' id='word_1_688' title='bbox 111 4992 264 5053; x_wconf 76' lang='lat' dir='ltr'>senuna.</span> <span class='ocrx_word' id='word_1_689' title='bbox 283 4995 370 5054; x_wconf 85' lang='lat' dir='ltr'>Semi.</span> <span class='ocrx_word' id='word_1_690' title='bbox 387 4995 412 5033; x_wconf 91' lang='grc'>66</span> <span class='ocrx_word' id='word_1_691' title='bbox 426 4995 578 5052; x_wconf 82' lang='lat' dir='ltr'>Haeeahest</span> <span class='ocrx_word' id='word_1_692' title='bbox 597 4995 718 5053; x_wconf 77' lang='lat' dir='ltr'>alihen.</span> <span class='ocrx_word' id='word_1_693' title='bbox 736 4997 822 5054; x_wconf 86' lang='lat' dir='ltr'>Semi.</span> <span class='ocrx_word' id='word_1_694' title='bbox 838 4998 863 5037; x_wconf 87' lang='grc'>66</span> <span class='ocrx_word' id='word_1_695' title='bbox 876 4998 900 5052; x_wconf 83' lang='grc' dir='ltr'>Α</span> <span class='ocrx_word' id='word_1_696' title='bbox 915 4994 1002 5052; x_wconf 85' lang='lat' dir='ltr'>Rhen.</span> <span class='ocrx_word' id='word_1_697' title='bbox 1018 4991 1103 5048; x_wconf 87' lang='lat' dir='ltr'>Semi.</span> <span class='ocrx_word' id='word_1_698' title='bbox 1120 4991 1145 5028; x_wconf 81' lang='grc'>6·</span> <span class='ocrx_word' id='word_1_699' title='bbox 1159 4987 1248 5058; x_wconf 87' lang='lat' dir='ltr'>Quam</span> <span class='ocrx_word' id='word_1_700' title='bbox 1261 4998 1290 5046; x_wconf 88' lang='lat' dir='ltr'>ut</span> <span class='ocrx_word' id='word_1_701' title='bbox 1301 4991 1401 5057; x_wconf 89' lang='lat' dir='ltr'>etalii,</span> <span class='ocrx_word' id='word_1_702' title='bbox 1423 5006 1478 5061; x_wconf 87' lang='lat' dir='ltr'>qun</span> <span class='ocrx_word' id='word_1_703' title='bbox 1502 4998 1529 5047; x_wconf 91' lang='lat' dir='ltr'>et</span> <span class='ocrx_word' id='word_1_704' title='bbox 1556 4993 1642 5048; x_wconf 87' lang='lat' dir='ltr'>Semi.</span> <span class='ocrx_word' id='word_1_705' title='bbox 1671 4992 1696 5031; x_wconf 83' lang='lat'>⁵⁵</span> 
     </span>
     <span class='ocr_line' id='line_1_54' title="bbox 111 5061 1696 5128; baseline -0.003 -3"><span class='ocrx_word' id='word_1_706' title='bbox 111 5073 203 5125; x_wconf 73' lang='lat' dir='ltr'>rutam</span> <span class='ocrx_word' id='word_1_707' title='bbox 217 5068 305 5124; x_wconf 86' lang='lat' dir='ltr'>Rhen.</span> <span class='ocrx_word' id='word_1_708' title='bbox 324 5067 409 5124; x_wconf 87' lang='lat' dir='ltr'>Semi.</span> <span class='ocrx_word' id='word_1_709' title='bbox 425 5067 450 5106; x_wconf 88' lang='grc'>66</span> <span class='ocrx_word' id='word_1_710' title='bbox 464 5067 614 5122; x_wconf 87' lang='lat' dir='ltr'>hliserauds</span> <span class='ocrx_word' id='word_1_711' title='bbox 628 5069 691 5123; x_wconf 88' lang='lat' dir='ltr'>atii.</span> <span class='ocrx_word' id='word_1_712' title='bbox 706 5067 729 5107; x_wconf 89' lang='grc'>66</span> <span class='ocrx_word' id='word_1_713' title='bbox 744 5069 795 5124; x_wconf 88' lang='lat' dir='ltr'>Dei</span> <span class='ocrx_word' id='word_1_714' title='bbox 804 5068 895 5128; x_wconf 87' lang='lat' dir='ltr'>Rhen.</span> <span class='ocrx_word' id='word_1_715' title='bbox 907 5066 992 5126; x_wconf 83' lang='lat' dir='ltr'>sent.</span> <span class='ocrx_word' id='word_1_716' title='bbox 1000 5063 1025 5103; x_wconf 88' lang='grc'>66</span> <span class='ocrx_word' id='word_1_717' title='bbox 1033 5063 1149 5119; x_wconf 89' lang='lat' dir='ltr'>Domino</span> <span class='ocrx_word' id='word_1_718' title='bbox 1160 5065 1245 5118; x_wconf 85' lang='lat' dir='ltr'>Fran.</span> <span class='ocrx_word' id='word_1_719' title='bbox 1256 5062 1281 5102; x_wconf 86' lang='grc'>66</span> <span class='ocrx_word' id='word_1_720' title='bbox 1292 5061 1401 5120; x_wconf 87' lang='lat' dir='ltr'>Vocsrit</span> <span class='ocrx_word' id='word_1_721' title='bbox 1412 5063 1476 5120; x_wconf 90' lang='lat' dir='ltr'>alii.</span> <span class='ocrx_word' id='word_1_722' title='bbox 1485 5063 1511 5103; x_wconf 88' lang='grc'>66</span> <span class='ocrx_word' id='word_1_723' title='bbox 1524 5063 1696 5122; x_wconf 77' lang='lat' dir='ltr'>Excludeud.</span> 
     </span>
     <span class='ocr_line' id='line_1_55' title="bbox 111 5134 1231 5212; baseline -0.009 -15"><span class='ocrx_word' id='word_1_724' title='bbox 111 5152 138 5197; x_wconf 82' lang='lat' dir='ltr'>tt.</span> <span class='ocrx_word' id='word_1_725' title='bbox 158 5137 246 5199; x_wconf 83' lang='lat' dir='ltr'>Semi.</span> <span class='ocrx_word' id='word_1_726' title='bbox 261 5141 324 5212; x_wconf 83' lang='lat' dir='ltr'>Rip.</span> <span class='ocrx_word' id='word_1_727' title='bbox 342 5141 404 5199; x_wconf 80' lang='lat' dir='ltr'>len.</span> <span class='ocrx_word' id='word_1_728' title='bbox 416 5140 439 5178; x_wconf 89' lang='grc'>66</span> <span class='ocrx_word' id='word_1_729' title='bbox 456 5140 633 5211; x_wconf 83' lang='lat' dir='ltr'>Farteprime</span> <span class='ocrx_word' id='word_1_730' title='bbox 646 5139 732 5198; x_wconf 82' lang='lat' dir='ltr'>Semi.</span> <span class='ocrx_word' id='word_1_731' title='bbox 762 5139 787 5179; x_wconf 90' lang='grc'>66</span> <span class='ocrx_word' id='word_1_732' title='bbox 797 5141 894 5198; x_wconf 82' lang='lat' dir='ltr'>Autem</span> <span class='ocrx_word' id='word_1_733' title='bbox 913 5134 1120 5196; x_wconf 87' lang='lat' dir='ltr'>ahestaRhen.</span> <span class='ocrx_word' id='word_1_734' title='bbox 1145 5134 1231 5191; x_wconf 86' lang='lat' dir='ltr'>Seml.</span> 
     </span>
    </p>
   </div>
   <div class='ocr_carea' id='block_1_5' title="bbox 748 5289 997 5357">
    <p class='ocr_par' dir='ltr' id='par_1_5' title="bbox 748 5289 997 5357">
     <span class='ocr_line' id='line_1_56' title="bbox 748 5289 997 5357; baseline 0 -2"><span class='ocrx_word' id='word_1_735' title='bbox 748 5289 997 5357; x_wconf 81' lang='lat' dir='ltr'>Commentarius.</span> 
     </span>
    </p>
   </div>
   <div class='ocr_carea' id='block_1_6' title="bbox 111 5405 1703 5699">
    <p class='ocr_par' dir='ltr' id='par_1_6' title="bbox 111 5405 1703 5699">
     <span class='ocr_line' id='line_1_57' title="bbox 111 5405 1702 5484; baseline -0.005 -15"><span class='ocrx_word' id='word_1_736' title='bbox 111 5407 126 5479; x_wconf 84' lang='lat' dir='ltr'>t)</span> <span class='ocrx_word' id='word_1_737' title='bbox 152 5408 256 5469; x_wconf 80' lang='lat' dir='ltr'>Omnia</span> <span class='ocrx_word' id='word_1_738' title='bbox 277 5415 456 5470; x_wconf 88' lang='lat' dir='ltr'>sacramenta</span> <span class='ocrx_word' id='word_1_739' title='bbox 483 5412 659 5482; x_wconf 73' lang='lat' dir='ltr'>coenaverat.</span> <span class='ocrx_word' id='word_1_740' title='bbox 680 5409 852 5469; x_wconf 86' lang='lat' dir='ltr'>Sacramenta</span> <span class='ocrx_word' id='word_1_741' title='bbox 941 5407 1187 5482; x_wconf 71' lang='lat' dir='ltr'>(ratiarnam</span> <span class='ocrx_word' id='word_1_742' title='bbox 1201 5409 1460 5468; x_wconf 75' lang='lat' dir='ltr'>incriminationis.</span> <span class='ocrx_word' id='word_1_743' title='bbox 1473 5407 1518 5467; x_wconf 87' lang='lat' dir='ltr'>Sic</span> <span class='ocrx_word' id='word_1_744' title='bbox 1532 5405 1702 5484; x_wconf 78' lang='lat' dir='ltr'>igiturspud</span> 
     </span>
     <span class='ocr_line' id='line_1_58' title="bbox 111 5477 1702 5557; baseline -0.001 -19"><span class='ocrx_word' id='word_1_745' title='bbox 111 5486 130 5538; x_wconf 88' lang='lat' dir='ltr'>tt</span> <span class='ocrx_word' id='word_1_746' title='bbox 181 5482 272 5556; x_wconf 81' lang='lat' dir='ltr'>&#39;quid</span> <span class='ocrx_word' id='word_1_747' title='bbox 287 5486 322 5540; x_wconf 86' lang='lat' dir='ltr'>ed</span> <span class='ocrx_word' id='word_1_748' title='bbox 337 5501 426 5542; x_wconf 89' lang='lat' dir='ltr'>veram</span> <span class='ocrx_word' id='word_1_749' title='bbox 442 5499 491 5538; x_wconf 91' lang='lat' dir='ltr'>seu</span> <span class='ocrx_word' id='word_1_750' title='bbox 504 5482 681 5541; x_wconf 71' lang='lat' dir='ltr'>Christianam</span> <span class='ocrx_word' id='word_1_751' title='bbox 694 5480 774 5538; x_wconf 84' lang='lat' dir='ltr'>fidem</span> <span class='ocrx_word' id='word_1_752' title='bbox 790 5499 851 5557; x_wconf 86' lang='lat' dir='ltr'>per·</span> <span class='ocrx_word' id='word_1_753' title='bbox 905 5480 1064 5555; x_wconf 76' lang='lat' dir='ltr'>Apostolum</span> <span class='ocrx_word' id='word_1_754' title='bbox 1095 5479 1163 5554; x_wconf 81' lang='lat' dir='ltr'>legit</span> <span class='ocrx_word' id='word_1_755' title='bbox 1188 5480 1356 5554; x_wconf 87' lang='lat' dir='ltr'>Septiminus</span> <span class='ocrx_word' id='word_1_756' title='bbox 1384 5481 1422 5536; x_wconf 78' lang='lat' dir='ltr'>inl</span> <span class='ocrx_word' id='word_1_757' title='bbox 1457 5482 1488 5536; x_wconf 80' lang='lat' dir='ltr'>rh</span> <span class='ocrx_word' id='word_1_758' title='bbox 1520 5477 1630 5552; x_wconf 71' lang='lat' dir='ltr'>[ipsisne</span> <span class='ocrx_word' id='word_1_759' title='bbox 1661 5483 1702 5536; x_wconf 75' lang='lat' dir='ltr'>nit</span> 
     </span>
     <span class='ocr_line' id='line_1_59' title="bbox 111 5551 1703 5629; baseline -0.004 -18"><span class='ocrx_word' id='word_1_760' title='bbox 111 5560 129 5611; x_wconf 88' lang='lat' dir='ltr'>l.</span> <span class='ocrx_word' id='word_1_761' title='bbox 182 5569 230 5626; x_wconf 88' lang='lat' dir='ltr'>pra</span> <span class='ocrx_word' id='word_1_762' title='bbox 239 5555 318 5625; x_wconf 82' lang='lat' dir='ltr'>dixit,</span> <span class='ocrx_word' id='word_1_763' title='bbox 334 5558 464 5614; x_wconf 68' lang='lat' dir='ltr'>veriatis</span> <span class='ocrx_word' id='word_1_764' title='bbox 477 5555 663 5629; x_wconf 77' lang='lat' dir='ltr'>apnitiancm,</span> <span class='ocrx_word' id='word_1_765' title='bbox 674 5563 701 5612; x_wconf 90' lang='lat' dir='ltr'>et</span> <span class='ocrx_word' id='word_1_766' title='bbox 711 5551 780 5610; x_wconf 80' lang='lat' dir='ltr'>inira</span> <span class='ocrx_word' id='word_1_767' title='bbox 791 5571 854 5614; x_wconf 82' lang='lat' dir='ltr'>mox</span> <span class='ocrx_word' id='word_1_768' title='bbox 907 5552 1082 5626; x_wconf 75' lang='grc' dir='ltr'>ἀνιγκλήσιως,</span> <span class='ocrx_word' id='word_1_769' title='bbox 1102 5567 1156 5608; x_wconf 91' lang='lat' dir='ltr'>uon</span> <span class='ocrx_word' id='word_1_770' title='bbox 1169 5565 1200 5610; x_wconf 93' lang='lat' dir='ltr'>ut</span> <span class='ocrx_word' id='word_1_771' title='bbox 1224 5555 1306 5610; x_wconf 91' lang='lat' dir='ltr'>hodie</span> <span class='ocrx_word' id='word_1_772' title='bbox 1320 5554 1444 5626; x_wconf 76' lang='lat' dir='ltr'>legimus,</span> <span class='ocrx_word' id='word_1_773' title='bbox 1465 5559 1507 5614; x_wconf 79' lang='grc' dir='ltr'>τῆς</span> <span class='ocrx_word' id='word_1_774' title='bbox 1520 5554 1573 5606; x_wconf 74' lang='grc' dir='ltr'>ἅνω</span> <span class='ocrx_word' id='word_1_775' title='bbox 1586 5551 1703 5620; x_wconf 70' lang='lat' dir='ltr'>missac.</span> 
     </span>
     <span class='ocr_line' id='line_1_60' title="bbox 111 5628 971 5699; baseline -0.006 -10"><span class='ocrx_word' id='word_1_776' title='bbox 111 5632 133 5696; x_wconf 81' lang='lat' dir='ltr'>l.</span> <span class='ocrx_word' id='word_1_777' title='bbox 152 5629 330 5699; x_wconf 61' lang='lat' dir='ltr'>mitonem</span> <span class='ocrx_word' id='word_1_778' title='bbox 339 5631 524 5688; x_wconf 84' lang='lat' dir='ltr'>sacramenti.</span> <span class='ocrx_word' id='word_1_779' title='bbox 539 5629 602 5686; x_wconf 83' lang='lat' dir='ltr'>lira.</span> <span class='ocrx_word' id='word_1_780' title='bbox 907 5628 971 5684; x_wconf 82' lang='lat' dir='ltr'>lira.</span> 
     </span>
    </p>
   </div>
   <div class='ocr_carea' id='block_1_7' title="bbox 144 5733 1618 5799">
    <p class='ocr_par' dir='ltr' id='par_1_7' title="bbox 144 5733 1618 5799">
     <span class='ocr_line' id='line_1_61' title="bbox 144 5733 1618 5799; baseline -0.003 -8"><span class='ocrx_word' id='word_1_781' title='bbox 144 5733 267 5795; x_wconf 75' lang='lat' dir='ltr'>Parnon.</span> <span class='ocrx_word' id='word_1_782' title='bbox 288 5739 322 5799; x_wconf 92' lang='lat' dir='ltr'>ll.</span> <span class='ocrx_word' id='word_1_783' title='bbox 1576 5735 1618 5788; x_wconf 71' lang='lat' dir='ltr'>‘ts</span> 
     </span>
    </p>
   </div>
   <div class='ocr_carea' id='block_1_8' title="bbox 0 0 1935 6116">
    <p class='ocr_par' dir='ltr' id='par_1_8' title="bbox 0 0 1935 6116">
     <span class='ocr_line' id='line_1_62' title="bbox 0 0 1935 6116; baseline 0 0"><span class='ocrx_word' id='word_1_784' title='bbox 0 0 1935 6116; x_wconf 95' lang='lat' dir='ltr'> </span> 
     </span>
    </p>
   </div>
  </div>
 </body>
</html>
