3840 6134
46 324 51 343 ,
92 239 96 252 ’
130 258 184 328 ιιι
485 256 709 326 assumtum
728 258 860 326 onasus
873 258 957 326 etas
973 259 1008 326 u.
1024 210 1063 306 ζ-
1081 252 1197 325 suetas
1215 258 1237 334 ι,
1252 256 1424 325 muamus.
1727 256 1782 323 raa

128 394 254 443 somnam
276 378 347 439 ratio
370 374 458 454 praeit,
475 384 530 436 mm
549 385 652 452 aptum,
669 388 722 439 tam
745 377 848 452 ahiem,
868 384 924 438 tarn
943 390 1092 483 Amanum
1123 378 1266 457 ponigem
1295 375 1370 448 ddel,
1402 373 1508 438 laciiim
1540 373 1699 452 adiuvandas
1733 391 1783 452 par

130 470 318 544 mesariam,
342 475 373 529 ut
400 467 501 543 absque
523 468 570 527 illo
588 469 662 526 nulia
689 468 778 526 anima
800 468 923 542 suffimen
982 468 1114 544 imagines
1129 479 1157 528 et
1166 469 1394 544 parabolas,sicnt
1407 484 1574 538 sermonum,
1588 467 1626 526 ite
1639 475 1667 528 at
1680 483 1780 527 rerum.

129 568 305 620 recreatorem
342 575 499 632 corporum,
533 559 773 632 redintegratorem
814 557 923 626 virium,
979 559 1107 632 Proponit
1121 560 1204 634 igitur
1221 560 1271 618 tibi
1284 574 1385 632 corpus
1399 558 1487 616 amica
1500 560 1527 618 si
1540 556 1649 632 soporis
1671 558 1781 628 elisum,

128 652 301 725 probatorem
330 650 353 691 ⁴¹
379 649 571 719 valetudinum,
614 656 767 721 pacatorem
799 662 924 720 operum,
978 646 1076 705 blanda
1115 649 1216 722 quietis
1246 649 1409 708 necessitate
1438 655 1613 720 prostratum,
1644 646 1784 705 immobile

128 740 261 799 medicum
275 741 420 811 laborum3
441 738 485 796 cui
501 736 621 809 legitime
643 737 758 794 truendo
772 736 828 793 dies
843 737 924 811 cedit,
978 737 1042 810 situ,
1067 738 1148 813 quale
1168 746 1231 797 anta
1251 740 1332 798 vitam
1348 737 1441 809 iacuit,
1464 745 1493 794 et
1514 736 1594 810 quale
1616 734 1698 794 m
1720 740 1785 807 post

130 844 183 888 nox
208 828 293 889 ⁷28
310 830 397 904 legem
417 828 489 895 iacit,
509 825 635 883 auferens
654 841 745 883 rerum
765 826 847 884 etiarn
872 842 924 884 eo·
978 828 1058 884 vitam
1071 827 1183 900 jacebit,
1198 835 1228 885 ut
1250 829 1421 886 testationem
1437 827 1556 899 plastice
1583 833 1611 882 et
1634 824 1784 895 sepulture

129 917 226 978 lorem.
241 918 319 988 Quod
344 918 367 974 ai
394 917 484 982 vitale,
501 915 626 980 salutare,
653 915 782 972 auxiliare
801 930 935 983 sorranus,¹
979 925 1138 987 exspectans
1170 917 1297 986 animem,
1322 917 1401 990 quasi
1436 916 1555 975 nondum
1584 915 1731 984 conlatam,
1744 925 1785 974 et

130 1008 196 1064 nihil
207 1007 341 1079 ejusmodi
354 1023 412 1065 non
431 1005 572 1075 rationale,
588 1002 655 1059 nihil
674 1019 728 1062 non
752 1006 874 1062 naturale
888 1006 923 1060 ⁴².
979 1005 1056 1079 quasi
1079 1007 1134 1076 jam
1149 1014 1279 1079 ereptam.
1294 1005 1346 1062 Sed
1361 1015 1388 1062 et
1416 1005 1463 1061 illa
1478 1005 1516 1061 sic
1531 1003 1640 1075 patitur,
1661 1010 1691 1058 ut
1719 1001 1784 1059 alibi

128 1096 173 1154 Sic
200 1105 227 1153 et
249 1097 347 1154 medici
382 1110 461 1153 omne
500 1093 665 1150 conmarium
699 1092 785 1160 vitali,
813 1094 925 1151 salutari
978 1110 1059 1170 agere
1081 1096 1214 1165 videatur,
1239 1080 1456 1151 dissimilatione
1477 1090 1628 1167 praesentiae
1665 1090 1784 1146 laturam

128 1186 260 1256 auxiliari,
286 1195 360 1245 extra
379 1194 482 1243 naturae
505 1182 631 1241 cardines
650 1184 781 1256 relegant.
808 1185 877 1241 Nam
899 1187 926 1241 et
978 1183 1127 1241 absenuam
1156 1183 1303 1256 ediscens;
1336 1190 1363 1240 et
1399 1191 1488 1239 maren
1510 1181 1619 1238 interior
1654 1179 1784 1252 somniat,

128 1277 241 1335 aemulas
285 1291 381 1335 somno
416 1273 592 1343 valetudines,
624 1273 808 1343 phreneticam
844 1283 927 1345 atque
979 1287 1028 1331 uec
1054 1273 1176 1345 quiescit,
1200 1288 1252 1330 nec
1272 1271 1422 1346 macrescit
1435 1272 1556 1337 ornaino,
1585 1285 1636 1326 nec
1658 1276 1784 1325 naturam

128 1366 289 1435 cardiacam,
319 1374 417 1439 preter
443 1373 567 1420 naturam
593 1360 749 1431 judicando,
779 1363 927 1420 naturalem
979 1361 1189 1428 immortalitatis
1211 1376 1315 1419 servam
1337 1359 1430 1434 sopori
1443 1360 1469 1400 ⁴⁵
1483 1358 1583 1416 addicit
1604 1375 1611 1417 ι
1629 1357 1729 1429 probat
1753 1372 1785 1413 aa

128 1468 253 1511 somnum
276 1453 538 1529 praeitrdieaverunt3
566 1446 647 1505 etiam
669 1450 696 1504 in
723 1451 844 1524 lethargo
872 1466 927 1507 non
980 1448 1108 1507 mobilem
1140 1465 1257 1522 semper;
1278 1460 1358 1516 term,
1383 1447 1663 1521 mari,peregrinatur,
1691 1461 1782 1519 nego-

127 1542 277 1599 natumlem
295 1551 428 1614 notantes,
447 1534 603 1598 testimonio
621 1539 735 1596 naturali
750 1538 926 1610 respondent,
980 1538 1070 1607 tiatur,
1087 1539 1217 1611 agitatur,
1239 1538 1355 1610 laborat,
1379 1537 1457 1604 ludit,
1485 1536 1567 1605 dolet,
1583 1537 1693 1609 gaudet,
1711 1536 1784 1594 licita

127 1647 190 1690 oum
207 1632 300 1690 iusuo
319 1640 529 1705 temperamento
548 1627 706 1688 eat-Omnia
724 1629 796 1684 eninr
820 1636 924 1693 natum,
980 1635 1059 1700 atque
1080 1628 1182 1684 inlicita
1194 1626 1366 1699 persequitur
1381 1644 1388 1683 ε
1404 1625 1522 1682 ostendit
1543 1624 1616 1698 quod
1631 1624 1692 1680 sine
1716 1639 1780 1681 cor·
1816 1650 1819 1655 ·

128 1728 174 1777 aut
196 1719 410 1790 deiraudatiooe,
423 1727 469 1776 aut
487 1718 644 1775 enormitate
671 1716 844 1785 rescinditur,
858 1731 924 1787 pro-
981 1731 1047 1789 pore
1060 1718 1141 1773 etiam
1155 1715 1298 1786 plurimum
1317 1713 1409 1786 possit,
1424 1713 1497 1787 quod
1511 1721 1538 1769 et
1561 1712 1618 1770 suis
1651 1712 1782 1771 instructa

127 1807 242 1884 prietate
273 1824 408 1865 mensurae
431 1815 621 1864 consectatur.
657 1806 698 1862 lta
721 1805 842 1862 naturale
875 1805 926 1863 erit
942 1800 965 1880 Β
979 1804 1014 1862 ait
1033 1805 1176 1875 membris,
1197 1804 1245 1862 sed
1274 1803 1450 1860 nibilominus
1472 1799 1664 1858 necessitatem
1685 1800 1782 1863 habeat

127 1903 209 1967 statu,
235 1897 307 1969 quod
331 1909 384 1952 non
408 1895 529 1951 naturale
547 1892 615 1952 ellici
638 1901 729 1966 potest
753 1893 863 1952 deman
883 1895 927 1953 vel
981 1910 1073 1954 rursus
1095 1894 1218 1965 corporis
1240 1892 1376 1967 agitandi.
1392 1893 1432 1948 lta
1454 1907 1515 1948 eum
1532 1889 1697 1963 evigilaverit
1719 1905 1782 1949 eor·

128 1999 252 2042 exossam
266 1982 337 2053 Quid
351 1982 374 2040 si
388 1990 414 2039 et
428 1998 504 2040 esum
523 1991 551 2040 et
570 1991 663 2054 potum
683 1983 718 2040 de
737 1990 843 2040 naturae
865 1998 928 2040 sor·
980 2001 1043 2058 pus,
1065 1983 1203 2040 redditum
1226 1980 1324 2038 oihoiis
1343 1981 1419 2052 ejus,
1447 1979 1674 2037 resurrectionem
1704 1994 1782 2036 mor·

130 2073 201 2130 tibus
221 2071 342 2129 eximas?
362 2088 424 2128 narn
447 2079 475 2128 et
489 2070 516 2127 in
531 2071 574 2129 hia
593 2071 708 2143 plurime
721 2071 810 2127 somni
823 2088 928 2143 praepa·
980 2080 1089 2130 tuorum
1113 2072 1161 2130 tibi
1178 2071 1307 2128 affirmat.
1323 2070 1385 2126 llere
1410 2070 1460 2127 erit
1478 2068 1577 2140 somni,
1601 2078 1629 2126 et
1646 2069 1715 2126 ratio
1734 2086 1783 2127 na·

128 2169 219 2222 cetura
239 2162 265 2202 ⁴³
290 2169 342 2218 est.
367 2161 446 2218 Certe
472 2160 515 2217 his
537 2179 553 2218 a
577 2161 725 2234 primordio
740 2169 844 2217 naturae
869 2177 927 2218 suae
980 2162 1083 2229 taralis,
1111 2169 1138 2218 et
1165 2167 1262 2218 natura
1287 2159 1436 2216 rationalia.
1463 2159 1548 2215 Etiam
1563 2174 1614 2230 per
1627 2157 1782 2234 imaginem

129 2252 210 2308 homo
224 2251 344 2307 imbutus
364 2258 416 2308 eat.
439 2248 468 2307 Si
486 2250 558 2322 apud
583 2251 670 2307 Deum
688 2248 778 2306 disms
796 2248 866 2322 (85),
881 2250 928 2306 ille
980 2253 1084 2321 mortis,
1112 2250 1193 2306 fidem
1212 2249 1337 2318 initiaris,
1353 2265 1431 2321 spem
1451 2247 1597 2318 meditaris,
1612 2230 1695 2306 discis
1713 2247 1782 2304 mori

129 2339 191 2397 iens
204 2339 313 2411 generis
331 2339 428 2403 halam.
444 2348 506 2397 ante
518 2338 600 2396 ebibit
615 2354 752 2411 soporem,
768 2353 850 2411 quam
863 2337 928 2395 sitiit
983 2349 1011 2399 et
1024 2342 1126 2410 vivere,
1142 2339 1224 2397 discis
1239 2338 1351 2415 uigilare
1364 2339 1429 2394 dum
1450 2338 1564 2394 dormis.

127 2431 267 2504 quietem3
296 2438 358 2487 ante
387 2429 508 2499 dormiit,
551 2444 634 2500 quam
675 2427 827 2495 laborante
861 2427 927 2498 into,
1267 2473 1382 2534 CAPUT
1401 2472 1486 2530 XLIV

127 2533 208 2590 quam
220 2527 247 2574 et
259 2518 335 2586 edit3
350 2517 415 2587 imo,
430 2531 511 2589 quarn
521 2523 549 2573 et
561 2517 683 2590 prolatus
695 2522 737 2574 eat
751 2532 759 2584 ;
772 2525 803 2573 ut
818 2514 928 2574 videant
1487 2512 1495 2528 ⁹

127 2608 276 2665 naturalem
294 2606 411 2664 indicem
445 2621 570 2663 somnum
599 2606 727 2662 omnibus
759 2605 927 2663 naturalibus
1015 2606 1159 2673 i'aeterum,
1191 2605 1226 2663 de
1261 2607 1437 2664 Hermotimo.
1460 2604 1568 2675 Anima,
1591 2611 1622 2660 ut
1643 2602 1731 2672 aiunt,
1754 2603 1782 2659 io

129 2695 354 2769 principaliorem.
385 2694 450 2752 lnde
482 2694 642 2751 deducimur
674 2694 755 2752 etiam
779 2692 925 2765 imaginem
979 2710 1075 2752 somno
1099 2697 1213 2766 carebat,
1228 2694 1306 2768 quasi
1321 2711 1370 2767 per
1391 2695 1563 2753 occasionem
1583 2694 1704 2752 vacaturi
1727 2694 1781 2750 ho-

28 2795 36 2811 ‘
128 2784 287 2855 mortisjam
307 2793 370 2841 tnnc
392 2798 456 2847 eum
479 2798 629 2839 recensere.
645 2780 674 2839 Si
687 2779 760 2838 enirn
782 2780 867 2838 Adam
891 2781 926 2837 de
978 2784 1061 2840 minis
1083 2783 1269 2857 proficiscente
1296 2785 1332 2840 de
1358 2799 1483 2855 corpore.
1503 2783 1577 2840 Uxor
1602 2783 1655 2840 hoc
1678 2781 1780 2855 prodit.

128 2872 236 2930 Christo
256 2872 369 2946 figuram
398 2872 480 2928 dabat
493 2874 529 2942 44,
557 2886 670 2929 somnus
698 2869 766 2927 hdae
781 2886 854 2928 mors
869 2878 926 2927 erat
978 2870 1081 2928 inimici
1108 2871 1284 2928 dormientem
1310 2872 1382 2929 nacti
1405 2886 1455 2942 pro
1482 2871 1608 2926 defuneto
1639 2884 1780 2927 cremave-

128 2961 229 3018 Ghristi
243 2959 385 3017 dormituri
407 2960 434 3016 in
451 2968 573 3026 mortem,
594 2966 624 3015 ut
638 2957 673 3013 de
691 2957 789 3028 injuria
813 2958 926 3030 perinde
980 2967 1052 3015 runt.
1076 2960 1209 3032 Regressa
1232 2960 1321 3015 anima
1345 2960 1459 3024 tardius,
1484 2960 1577 3024 credo,
1602 2956 1781 3014 homicidium

128 3048 287 3118 laterisejus
299 3064 364 3105 vera
381 3055 466 3104 mater
483 3045 628 3106 viventium
652 3044 813 3120 figuraretur
832 3045 924 3103 Eccle·
982 3047 1033 3104 sibi
1047 3048 1196 3121 imputavit.
1210 3048 1288 3107 Ciues
1312 3047 1477 3107 Clazomenii
1496 3047 1693 3104 Hermotimum
1711 3054 1781 3104 tem·

129 3138 180 3194 eia.
201 3137 265 3194 ldeo
281 3143 308 3194 et
331 3135 442 3192 somnus
463 3142 518 3191 tam
538 3135 672 3205 salutaris,
699 3143 753 3193 mm
776 3135 924 3205 rationalia,
978 3137 1024 3208 plo
1038 3138 1221 3196 consolantur.
1237 3137 1331 3195 liulier
1353 3153 1408 3194 non
1428 3137 1492 3203 adit,
1509 3137 1544 3193 ob
1563 3143 1655 3192 notam
1669 3135 1779 3193 uxoria

128 3225 209 3282 etiam
223 3226 252 3281 iu
265 3225 379 3296 publice
394 3231 422 3281 et
438 3225 587 3282 communis
598 3225 656 3296 jana
670 3223 764 3281 mortis
785 3222 926 3296 effingitur
979 3223 1114 3295 Quorsum
1129 3226 1200 3284 istud
1214 3227 1229 3284 i
1244 3228 1285 3284 Ne
1299 3227 1363 3298 quia
1379 3227 1405 3267 ⁴⁵
1429 3224 1507 3284 facile
1520 3233 1562 3282 est
1574 3225 1657 3298 vulgo
1680 3225 1781 3281 existi-

129 3315 277 3386 exemplar.
298 3312 389 3372 Voluit
416 3311 489 3369 enim
517 3312 601 3377 Deus,
626 3318 654 3366 et
680 3310 748 3367 alias
770 3309 837 3365 nihii
866 3311 926 3368 sine
980 3330 1054 3373 mare
1073 3317 1252 3375 secessionem
1274 3318 1298 3357 ⁴⁴
1318 3317 1416 3373 animae
1436 3333 1497 3374 esse
1525 3333 1652 3375 somnum
1672 3317 1707 3386 ⁴⁸,
1727 3316 1783 3374 hoc

129 3401 331 3474 exemplaribus
358 3401 386 3456 in
412 3416 461 3456 sua
484 3399 664 3470 dispositione
690 3399 813 3470 molitus,
846 3415 925 3471 para·
979 3417 1091 3476 quoquc
1125 3404 1283 3461 Hermotimi
1315 3415 1477 3477 argumento
1510 3405 1654 3462 credulitas
1683 3403 1783 3471 subor-

129 3491 248 3563 dignrate
266 3489 404 3548 Platonico
418 3488 524 3561 plenius
540 3487 599 3561 (86)
613 3487 723 3544 humani
748 3486 791 3546 vel
811 3488 927 3544 maxime
980 3501 1065 3549 netur.
1078 3492 1172 3551 (lenas
1187 3492 1275 3550 iuerat
1297 3494 1442 3566 gravioris,
1466 3493 1603 3567 aliquanto
1618 3491 1737 3563 soporis,
1752 3500 1782 3548 ut

128 3577 200 3637 initii
226 3595 259 3637 ao
299 3578 361 3636 hnis
393 3577 478 3634 lineas
511 3576 630 3648 quotidie
665 3592 747 3649 agere
772 3576 924 3651 nobiseum,
979 3577 1015 3635 da
1033 3579 1167 3640 incubone
1180 3582 1416 3653 presumptioest,
1439 3580 1482 3638 vel
1504 3580 1677 3648 valetudinis,
1698 3594 1784 3652 qaam

815 3699 911 3763 Variae
938 3705 1094 3769 lectiones.

167 3806 190 3845 ³¹
206 3804 371 3860 Prolatorem
385 3804 429 3862 oet
443 3811 651 3878 prorogatorem
676 3805 737 3860 Lat.
752 3805 778 3842 44
797 3803 871 3860 Nihil
888 3821 942 3861 non
970 3809 1083 3865 naturali
1111 3811 1219 3868 abesto
1246 3812 1310 3868 Por.
1325 3816 1353 3868 et
1380 3811 1458 3869 alita.
1484 3810 1511 3850 ⁴³
1540 3810 1670 3866 Paratura
1697 3808 1781 3864 Pom.

131 3875 219 3934 llltcn.
236 3875 321 3932 Semi.
336 3876 361 3913 ⁴⁴
379 3875 409 3929 Fi
452 3875 525 3930 rebat
536 3877 619 3955 Pam.
635 3874 724 3931 libert.
739 3875 823 3932 Semi.
839 3877 863 3915 ⁴⁵
877 3876 990 3945 Saporis
1007 3881 1089 3937 Pom.
1109 3881 1195 3938 Rhea.
1213 3883 1300 3940 Semi.
1320 3881 1345 3919 ⁴⁶
1368 3882 1403 3938 Ut
1424 3881 1487 3955 quit
1509 3896 1564 3938 non
1586 3882 1667 3937 Pam.
1691 3879 1781 3936 libem

36 3962 45 3971 ·
131 3946 247 4004 Semter.
266 3945 402 4004 Obertb.⁴⁴
437 3959 625 4003 uccesstonem
639 3945 727 4035 libera.
744 3947 829 4004 Semi.
848 3948 1147 4009 Obertlt.⁴⁸Somnium
1162 3954 1229 4010 Par.
1245 3955 1304 4026 Rip.
1327 3955 1390 4010 leat.

822 4070 1080 4140 Commentarius.

130 4200 166 4258 nil
182 4201 253 4260 aliud
269 4217 330 4259 esse
345 4212 476 4271 naturam,
503 4218 584 4275 quam
612 4203 709 4260 Deum.
732 4205 814 4273 Ergo,
831 4204 928 4274 inquit.
982 4206 1070 4275 idest,
1101 4210 1209 4280 plenius
1233 4227 1314 4284 quam
1368 4210 1423 4266 ulla
1443 4208 1635 4266 mathematica
1663 4207 1782 4265 demon·

130 4273 213 4329 Deum
242 4289 297 4330 non
326 4274 505 4344 laudabimus,
528 4275 572 4331 cui
600 4274 727 4331 naturalis
754 4281 795 4330 esi
827 4275 927 4332 virtus?
982 4282 1118 4348 stratioue,
1160 4289 1207 4337 aut
1242 4282 1424 4354 paradigmate
1459 4280 1552 4338 iecerit
1583 4280 1667 4336 Plato.
1702 4279 1784 4335 lliror

130 4343 187 4400 Nec
206 4345 279 4427 enim
302 4345 374 4427 iilam
396 4345 496 4428 didicit¹
517 4361 549 4428 er
569 4346 636 4429 ullo.
660 4346 926 4427 imo-laudabimum
945 4327 1156 4408 Deinceriorem
1186 4366 1212 4409 et
1238 4355 1347 4410 obvium
1379 4368 1485 4408 sensum
1514 4367 1569 4406 non
1596 4350 1720 4422 attigisse
1747 4350 1782 4405 de

131 4430 254 4497 quamvis
284 4432 356 4471 enam
382 4417 512 4499 naturalts
538 4417 576 4472 tllt
600 4426 644 4487 stt,
677 4416 729 4472 subt
754 4418 828 4498 rilem
842 4417 927 4483 dedit,
983 4420 1051 4476 ideis
1065 4423 1219 4479 Platonicis.
1234 4423 1379 4481 Allucinati
1400 4423 1509 4479 fuerunt
1533 4423 1623 4477 minus
1644 4420 1782 4477 communi

131 4499 260 4559 quomam
282 4488 357 4544 Dens
381 4503 440 4557 ipse
472 4496 567 4545 natura
588 4497 639 4545 est.
670 4507 682 4539 a
709 4485 843 4555 Quoniam
872 4503 926 4543 non
982 4507 1064 4558 voee;
1092 4502 1177 4550 mmen
1194 4497 1273 4551 divus
1294 4497 1372 4552 etiam
1388 4493 1518 4559 lustinus,
1534 4493 1561 4548 in
1579 4492 1724 4551 Cohortct.
1746 4492 1783 4547 ad

95 4628 100 4635 ἢ
132 4557 252 4613 insolens
284 4567 324 4614 est
345 4558 508 4615 Tertulliano
532 4559 662 4615 Senecam
687 4558 780 4628 citare,
805 4567 929 4629 putarem
986 4563 1105 4635 Grecos,
1134 4565 1240 4622 vocavit
1267 4566 1296 4620 ab
1324 4565 1426 4621 ἑκάστου
1448 4571 1498 4619 τῶν
1529 4565 1666 4637 γινομένων
1699 4565 1783 4633 παρά-

131 4625 211 4684 facile
227 4628 254 4683 id
270 4645 303 4685 etr
317 4628 421 4685 Seneca
435 4629 569 4702 accepisse
586 4647 593 4696 ;
613 4628 685 4701 quod
699 4631 727 4683 et
740 4629 774 4683 de
789 4629 929 4685 Lactantio
983 4635 1080 4706 διιγμα,
1102 4638 1287 4711 singularum
1322 4653 1419 4694 rerum
1443 4652 1506 4709 quoe
1534 4639 1673 4693 creantur
1695 4651 1785 4707 para»

131 4714 293 4765 oesswremt
319 4700 447 4758 nimirum
469 4701 497 4755 id
526 4702 717 4772 depromptum
749 4715 783 4754 ex
815 4715 874 4772 cap.
899 4703 927 4773 t,
984 4704 1149 4775 dimensio
1172 4708 1251 4763 etiam
1279 4709 1372 4764 eedem
1399 4715 1475 4764 vocat
1502 4706 1532 4761 S.
1560 4706 1721 4778 Dionysius,
1751 4705 1785 4761 de

131 4770 180 4825 lib.
196 4786 222 4826 tu
238 4772 271 4827 de
294 4774 390 4898 Renes
408 4792 446 4853 ξι
475 4770 546 4852 Quid
570 4772 643 4827 enim
665 4770 739 4825 atiud
754 4780 796 4827 est
824 4781 928 4839 natura,
985 4777 1075 4859 Dissio.
1105 4778 1184 4833 Nom.
1217 4793 1285 4861 cap.
1328 4782 1355 4849 ii,
1388 4783 1438 4832 τῶν
1464 4778 1543 4831 ὄντων
1564 4775 1783 4859 ¹ancupattetppara,

132 4856 214 4914 quant
229 4844 345 4898 Deuset
378 4858 452 4897 avana
467 4850 538 4924 tatto
551 4843 565 4896 i
586 4864 598 4891 ι
616 4844 654 4898 Ls
669 4843 715 4896 Ριι.
759 4913 765 4924 .
983 4853 1093 4904 cattum
1115 4847 1327 4920 porodapmata.
1351 4850 1392 4906 db
1418 4850 1515 4905 eodem
1538 4849 1609 4904 Dion
1643 4862 1670 4902 ro
1685 4855 1785 4903 ortatur

169 4914 225 4979 (sbi
253 4914 283 4970 Si
300 4915 376 5036 repud
393 4914 480 4969 Deam
508 4913 608 4970 deseca.
638 4915 678 4969 Ex
697 4927 781 4968 saorra
807 4913 931 4971 videlicet
985 4917 1106 4974 Clemens
1121 4920 1308 4991 philosophus,
1333 4937 1415 4997 quem
1429 4927 1495 4990 puto
1509 4918 1596 4976 fuisse
1632 4917 1785 4975 .Clemen-

131 4982 931 5134 {agliusggilcdgpureeaees'lssllhttoSthrosgigrssisuaLilgcniterum
984 4991 1347 5131 {pitialresssssltilsatisusse’rtniiilalni
1355 4989 1785 5128 egsatr'rtngauagadglissuegwd'r'rrltuj

132 5125 213 5179 exP
258 5122 327 5179 done
349 5125 479 5204 sistente,
503 5127 585 5206 apud·
608 5139 688 5207 quem
723 5124 931 5208 Socratea,·per
984 5131 1062 5186 ribus
1076 5131 1141 5186 nihil
1162 5134 1262 5200 moliri,
1291 5142 1319 5190 et
1345 5135 1397 5189 hoc
1409 5132 1517 5204 quidem
1536 5147 1591 5189 non
1610 5145 1694 5187 sensu
1720 5076 1785 5186 ssla-

133 5194 257 5276 esempla
283 5203 483 5274 contmrtorum
507 5197 560 5250 atbr
579 5211 692 5253 inuicem
717 5195 928 5260 succedentium,
984 5200 1084 5267 tonico,
1113 5203 1158 5258 sed
1184 5204 1288 5274 plenius
1316 5215 1344 5260 et
1377 5203 1518 5274 perieotius
1544 5219 1627 5276 quem
1654 5202 1786 5258 oinatus

133 5272 216 5321 vatam
227 5271 312 5346 mortu
332 5279 519 5347 successuram
542 5268 650 5336 probat.
676 5267 737 5322 lito.
763 5296 799 5308 -
822 5268 932 5324 Fatetur
985 5271 1037 5328 init
1061 5271 1148 5341 Plato,
1162 5276 1248 5332 Deum
1277 5277 1367 5333 omnia
1396 5275 1482 5330 moliri
1505 5274 1539 5329 de
1568 5275 1625 5331 suia
1652 5273 1722 5329 leis
1756 5280 1786 5328 ct

133 5334 269 5393 l’amelrua
283 5350 387 5393 nesctre
410 5350 441 5391 se
454 5335 488 5391 ad
501 5336 574 5408 qnod
589 5336 748 5411 paradigma
766 5337 930 5393 Platonicum
984 5342 1192 5414 exemplaribus.
1220 5345 1298 5414 Quod
1313 5345 1340 5402 in
1358 5346 1497 5404 Phaedone
1524 5360 1631 5420 quoque
1657 5360 1787 5401 somnum

133 5406 236 5465 alludat
258 5406 462 5491 Tertullianum
495 5421 586 5478 neque
613 5408 701 5490 magis
730 5406 862 5490 eruditus,
884 5408 930 5464 sed
984 5422 1012 5469 at
1043 5414 1160 5488 vigiliam
1194 5418 1255 5474 vitre
1290 5424 1318 5475 et
1352 5418 1432 5474 morti
1473 5415 1669 5489 comparaverit
1695 5417 1786 5477 Plato.

134 5493 220 5552 sagax
247 5479 344 5537 Jumus
369 5478 499 5535 alionum
522 5493 579 5535 rem
612 5480 761 5545 divertens,
794 5480 859 5535 dicti
883 5495 931 5549 per
985 5487 1222 5558 pnrumreferiad
1238 5504 1294 5545 rem
1307 5495 1481 5560 praesentem.
1503 5488 1570 5546 Lac,

136 5552 318 5623 anastrophen
332 5550 432 5609 dictunu
446 5551 642 5626 parodtpmate
651 5551 796 5610 Platonico
808 5550 931 5624 plantas,
