<?xml version="1.0" encoding="UTF-8"?>
<!DOCTYPE html PUBLIC "-//W3C//DTD XHTML 1.0 Transitional//EN"
    "http://www.w3.org/TR/xhtml1/DTD/xhtml1-transitional.dtd">
<html xmlns="http://www.w3.org/1999/xhtml" xml:lang="en" lang="en">
 <head>
  <title>
</title>
<meta http-equiv="Content-Type" content="text/html;charset=utf-8" />
  <meta name='ocr-system' content='tesseract 3.04.00' />
  <meta name='ocr-capabilities' content='ocr_page ocr_carea ocr_par ocr_line ocrx_word'/>
</head>
<body>
  <div class='ocr_page' id='page_1' title='image "./patrologiaecurs51unkngoog_0576.png"; bbox 0 0 3840 6134; ppageno 0'>
   <div class='ocr_carea' id='block_1_1' title="bbox 130 244 1778 315">
    <p class='ocr_par' dir='ltr' id='par_1_1' title="bbox 130 244 1778 315">
     <span class='ocr_line' id='line_1_1' title="bbox 130 244 1778 315; baseline 0.002 -6"><span class='ocrx_word' id='word_1_1' title='bbox 130 247 198 309; x_wconf 75' lang='lat' dir='ltr'>illi</span> <span class='ocrx_word' id='word_1_2' title='bbox 311 244 314 251; x_wconf 82' lang='grc'><strong>’</strong></span> <span class='ocrx_word' id='word_1_3' title='bbox 646 247 814 312; x_wconf 78' lang='lat' dir='ltr'>tnntntttx</span> <span class='ocrx_word' id='word_1_4' title='bbox 833 249 853 309; x_wconf 94' lang='grc' dir='ltr'>Ι.</span> <span class='ocrx_word' id='word_1_5' title='bbox 884 281 922 294; x_wconf 89' lang='lat'>-</span> <span class='ocrx_word' id='word_1_6' title='bbox 939 252 1019 312; x_wconf 80' lang='lat' dir='ltr'>tot.</span> <span class='ocrx_word' id='word_1_7' title='bbox 1047 251 1256 315; x_wconf 75' lang='lat' dir='ltr'>MARCIONEM.</span> <span class='ocrx_word' id='word_1_8' title='bbox 1705 253 1778 314; x_wconf 76' lang='grc'>1142</span> 
     </span>
    </p>
   </div>
   <div class='ocr_carea' id='block_1_2' title="bbox 80 373 1783 3935">
    <p class='ocr_par' dir='ltr' id='par_1_2' title="bbox 80 373 1783 3935">
     <span class='ocr_line' id='line_1_2' title="bbox 127 373 1660 480; baseline 0.005 -51"><span class='ocrx_word' id='word_1_9' title='bbox 127 373 235 432; x_wconf 82' lang='lat' dir='ltr'>&#39;tertius</span> <span class='ocrx_word' id='word_1_10' title='bbox 248 376 365 450; x_wconf 85' lang='lat' dir='ltr'>ingenua</span> <span class='ocrx_word' id='word_1_11' title='bbox 380 384 487 451; x_wconf 80' lang='lat' dir='ltr'>gentem</span> <span class='ocrx_word' id='word_1_12' title='bbox 501 377 536 433; x_wconf 92' lang='lat' dir='ltr'>de</span> <span class='ocrx_word' id='word_1_13' title='bbox 549 385 636 433; x_wconf 81' lang='lat' dir='ltr'>matre</span> <span class='ocrx_word' id='word_1_14' title='bbox 651 386 777 446; x_wconf 86' lang='lat' dir='ltr'>creatam,</span> <span class='ocrx_word' id='word_1_15' title='bbox 942 400 966 480; x_wconf 57' lang='grc' dir='ltr'>Ι</span> <span class='ocrx_word' id='word_1_16' title='bbox 978 379 1080 436; x_wconf 89' lang='lat' dir='ltr'>Omnes</span> <span class='ocrx_word' id='word_1_17' title='bbox 1092 380 1222 454; x_wconf 84' lang='lat' dir='ltr'>expulsas</span> <span class='ocrx_word' id='word_1_18' title='bbox 1235 379 1337 437; x_wconf 89' lang='lat' dir='ltr'>animas</span> <span class='ocrx_word' id='word_1_19' title='bbox 1356 380 1415 438; x_wconf 90' lang='lat' dir='ltr'>sine</span> <span class='ocrx_word' id='word_1_20' title='bbox 1430 396 1545 453; x_wconf 91' lang='lat' dir='ltr'>corpore</span> <span class='ocrx_word' id='word_1_21' title='bbox 1559 382 1660 453; x_wconf 84' lang='lat' dir='ltr'>passim</span> 
     </span>
     <span class='ocr_line' id='line_1_3' title="bbox 128 464 1665 542; baseline 0.004 -21"><span class='ocrx_word' id='word_1_22' title='bbox 128 464 241 522; x_wconf 77' lang='lat' dir='ltr'>letibus</span> <span class='ocrx_word' id='word_1_23' title='bbox 255 474 284 522; x_wconf 91' lang='lat' dir='ltr'>et</span> <span class='ocrx_word' id='word_1_24' title='bbox 300 466 420 538; x_wconf 90' lang='lat' dir='ltr'>patribus</span> <span class='ocrx_word' id='word_1_25' title='bbox 434 471 554 523; x_wconf 85' lang='lat' dir='ltr'>sacratos</span> <span class='ocrx_word' id='word_1_26' title='bbox 567 481 627 523; x_wconf 88' lang='lat' dir='ltr'>esse</span> <span class='ocrx_word' id='word_1_27' title='bbox 645 465 795 532; x_wconf 88' lang='lat' dir='ltr'>ministros,</span> <span class='ocrx_word' id='word_1_28' title='bbox 978 469 1099 542; x_wconf 82' lang='lat' dir='ltr'>Eripere,</span> <span class='ocrx_word' id='word_1_29' title='bbox 1113 479 1139 526; x_wconf 92' lang='lat' dir='ltr'>et</span> <span class='ocrx_word' id='word_1_30' title='bbox 1152 484 1261 527; x_wconf 78' lang='lat' dir='ltr'>carnem</span> <span class='ocrx_word' id='word_1_31' title='bbox 1276 470 1415 542; x_wconf 77' lang='lat' dir='ltr'><strong>spoliatam</strong></span> <span class='ocrx_word' id='word_1_32' title='bbox 1430 471 1553 541; x_wconf 79' lang='lat' dir='ltr'>linquere</span> <span class='ocrx_word' id='word_1_33' title='bbox 1568 479 1646 528; x_wconf 85' lang='lat' dir='ltr'>terrae</span> <span class='ocrx_word' id='word_1_34' title='bbox 1658 492 1665 541; x_wconf 86' lang='grc'><strong>;</strong></span> 
     </span>
     <span class='ocr_line' id='line_1_4' title="bbox 127 553 1669 631; baseline 0.004 -22"><span class='ocrx_word' id='word_1_35' title='bbox 127 553 204 623; x_wconf 90' lang='lat' dir='ltr'>Quos</span> <span class='ocrx_word' id='word_1_36' title='bbox 219 570 333 612; x_wconf 90' lang='lat' dir='ltr'>numero</span> <span class='ocrx_word' id='word_1_37' title='bbox 347 556 390 612; x_wconf 90' lang='lat' dir='ltr'>bis</span> <span class='ocrx_word' id='word_1_38' title='bbox 404 570 452 612; x_wconf 82' lang='lat' dir='ltr'>sex</span> <span class='ocrx_word' id='word_1_39' title='bbox 465 554 499 611; x_wconf 92' lang='lat' dir='ltr'>de</span> <span class='ocrx_word' id='word_1_40' title='bbox 513 556 626 626; x_wconf 89' lang='lat' dir='ltr'>eunctis,</span> <span class='ocrx_word' id='word_1_41' title='bbox 650 555 767 626; x_wconf 77' lang='lat' dir='ltr'>Christe,</span> <span class='ocrx_word' id='word_1_42' title='bbox 792 555 920 630; x_wconf 81' lang='lat' dir='ltr'>legebas3</span> <span class='ocrx_word' id='word_1_43' title='bbox 978 559 1037 616; x_wconf 89' lang='lat' dir='ltr'>Una</span> <span class='ocrx_word' id='word_1_44' title='bbox 1056 557 1100 615; x_wconf 92' lang='lat' dir='ltr'>die</span> <span class='ocrx_word' id='word_1_45' title='bbox 1113 559 1214 630; x_wconf 89' lang='lat' dir='ltr'>pariter</span> <span class='ocrx_word' id='word_1_46' title='bbox 1232 561 1368 631; x_wconf 90' lang='lat' dir='ltr'>complere</span> <span class='ocrx_word' id='word_1_47' title='bbox 1381 558 1511 617; x_wconf 88' lang='lat' dir='ltr'>cadavere</span> <span class='ocrx_word' id='word_1_48' title='bbox 1529 562 1669 627; x_wconf 88' lang='lat' dir='ltr'>mundum,</span> 
     </span>
     <span class='ocr_line' id='line_1_5' title="bbox 126 643 1693 719; baseline 0.003 -18"><span class='ocrx_word' id='word_1_49' title='bbox 126 645 259 715; x_wconf 85' lang='lat' dir='ltr'>blnjorum</span> <span class='ocrx_word' id='word_1_50' title='bbox 270 652 333 701; x_wconf 89' lang='lat' dir='ltr'>natu</span> <span class='ocrx_word' id='word_1_51' title='bbox 347 660 409 702; x_wconf 91' lang='lat' dir='ltr'>com</span> <span class='ocrx_word' id='word_1_52' title='bbox 423 643 668 718; x_wconf 79' lang='lat' dir='ltr'>nominetempora</span> <span class='ocrx_word' id='word_1_53' title='bbox 682 645 761 702; x_wconf 84' lang='lat' dir='ltr'>lustri</span> <span class='ocrx_word' id='word_1_54' title='bbox 978 646 1117 712; x_wconf 84' lang='lat' dir='ltr'>Evacuare</span> <span class='ocrx_word' id='word_1_55' title='bbox 1130 648 1234 712; x_wconf 91' lang='lat' dir='ltr'>orbem,</span> <span class='ocrx_word' id='word_1_56' title='bbox 1251 656 1331 719; x_wconf 88' lang='lat' dir='ltr'>etque</span> <span class='ocrx_word' id='word_1_57' title='bbox 1344 648 1448 705; x_wconf 86' lang='lat' dir='ltr'>animas</span> <span class='ocrx_word' id='word_1_58' title='bbox 1462 648 1596 706; x_wconf 77' lang='lat' dir='ltr'>adtollere</span> <span class='ocrx_word' id='word_1_59' title='bbox 1611 650 1693 707; x_wconf 87' lang='lat' dir='ltr'>coelo.</span> 
     </span>
     <span class='ocr_line' id='line_1_6' title="bbox 126 732 1662 810; baseline 0.003 -20"><span class='ocrx_word' id='word_1_60' title='bbox 126 733 263 806; x_wconf 87' lang='lat' dir='ltr'>Tempora</span> <span class='ocrx_word' id='word_1_61' title='bbox 277 732 387 802; x_wconf 81' lang='lat' dir='ltr'>serrati,</span> <span class='ocrx_word' id='word_1_62' title='bbox 403 733 516 790; x_wconf 85' lang='lat' dir='ltr'>sceleris</span> <span class='ocrx_word' id='word_1_63' title='bbox 531 733 575 790; x_wconf 89' lang='lat' dir='ltr'>eui</span> <span class='ocrx_word' id='word_1_64' title='bbox 590 733 681 807; x_wconf 87' lang='lat' dir='ltr'>paruit</span> <span class='ocrx_word' id='word_1_65' title='bbox 694 742 789 793; x_wconf 85' lang='lat' dir='ltr'>auctor</span> <span class='ocrx_word' id='word_1_66' title='bbox 980 737 1124 810; x_wconf 86' lang='lat' dir='ltr'>Progenies</span> <span class='ocrx_word' id='word_1_67' title='bbox 1138 736 1276 793; x_wconf 92' lang='lat' dir='ltr'>hominum</span> <span class='ocrx_word' id='word_1_68' title='bbox 1290 737 1365 794; x_wconf 85' lang='lat' dir='ltr'>nasei</span> <span class='ocrx_word' id='word_1_69' title='bbox 1379 745 1512 796; x_wconf 79' lang='lat' dir='ltr'>cessasset</span> <span class='ocrx_word' id='word_1_70' title='bbox 1526 738 1553 793; x_wconf 93' lang='lat' dir='ltr'>in</span> <span class='ocrx_word' id='word_1_71' title='bbox 1570 754 1662 805; x_wconf 92' lang='lat' dir='ltr'>unum,</span> 
     </span>
     <span class='ocr_line' id='line_1_7' title="bbox 127 822 1588 901; baseline 0.002 -21"><span class='ocrx_word' id='word_1_72' title='bbox 127 824 249 896; x_wconf 91' lang='lat' dir='ltr'>lgnotus,</span> <span class='ocrx_word' id='word_1_73' title='bbox 264 822 325 879; x_wconf 88' lang='lat' dir='ltr'>sine</span> <span class='ocrx_word' id='word_1_74' title='bbox 338 823 411 896; x_wconf 84' lang='lat' dir='ltr'>lege,</span> <span class='ocrx_word' id='word_1_75' title='bbox 426 839 523 898; x_wconf 76' lang='lat' dir='ltr'>vagus,</span> <span class='ocrx_word' id='word_1_76' title='bbox 532 837 596 881; x_wconf 88' lang='lat' dir='ltr'>oum</span> <span class='ocrx_word' id='word_1_77' title='bbox 608 823 684 895; x_wconf 79' lang='lat' dir='ltr'>prole</span> <span class='ocrx_word' id='word_1_78' title='bbox 699 823 821 880; x_wconf 85' lang='lat' dir='ltr'>relictus.</span> <span class='ocrx_word' id='word_1_79' title='bbox 979 826 1013 882; x_wconf 84' lang='lat' dir='ltr'>Et</span> <span class='ocrx_word' id='word_1_80' title='bbox 1025 825 1100 883; x_wconf 90' lang='lat' dir='ltr'>nulla</span> <span class='ocrx_word' id='word_1_81' title='bbox 1114 827 1225 897; x_wconf 78' lang='lat' dir='ltr'>posthae</span> <span class='ocrx_word' id='word_1_82' title='bbox 1239 825 1349 901; x_wconf 89' lang='lat' dir='ltr'>generis</span> <span class='ocrx_word' id='word_1_83' title='bbox 1362 825 1491 899; x_wconf 84' lang='lat' dir='ltr'>prosapia</span> <span class='ocrx_word' id='word_1_84' title='bbox 1505 828 1588 885; x_wconf 87' lang='lat' dir='ltr'>vestri</span> 
     </span>
     <span class='ocr_line' id='line_1_8' title="bbox 129 911 1722 988; baseline 0.001 -18"><span class='ocrx_word' id='word_1_85' title='bbox 129 913 245 984; x_wconf 77' lang='lat' dir='ltr'>Quartus</span> <span class='ocrx_word' id='word_1_86' title='bbox 259 921 286 969; x_wconf 92' lang='lat' dir='ltr'>et</span> <span class='ocrx_word' id='word_1_87' title='bbox 300 912 358 984; x_wconf 92' lang='lat' dir='ltr'>ipse</span> <span class='ocrx_word' id='word_1_88' title='bbox 369 911 452 970; x_wconf 83' lang='lat' dir='ltr'>refert</span> <span class='ocrx_word' id='word_1_89' title='bbox 464 913 580 971; x_wconf 90' lang='lat' dir='ltr'>obscura</span> <span class='ocrx_word' id='word_1_90' title='bbox 594 912 698 985; x_wconf 86' lang='lat' dir='ltr'>piacula</span> <span class='ocrx_word' id='word_1_91' title='bbox 712 912 782 987; x_wconf 87' lang='lat' dir='ltr'>legis</span> <span class='ocrx_word' id='word_1_92' title='bbox 979 915 1049 970; x_wconf 91' lang='lat' dir='ltr'>Nata</span> <span class='ocrx_word' id='word_1_93' title='bbox 1062 913 1140 982; x_wconf 89' lang='lat' dir='ltr'>foret,</span> <span class='ocrx_word' id='word_1_94' title='bbox 1162 924 1320 988; x_wconf 82' lang='lat' dir='ltr'>postemque</span> <span class='ocrx_word' id='word_1_95' title='bbox 1329 931 1427 973; x_wconf 87' lang='lat' dir='ltr'>novam</span> <span class='ocrx_word' id='word_1_96' title='bbox 1446 914 1559 973; x_wconf 83' lang='lat' dir='ltr'>fudisset</span> <span class='ocrx_word' id='word_1_97' title='bbox 1573 917 1602 972; x_wconf 91' lang='lat' dir='ltr'>in</span> <span class='ocrx_word' id='word_1_98' title='bbox 1616 917 1722 973; x_wconf 90' lang='lat' dir='ltr'>orbem.</span> 
     </span>
     <span class='ocr_line' id='line_1_9' title="bbox 130 1001 1738 1078; baseline -0.001 -16"><span class='ocrx_word' id='word_1_99' title='bbox 130 1005 198 1062; x_wconf 83' lang='lat' dir='ltr'>Esse</span> <span class='ocrx_word' id='word_1_100' title='bbox 210 1012 306 1076; x_wconf 77' lang='lat' dir='ltr'>typum</span> <span class='ocrx_word' id='word_1_101' title='bbox 320 1001 426 1069; x_wconf 84' lang='lat' dir='ltr'>ueteris,</span> <span class='ocrx_word' id='word_1_102' title='bbox 442 1017 503 1075; x_wconf 79' lang='lat' dir='ltr'>quae</span> <span class='ocrx_word' id='word_1_103' title='bbox 522 1001 612 1073; x_wconf 90' lang='lat' dir='ltr'>paruit</span> <span class='ocrx_word' id='word_1_104' title='bbox 624 1001 711 1058; x_wconf 87' lang='lat' dir='ltr'>hostia</span> <span class='ocrx_word' id='word_1_105' title='bbox 729 1018 803 1070; x_wconf 82' lang='lat' dir='ltr'>rere,</span> <span class='ocrx_word' id='word_1_106' title='bbox 979 1005 1028 1062; x_wconf 83' lang='lat' dir='ltr'>Vel</span> <span class='ocrx_word' id='word_1_107' title='bbox 1043 1005 1107 1078; x_wconf 92' lang='lat' dir='ltr'>quia</span> <span class='ocrx_word' id='word_1_108' title='bbox 1121 1004 1264 1062; x_wconf 91' lang='lat' dir='ltr'>tuncnihil</span> <span class='ocrx_word' id='word_1_109' title='bbox 1279 1019 1312 1060; x_wconf 88' lang='lat' dir='ltr'>ex</span> <span class='ocrx_word' id='word_1_110' title='bbox 1326 1004 1369 1060; x_wconf 88' lang='lat' dir='ltr'>lris</span> <span class='ocrx_word' id='word_1_111' title='bbox 1384 1004 1483 1062; x_wconf 84' lang='lat' dir='ltr'>fectum</span> <span class='ocrx_word' id='word_1_112' title='bbox 1498 1005 1653 1063; x_wconf 84' lang='lat' dir='ltr'>ostenditur</span> <span class='ocrx_word' id='word_1_113' title='bbox 1667 1021 1738 1077; x_wconf 87' lang='lat' dir='ltr'>esse,</span> 
     </span>
     <span class='ocr_line' id='line_1_10' title="bbox 81 1090 1570 1169; baseline 0.005 -26"><span class='ocrx_word' id='word_1_114' title='bbox 81 1138 87 1143; x_wconf 88' lang='lat'>.</span> <span class='ocrx_word' id='word_1_115' title='bbox 129 1090 290 1149; x_wconf 76' lang='lat' dir='ltr'>iamdudum</span> <span class='ocrx_word' id='word_1_116' title='bbox 305 1097 460 1164; x_wconf 83' lang='lat' dir='ltr'>exspectata</span> <span class='ocrx_word' id='word_1_117' title='bbox 471 1090 524 1164; x_wconf 92' lang='lat' dir='ltr'>piis</span> <span class='ocrx_word' id='word_1_118' title='bbox 537 1106 600 1148; x_wconf 91' lang='lat' dir='ltr'>eum</span> <span class='ocrx_word' id='word_1_119' title='bbox 612 1090 715 1148; x_wconf 91' lang='lat' dir='ltr'>semine</span> <span class='ocrx_word' id='word_1_120' title='bbox 730 1097 837 1149; x_wconf 79' lang='lat' dir='ltr'>saneto.</span> <span class='ocrx_word' id='word_1_121' title='bbox 979 1095 1112 1150; x_wconf 85' lang='lat' dir='ltr'>Debuerat</span> <span class='ocrx_word' id='word_1_122' title='bbox 1126 1093 1207 1150; x_wconf 83' lang='lat' dir='ltr'>finem</span> <span class='ocrx_word' id='word_1_123' title='bbox 1222 1093 1313 1169; x_wconf 84' lang='lat' dir='ltr'>generi</span> <span class='ocrx_word' id='word_1_124' title='bbox 1328 1095 1453 1152; x_wconf 86' lang='lat' dir='ltr'>statuisse</span> <span class='ocrx_word' id='word_1_125' title='bbox 1469 1094 1570 1165; x_wconf 90' lang='lat' dir='ltr'>futuro,</span> 
     </span>
     <span class='ocr_line' id='line_1_11' title="bbox 131 1180 1635 1255; baseline 0.001 -15"><span class='ocrx_word' id='word_1_126' title='bbox 131 1182 181 1241; x_wconf 88' lang='lat' dir='ltr'>llic</span> <span class='ocrx_word' id='word_1_127' title='bbox 194 1181 306 1254; x_wconf 91' lang='lat' dir='ltr'>quintus</span> <span class='ocrx_word' id='word_1_128' title='bbox 321 1180 420 1239; x_wconf 88' lang='lat' dir='ltr'>multos</span> <span class='ocrx_word' id='word_1_129' title='bbox 430 1196 517 1237; x_wconf 87' lang='lat' dir='ltr'>nexus</span> <span class='ocrx_word' id='word_1_130' title='bbox 531 1180 672 1252; x_wconf 90' lang='lat' dir='ltr'>nodosque</span> <span class='ocrx_word' id='word_1_131' title='bbox 686 1180 817 1252; x_wconf 78' lang='lat' dir='ltr'>resoluit3</span> <span class='ocrx_word' id='word_1_132' title='bbox 982 1182 1114 1240; x_wconf 85' lang='lat' dir='ltr'>Conuubii</span> <span class='ocrx_word' id='word_1_133' title='bbox 1128 1182 1217 1240; x_wconf 92' lang='lat' dir='ltr'>solido</span> <span class='ocrx_word' id='word_1_134' title='bbox 1232 1183 1388 1255; x_wconf 84' lang='lat' dir='ltr'>complexus</span> <span class='ocrx_word' id='word_1_135' title='bbox 1402 1183 1483 1240; x_wconf 92' lang='lat' dir='ltr'>eorde</span> <span class='ocrx_word' id='word_1_136' title='bbox 1498 1184 1635 1255; x_wconf 84' lang='lat' dir='ltr'>replesset,</span> 
     </span>
     <span class='ocr_line' id='line_1_12' title="bbox 130 1268 1659 1345; baseline 0 -17"><span class='ocrx_word' id='word_1_137' title='bbox 130 1272 161 1328; x_wconf 91' lang='lat' dir='ltr'>ln</span> <span class='ocrx_word' id='word_1_138' title='bbox 175 1272 285 1345; x_wconf 90' lang='lat' dir='ltr'>planum</span> <span class='ocrx_word' id='word_1_139' title='bbox 299 1270 369 1326; x_wconf 90' lang='lat' dir='ltr'>mala</span> <span class='ocrx_word' id='word_1_140' title='bbox 381 1268 518 1328; x_wconf 82' lang='lat' dir='ltr'>convolvit</span> <span class='ocrx_word' id='word_1_141' title='bbox 528 1284 705 1343; x_wconf 73' lang='lat' dir='ltr'>quecumque</span> <span class='ocrx_word' id='word_1_142' title='bbox 719 1268 854 1325; x_wconf 85' lang='lat' dir='ltr'>latebant:</span> <span class='ocrx_word' id='word_1_143' title='bbox 981 1272 1099 1329; x_wconf 82' lang='lat' dir='ltr'>Fecisset</span> <span class='ocrx_word' id='word_1_144' title='bbox 1111 1287 1225 1343; x_wconf 88' lang='lat' dir='ltr'>corpore</span> <span class='ocrx_word' id='word_1_145' title='bbox 1239 1272 1322 1339; x_wconf 85' lang='lat' dir='ltr'>viros,</span> <span class='ocrx_word' id='word_1_146' title='bbox 1337 1271 1396 1328; x_wconf 89' lang='lat' dir='ltr'>sine</span> <span class='ocrx_word' id='word_1_147' title='bbox 1409 1271 1533 1344; x_wconf 80' lang='lat' dir='ltr'>germine</span> <span class='ocrx_word' id='word_1_148' title='bbox 1546 1272 1659 1343; x_wconf 90' lang='lat' dir='ltr'>fructus,</span> 
     </span>
     <span class='ocr_line' id='line_1_13' title="bbox 131 1358 1570 1433; baseline 0.001 -15"><span class='ocrx_word' id='word_1_149' title='bbox 131 1364 297 1433; x_wconf 76' lang='lat' dir='ltr'>Argumenta</span> <span class='ocrx_word' id='word_1_150' title='bbox 307 1360 427 1428; x_wconf 87' lang='lat' dir='ltr'>trahens,</span> <span class='ocrx_word' id='word_1_151' title='bbox 443 1358 556 1417; x_wconf 92' lang='lat' dir='ltr'>sednon</span> <span class='ocrx_word' id='word_1_152' title='bbox 570 1358 629 1415; x_wconf 91' lang='lat' dir='ltr'>sine</span> <span class='ocrx_word' id='word_1_153' title='bbox 644 1366 712 1416; x_wconf 85' lang='lat' dir='ltr'>teste</span> <span class='ocrx_word' id='word_1_154' title='bbox 725 1358 872 1430; x_wconf 85' lang='lat' dir='ltr'>prophete.</span> <span class='ocrx_word' id='word_1_155' title='bbox 981 1360 1100 1418; x_wconf 74' lang='lat' dir='ltr'>nominet</span> <span class='ocrx_word' id='word_1_156' title='bbox 1115 1377 1195 1418; x_wconf 84' lang='lat' dir='ltr'>sexus</span> <span class='ocrx_word' id='word_1_157' title='bbox 1208 1362 1313 1418; x_wconf 85' lang='lat' dir='ltr'>cubitus</span> <span class='ocrx_word' id='word_1_158' title='bbox 1328 1362 1427 1418; x_wconf 84' lang='lat' dir='ltr'>taedere</span> <span class='ocrx_word' id='word_1_159' title='bbox 1442 1361 1570 1429; x_wconf 87' lang='lat' dir='ltr'>dedisset,</span> 
     </span>
     <span class='ocr_line' id='line_1_14' title="bbox 135 1444 1776 1525; baseline -0.001 -17"><span class='ocrx_word' id='word_1_160' title='bbox 135 1449 242 1508; x_wconf 69' lang='lat' dir='ltr'>tosti</span> <span class='ocrx_word' id='word_1_161' title='bbox 256 1451 292 1506; x_wconf 88' lang='lat' dir='ltr'>Et</span> <span class='ocrx_word' id='word_1_162' title='bbox 301 1448 425 1522; x_wconf 86' lang='lat' dir='ltr'>quamuis</span> <span class='ocrx_word' id='word_1_163' title='bbox 439 1447 531 1504; x_wconf 86' lang='lat' dir='ltr'>hostes</span> <span class='ocrx_word' id='word_1_164' title='bbox 541 1447 636 1505; x_wconf 91' lang='lat' dir='ltr'>muniti</span> <span class='ocrx_word' id='word_1_165' title='bbox 650 1447 764 1505; x_wconf 86' lang='lat' dir='ltr'>fortibus</span> <span class='ocrx_word' id='word_1_166' title='bbox 775 1446 859 1503; x_wconf 84' lang='lat' dir='ltr'>armis</span> <span class='ocrx_word' id='word_1_167' title='bbox 868 1444 928 1518; x_wconf 79' lang='lat' dir='ltr'>(ts)</span> <span class='ocrx_word' id='word_1_168' title='bbox 980 1448 1127 1507; x_wconf 83' lang='lat' dir='ltr'>clausisset</span> <span class='ocrx_word' id='word_1_169' title='bbox 1139 1449 1246 1522; x_wconf 89' lang='lat' dir='ltr'>penitus</span> <span class='ocrx_word' id='word_1_170' title='bbox 1259 1451 1347 1507; x_wconf 90' lang='lat' dir='ltr'>earnis</span> <span class='ocrx_word' id='word_1_171' title='bbox 1361 1449 1487 1525; x_wconf 84' lang='lat' dir='ltr'>genitalia</span> <span class='ocrx_word' id='word_1_172' title='bbox 1497 1451 1630 1518; x_wconf 88' lang='lat' dir='ltr'>membra,</span> <span class='ocrx_word' id='word_1_173' title='bbox 1668 1451 1776 1524; x_wconf 87' lang='lat' dir='ltr'>[cultas.</span> 
     </span>
     <span class='ocr_line' id='line_1_15' title="bbox 130 1528 1779 1613; baseline -0.002 -15"><span class='ocrx_word' id='word_1_174' title='bbox 130 1540 293 1609; x_wconf 75' lang='lat' dir='ltr'>Vincamns3</span> <span class='ocrx_word' id='word_1_175' title='bbox 309 1546 402 1595; x_wconf 88' lang='lat' dir='ltr'>temen</span> <span class='ocrx_word' id='word_1_176' title='bbox 416 1536 527 1604; x_wconf 84' lang='lat' dir='ltr'>inlicite,</span> <span class='ocrx_word' id='word_1_177' title='bbox 543 1536 656 1608; x_wconf 88' lang='lat' dir='ltr'>polluta,</span> <span class='ocrx_word' id='word_1_178' title='bbox 672 1535 801 1606; x_wconf 87' lang='lat' dir='ltr'>nefanda,</span> <span class='ocrx_word' id='word_1_179' title='bbox 982 1536 1095 1595; x_wconf 71' lang='lat' dir='ltr'>toea</span> <span class='ocrx_word' id='word_1_180' title='bbox 1107 1528 1425 1597; x_wconf 79' lang='lat' dir='ltr'>Nuttarotuntas&#39;nosuo</span> <span class='ocrx_word' id='word_1_181' title='bbox 1439 1540 1541 1609; x_wconf 82' lang='lat' dir='ltr'>enimc,</span> <span class='ocrx_word' id='word_1_182' title='bbox 1552 1556 1640 1613; x_wconf 91' lang='lat' dir='ltr'>neque</span> <span class='ocrx_word' id='word_1_183' title='bbox 1650 1555 1729 1611; x_wconf 89' lang='lat' dir='ltr'>posse</span> <span class='ocrx_word' id='word_1_184' title='bbox 1739 1539 1779 1595; x_wconf 87' lang='lat' dir='ltr'>fn-</span> 
     </span>
     <span class='ocr_line' id='line_1_16' title="bbox 80 1624 1747 1706; baseline -0.001 -20"><span class='ocrx_word' id='word_1_185' title='bbox 80 1661 82 1664; x_wconf 80' lang='grc'><em>·</em></span> <span class='ocrx_word' id='word_1_186' title='bbox 130 1629 332 1687; x_wconf 84' lang='lat' dir='ltr'>commaculata</span> <span class='ocrx_word' id='word_1_187' title='bbox 345 1625 492 1706; x_wconf 70' lang='lat' dir='ltr'>simulsic</span> <span class='ocrx_word' id='word_1_188' title='bbox 500 1624 610 1682; x_wconf 91' lang='lat' dir='ltr'>miscuit</span> <span class='ocrx_word' id='word_1_189' title='bbox 623 1624 714 1683; x_wconf 90' lang='lat' dir='ltr'>omnia</span> <span class='ocrx_word' id='word_1_190' title='bbox 728 1639 853 1697; x_wconf 90' lang='lat' dir='ltr'>serpens,</span> <span class='ocrx_word' id='word_1_191' title='bbox 980 1626 1115 1683; x_wconf 78' lang='lat' dir='ltr'>Posthac</span> <span class='ocrx_word' id='word_1_192' title='bbox 1128 1635 1221 1698; x_wconf 88' lang='lat' dir='ltr'>posset</span> <span class='ocrx_word' id='word_1_193' title='bbox 1235 1637 1262 1683; x_wconf 91' lang='lat' dir='ltr'>et</span> <span class='ocrx_word' id='word_1_194' title='bbox 1277 1628 1390 1685; x_wconf 87' lang='lat' dir='ltr'>interior</span> <span class='ocrx_word' id='word_1_195' title='bbox 1403 1629 1485 1686; x_wconf 89' lang='lat' dir='ltr'>bomo</span> <span class='ocrx_word' id='word_1_196' title='bbox 1502 1630 1633 1702; x_wconf 83' lang='lat' dir='ltr'>sangnine</span> <span class='ocrx_word' id='word_1_197' title='bbox 1644 1628 1747 1701; x_wconf 86' lang='lat' dir='ltr'>junctis</span> 
     </span>
     <span class='ocr_line' id='line_1_17' title="bbox 131 1713 1609 1791; baseline -0.003 -15"><span class='ocrx_word' id='word_1_198' title='bbox 131 1718 272 1777; x_wconf 83' lang='lat' dir='ltr'>Ctecorum</span> <span class='ocrx_word' id='word_1_199' title='bbox 284 1716 345 1773; x_wconf 91' lang='lat' dir='ltr'>sine</span> <span class='ocrx_word' id='word_1_200' title='bbox 358 1717 419 1772; x_wconf 88' lang='lat' dir='ltr'>lucc</span> <span class='ocrx_word' id='word_1_201' title='bbox 432 1715 513 1776; x_wconf 84' lang='lat' dir='ltr'>viam.</span> <span class='ocrx_word' id='word_1_202' title='bbox 527 1713 681 1771; x_wconf 88' lang='lat' dir='ltr'>contamine</span> <span class='ocrx_word' id='word_1_203' title='bbox 690 1729 788 1783; x_wconf 67' lang='lat' dir='ltr'>⁸vocem</span> <span class='ocrx_word' id='word_1_204' title='bbox 801 1730 809 1786; x_wconf 72' lang='grc' dir='ltr'><strong>ς</strong></span> <span class='ocrx_word' id='word_1_205' title='bbox 982 1716 1091 1772; x_wconf 90' lang='lat' dir='ltr'>llaererc</span> <span class='ocrx_word' id='word_1_206' title='bbox 1105 1714 1210 1771; x_wconf 87' lang='lat' dir='ltr'>inlusus</span> <span class='ocrx_word' id='word_1_207' title='bbox 1222 1718 1307 1784; x_wconf 88' lang='lat' dir='ltr'>carui,</span> <span class='ocrx_word' id='word_1_208' title='bbox 1322 1732 1482 1791; x_wconf 88' lang='lat' dir='ltr'>semperque</span> <span class='ocrx_word' id='word_1_209' title='bbox 1496 1716 1609 1790; x_wconf 90' lang='lat' dir='ltr'>periret.</span> 
     </span>
     <span class='ocr_line' id='line_1_18' title="bbox 132 1802 1744 1880; baseline -0.002 -15"><span class='ocrx_word' id='word_1_210' title='bbox 132 1809 169 1865; x_wconf 87' lang='lat' dir='ltr'>Ut</span> <span class='ocrx_word' id='word_1_211' title='bbox 182 1807 248 1862; x_wconf 90' lang='lat' dir='ltr'>dum</span> <span class='ocrx_word' id='word_1_212' title='bbox 262 1805 389 1862; x_wconf 81' lang='lat' dir='ltr'>lectorem</span> <span class='ocrx_word' id='word_1_213' title='bbox 403 1803 497 1860; x_wconf 88' lang='lat' dir='ltr'>mundi</span> <span class='ocrx_word' id='word_1_214' title='bbox 509 1802 802 1874; x_wconf 84' lang='lat' dir='ltr'>contendimus&#39;ipsum</span> <span class='ocrx_word' id='word_1_215' title='bbox 981 1803 1095 1877; x_wconf 84' lang='lat' dir='ltr'>Semper</span> <span class='ocrx_word' id='word_1_216' title='bbox 1108 1804 1166 1862; x_wconf 86' lang='lat' dir='ltr'>oris</span> <span class='ocrx_word' id='word_1_217' title='bbox 1181 1804 1260 1876; x_wconf 91' lang='lat' dir='ltr'>perit,</span> <span class='ocrx_word' id='word_1_218' title='bbox 1276 1820 1343 1879; x_wconf 83' lang='lat' dir='ltr'>ergo</span> <span class='ocrx_word' id='word_1_219' title='bbox 1358 1821 1409 1862; x_wconf 87' lang='lat' dir='ltr'>nec</span> <span class='ocrx_word' id='word_1_220' title='bbox 1423 1815 1466 1863; x_wconf 90' lang='lat' dir='ltr'>est</span> <span class='ocrx_word' id='word_1_221' title='bbox 1479 1822 1587 1864; x_wconf 88' lang='lat' dir='ltr'>seruarc</span> <span class='ocrx_word' id='word_1_222' title='bbox 1602 1808 1744 1880; x_wconf 77' lang='lat' dir='ltr'>potestus?</span> 
     </span>
     <span class='ocr_line' id='line_1_19' title="bbox 131 1890 1730 1965; baseline -0.001 -13"><span class='ocrx_word' id='word_1_223' title='bbox 131 1894 200 1952; x_wconf 69' lang='lat' dir='ltr'>Esse</span> <span class='ocrx_word' id='word_1_224' title='bbox 214 1893 412 1964; x_wconf 75' lang='lat' dir='ltr'>nonuncium,</span> <span class='ocrx_word' id='word_1_225' title='bbox 427 1899 518 1950; x_wconf 82' lang='lat' dir='ltr'>uatum</span> <span class='ocrx_word' id='word_1_226' title='bbox 532 1906 641 1965; x_wconf 83' lang='lat' dir='ltr'>quoqne</span> <span class='ocrx_word' id='word_1_227' title='bbox 654 1906 722 1950; x_wconf 83' lang='lat' dir='ltr'>voce</span> <span class='ocrx_word' id='word_1_228' title='bbox 740 1890 873 1955; x_wconf 87' lang='lat' dir='ltr'>locutum,</span> <span class='ocrx_word' id='word_1_229' title='bbox 983 1895 1050 1951; x_wconf 85' lang='lat' dir='ltr'>Cum</span> <span class='ocrx_word' id='word_1_230' title='bbox 1065 1908 1175 1964; x_wconf 87' lang='lat' dir='ltr'>semper</span> <span class='ocrx_word' id='word_1_231' title='bbox 1187 1904 1316 1951; x_wconf 89' lang='lat' dir='ltr'>nascatur</span> <span class='ocrx_word' id='word_1_232' title='bbox 1330 1894 1422 1964; x_wconf 88' lang='lat' dir='ltr'>homo,</span> <span class='ocrx_word' id='word_1_233' title='bbox 1439 1897 1490 1952; x_wconf 89' lang='lat' dir='ltr'>sub</span> <span class='ocrx_word' id='word_1_234' title='bbox 1507 1896 1620 1953; x_wconf 87' lang='lat' dir='ltr'>crimine</span> <span class='ocrx_word' id='word_1_235' title='bbox 1634 1895 1730 1951; x_wconf 79' lang='lat' dir='ltr'>mortis</span> 
     </span>
     <span class='ocr_line' id='line_1_20' title="bbox 132 1981 1669 2058; baseline 0.001 -20"><span class='ocrx_word' id='word_1_236' title='bbox 132 1983 313 2058; x_wconf 87' lang='lat' dir='ltr'>ignotumque</span> <span class='ocrx_word' id='word_1_237' title='bbox 325 1981 406 2037; x_wconf 87' lang='lat' dir='ltr'>ulium</span> <span class='ocrx_word' id='word_1_238' title='bbox 431 1996 591 2055; x_wconf 85' lang='lat' dir='ltr'>quemquam</span> <span class='ocrx_word' id='word_1_239' title='bbox 606 1996 660 2037; x_wconf 93' lang='lat' dir='ltr'>non</span> <span class='ocrx_word' id='word_1_240' title='bbox 682 1995 743 2039; x_wconf 85' lang='lat' dir='ltr'>ease</span> <span class='ocrx_word' id='word_1_241' title='bbox 764 1981 927 2052; x_wconf 78' lang='lat' dir='ltr'>probamus3</span> <span class='ocrx_word' id='word_1_242' title='bbox 981 1984 1061 2054; x_wconf 91' lang='lat' dir='ltr'>Quod</span> <span class='ocrx_word' id='word_1_243' title='bbox 1071 1984 1189 2057; x_wconf 88' lang='lat' dir='ltr'>pastoris</span> <span class='ocrx_word' id='word_1_244' title='bbox 1203 1997 1281 2057; x_wconf 88' lang='lat' dir='ltr'>opus,</span> <span class='ocrx_word' id='word_1_245' title='bbox 1297 1983 1321 2039; x_wconf 89' lang='lat' dir='ltr'>si</span> <span class='ocrx_word' id='word_1_246' title='bbox 1335 1984 1375 2041; x_wconf 90' lang='lat' dir='ltr'>sic</span> <span class='ocrx_word' id='word_1_247' title='bbox 1387 1984 1497 2043; x_wconf 87' lang='lat' dir='ltr'>inventa</span> <span class='ocrx_word' id='word_1_248' title='bbox 1513 1985 1669 2041; x_wconf 80' lang='lat' dir='ltr'>docentur?</span> 
     </span>
     <span class='ocr_line' id='line_1_21' title="bbox 133 2069 1621 2147; baseline 0 -19"><span class='ocrx_word' id='word_1_249' title='bbox 133 2073 188 2129; x_wconf 82' lang='lat' dir='ltr'>Vix</span> <span class='ocrx_word' id='word_1_250' title='bbox 204 2072 330 2127; x_wconf 87' lang='lat' dir='ltr'>mundum</span> <span class='ocrx_word' id='word_1_251' title='bbox 345 2071 467 2144; x_wconf 81' lang='lat' dir='ltr'>linguam</span> <span class='ocrx_word' id='word_1_252' title='bbox 480 2069 615 2127; x_wconf 88' lang='lat' dir='ltr'>sermonis</span> <span class='ocrx_word' id='word_1_253' title='bbox 628 2070 709 2142; x_wconf 88' lang='lat' dir='ltr'>culpe</span> <span class='ocrx_word' id='word_1_254' title='bbox 722 2078 852 2135; x_wconf 83' lang='lat' dir='ltr'>reservet,</span> <span class='ocrx_word' id='word_1_255' title='bbox 982 2072 1126 2147; x_wconf 87' lang='lat' dir='ltr'>lnquaesitn</span> <span class='ocrx_word' id='word_1_256' title='bbox 1144 2088 1219 2146; x_wconf 75' lang='lat' dir='ltr'>ergo,</span> <span class='ocrx_word' id='word_1_257' title='bbox 1234 2073 1352 2130; x_wconf 90' lang='lat' dir='ltr'>sednon</span> <span class='ocrx_word' id='word_1_258' title='bbox 1367 2080 1460 2145; x_wconf 85' lang='lat' dir='ltr'>erepta</span> <span class='ocrx_word' id='word_1_259' title='bbox 1478 2073 1621 2145; x_wconf 87' lang='lat' dir='ltr'>probatur.</span> 
     </span>
     <span class='ocr_line' id='line_1_22' title="bbox 133 2159 1618 2234; baseline -0.001 -16"><span class='ocrx_word' id='word_1_260' title='bbox 133 2160 282 2234; x_wconf 84' lang='lat' dir='ltr'>Complexo</span> <span class='ocrx_word' id='word_1_261' title='bbox 297 2159 372 2216; x_wconf 90' lang='lat' dir='ltr'>vario</span> <span class='ocrx_word' id='word_1_262' title='bbox 387 2170 483 2216; x_wconf 92' lang='lat' dir='ltr'>notum</span> <span class='ocrx_word' id='word_1_263' title='bbox 497 2160 564 2216; x_wconf 88' lang='lat' dir='ltr'>dum</span> <span class='ocrx_word' id='word_1_264' title='bbox 577 2159 656 2215; x_wconf 88' lang='lat' dir='ltr'>laude</span> <span class='ocrx_word' id='word_1_265' title='bbox 668 2165 814 2230; x_wconf 88' lang='lat' dir='ltr'>sequentes</span> <span class='ocrx_word' id='word_1_266' title='bbox 983 2163 1061 2219; x_wconf 91' lang='lat' dir='ltr'>Nunc</span> <span class='ocrx_word' id='word_1_267' title='bbox 1073 2177 1137 2219; x_wconf 87' lang='lat' dir='ltr'>vero</span> <span class='ocrx_word' id='word_1_268' title='bbox 1152 2161 1274 2219; x_wconf 84' lang='lat' dir='ltr'>delectus</span> <span class='ocrx_word' id='word_1_269' title='bbox 1287 2163 1365 2220; x_wconf 88' lang='lat' dir='ltr'>ndest</span> <span class='ocrx_word' id='word_1_270' title='bbox 1383 2162 1518 2220; x_wconf 92' lang='lat' dir='ltr'>connubia</span> <span class='ocrx_word' id='word_1_271' title='bbox 1532 2160 1618 2231; x_wconf 91' lang='lat' dir='ltr'>adire,</span> 
     </span>
     <span class='ocr_line' id='line_1_23' title="bbox 135 2246 1648 2326; baseline 0.001 -20"><span class='ocrx_word' id='word_1_272' title='bbox 135 2251 336 2322; x_wconf 83' lang='lat' dir='ltr'>Culpamnsque</span> <span class='ocrx_word' id='word_1_273' title='bbox 354 2246 420 2303; x_wconf 90' lang='lat' dir='ltr'>alias</span> <span class='ocrx_word' id='word_1_274' title='bbox 436 2248 522 2320; x_wconf 86' lang='lat' dir='ltr'>ignoti</span> <span class='ocrx_word' id='word_1_275' title='bbox 537 2257 661 2319; x_wconf 88' lang='lat' dir='ltr'>tempora</span> <span class='ocrx_word' id='word_1_276' title='bbox 673 2262 756 2318; x_wconf 78' lang='lat' dir='ltr'>sere3</span> <span class='ocrx_word' id='word_1_277' title='bbox 984 2251 1019 2308; x_wconf 90' lang='lat' dir='ltr'>Ut</span> <span class='ocrx_word' id='word_1_278' title='bbox 1033 2266 1141 2320; x_wconf 85' lang='lat' dir='ltr'>semper</span> <span class='ocrx_word' id='word_1_279' title='bbox 1159 2250 1217 2317; x_wconf 88' lang='lat' dir='ltr'>fuit,</span> <span class='ocrx_word' id='word_1_280' title='bbox 1234 2267 1314 2322; x_wconf 88' lang='lat' dir='ltr'>quem</span> <span class='ocrx_word' id='word_1_281' title='bbox 1327 2252 1417 2323; x_wconf 81' lang='lat' dir='ltr'>junxit</span> <span class='ocrx_word' id='word_1_282' title='bbox 1430 2259 1502 2308; x_wconf 89' lang='lat' dir='ltr'>certa</span> <span class='ocrx_word' id='word_1_283' title='bbox 1516 2264 1648 2326; x_wconf 86' lang='lat' dir='ltr'>propago,</span> 
     </span>
     <span class='ocr_line' id='line_1_24' title="bbox 134 2336 1651 2414; baseline -0.001 -18"><span class='ocrx_word' id='word_1_284' title='bbox 134 2340 187 2399; x_wconf 88' lang='lat' dir='ltr'>Sed</span> <span class='ocrx_word' id='word_1_285' title='bbox 201 2344 301 2413; x_wconf 89' lang='lat' dir='ltr'>cogunt</span> <span class='ocrx_word' id='word_1_286' title='bbox 316 2351 366 2391; x_wconf 91' lang='lat' dir='ltr'>nos</span> <span class='ocrx_word' id='word_1_287' title='bbox 380 2336 464 2394; x_wconf 85' lang='lat' dir='ltr'>multa</span> <span class='ocrx_word' id='word_1_288' title='bbox 478 2336 533 2393; x_wconf 94' lang='lat' dir='ltr'>doli</span> <span class='ocrx_word' id='word_1_289' title='bbox 547 2336 642 2394; x_wconf 83' lang='lat' dir='ltr'>caelnta</span> <span class='ocrx_word' id='word_1_290' title='bbox 656 2351 773 2404; x_wconf 82' lang='lat' dir='ltr'>venene,</span> <span class='ocrx_word' id='word_1_291' title='bbox 983 2340 1137 2395; x_wconf 87' lang='lat' dir='ltr'>Nascuntur</span> <span class='ocrx_word' id='word_1_292' title='bbox 1152 2348 1249 2414; x_wconf 79' lang='lat' dir='ltr'>gentes</span> <span class='ocrx_word' id='word_1_293' title='bbox 1262 2347 1290 2396; x_wconf 91' lang='lat' dir='ltr'>et</span> <span class='ocrx_word' id='word_1_294' title='bbox 1301 2339 1346 2396; x_wconf 79' lang='lat' dir='ltr'>vix</span> <span class='ocrx_word' id='word_1_295' title='bbox 1361 2340 1529 2397; x_wconf 85' lang='lat' dir='ltr'>numerabile</span> <span class='ocrx_word' id='word_1_296' title='bbox 1543 2340 1651 2414; x_wconf 82' lang='lat' dir='ltr'>vulgus,</span> 
     </span>
     <span class='ocr_line' id='line_1_25' title="bbox 133 2421 1641 2502; baseline -0.002 -14"><span class='ocrx_word' id='word_1_297' title='bbox 133 2427 251 2500; x_wconf 73' lang='lat' dir='ltr'>Ancipiti</span> <span class='ocrx_word' id='word_1_298' title='bbox 270 2441 431 2499; x_wconf 85' lang='lat' dir='ltr'>quamquam</span> <span class='ocrx_word' id='word_1_299' title='bbox 445 2440 507 2482; x_wconf 91' lang='lat' dir='ltr'>cum</span> <span class='ocrx_word' id='word_1_300' title='bbox 522 2424 643 2491; x_wconf 89' lang='lat' dir='ltr'>erimine,</span> <span class='ocrx_word' id='word_1_301' title='bbox 660 2423 781 2495; x_wconf 83' lang='lat' dir='ltr'>pandere</span> <span class='ocrx_word' id='word_1_302' title='bbox 795 2421 888 2479; x_wconf 72' lang='lat' dir='ltr'>verbn-</span> <span class='ocrx_word' id='word_1_303' title='bbox 984 2427 1131 2500; x_wconf 78' lang='lat' dir='ltr'>Accipiunt</span> <span class='ocrx_word' id='word_1_304' title='bbox 1144 2428 1247 2484; x_wconf 83' lang='lat' dir='ltr'>enimus</span> <span class='ocrx_word' id='word_1_305' title='bbox 1260 2436 1416 2485; x_wconf 87' lang='lat' dir='ltr'>nascentum</span> <span class='ocrx_word' id='word_1_306' title='bbox 1431 2443 1547 2502; x_wconf 83' lang='lat' dir='ltr'>corpora</span> <span class='ocrx_word' id='word_1_307' title='bbox 1560 2429 1641 2496; x_wconf 84' lang='lat' dir='ltr'>uive;</span> 
     </span>
     <span class='ocr_line' id='line_1_26' title="bbox 984 2515 1783 2592; baseline -0.001 -20"><span class='ocrx_word' id='word_1_308' title='bbox 984 2517 1041 2574; x_wconf 90' lang='lat' dir='ltr'>Nec</span> <span class='ocrx_word' id='word_1_309' title='bbox 1053 2518 1163 2572; x_wconf 85' lang='lat' dir='ltr'>Paulum</span> <span class='ocrx_word' id='word_1_310' title='bbox 1177 2515 1279 2587; x_wconf 85' lang='lat' dir='ltr'>decuit,</span> <span class='ocrx_word' id='word_1_311' title='bbox 1293 2517 1417 2587; x_wconf 88' lang='lat' dir='ltr'>quamvis</span> <span class='ocrx_word' id='word_1_312' title='bbox 1433 2533 1483 2590; x_wconf 90' lang='lat' dir='ltr'>pro</span> <span class='ocrx_word' id='word_1_313' title='bbox 1492 2525 1612 2590; x_wconf 91' lang='lat' dir='ltr'>tempore</span> <span class='ocrx_word' id='word_1_314' title='bbox 1635 2516 1748 2592; x_wconf 84' lang='lat' dir='ltr'>quosvis</span> <span class='ocrx_word' id='word_1_315' title='bbox 1758 2515 1783 2554; x_wconf 77' lang='lat'>2⁶</span> 
     </span>
     <span class='ocr_line' id='line_1_27' title="bbox 452 2567 1634 2678; baseline 0.001 -17"><span class='ocrx_word' id='word_1_316' title='bbox 452 2567 565 2627; x_wconf 56' lang='lat' dir='ltr'>CAPUT</span> <span class='ocrx_word' id='word_1_317' title='bbox 577 2567 611 2623; x_wconf 72' lang='grc' dir='ltr'>Π·</span> <span class='ocrx_word' id='word_1_318' title='bbox 985 2605 1103 2672; x_wconf 86' lang='lat' dir='ltr'>Hortari,</span> <span class='ocrx_word' id='word_1_319' title='bbox 1119 2605 1192 2663; x_wconf 90' lang='lat' dir='ltr'>velut</span> <span class='ocrx_word' id='word_1_320' title='bbox 1205 2606 1263 2678; x_wconf 91' lang='lat' dir='ltr'>ipse</span> <span class='ocrx_word' id='word_1_321' title='bbox 1278 2605 1337 2672; x_wconf 92' lang='lat' dir='ltr'>fnit,</span> <span class='ocrx_word' id='word_1_322' title='bbox 1354 2607 1413 2675; x_wconf 91' lang='lat' dir='ltr'>pari</span> <span class='ocrx_word' id='word_1_323' title='bbox 1427 2615 1500 2663; x_wconf 81' lang='lat' dir='ltr'>sorte</span> <span class='ocrx_word' id='word_1_324' title='bbox 1513 2622 1634 2677; x_wconf 86' lang='lat' dir='ltr'>manere,</span> 
     </span>
     <span class='ocr_line' id='line_1_28' title="bbox 171 2688 1631 2772; baseline -0.004 -17"><span class='ocrx_word' id='word_1_325' title='bbox 171 2696 300 2770; x_wconf 76' lang='lat' dir='ltr'>Quisnam</span> <span class='ocrx_word' id='word_1_326' title='bbox 314 2709 381 2772; x_wconf 84' lang='lat' dir='ltr'>ergo</span> <span class='ocrx_word' id='word_1_327' title='bbox 395 2694 492 2751; x_wconf 80' lang='lat' dir='ltr'>Densi</span> <span class='ocrx_word' id='word_1_328' title='bbox 505 2708 587 2766; x_wconf 91' lang='lat' dir='ltr'>quem</span> <span class='ocrx_word' id='word_1_329' title='bbox 600 2706 695 2750; x_wconf 84' lang='lat' dir='ltr'>rerum</span> <span class='ocrx_word' id='word_1_330' title='bbox 709 2688 798 2747; x_wconf 91' lang='lat' dir='ltr'>dicitis</span> <span class='ocrx_word' id='word_1_331' title='bbox 815 2703 878 2746; x_wconf 87' lang='lat' dir='ltr'>esse</span> <span class='ocrx_word' id='word_1_332' title='bbox 985 2693 1127 2765; x_wconf 87' lang='lat' dir='ltr'>Temporis</span> <span class='ocrx_word' id='word_1_333' title='bbox 1141 2693 1247 2768; x_wconf 85' lang='lat' dir='ltr'>angusti</span> <span class='ocrx_word' id='word_1_334' title='bbox 1261 2707 1374 2750; x_wconf 91' lang='lat' dir='ltr'>cernens</span> <span class='ocrx_word' id='word_1_335' title='bbox 1391 2694 1516 2750; x_wconf 85' lang='lat' dir='ltr'>instantia</span> <span class='ocrx_word' id='word_1_336' title='bbox 1531 2694 1631 2758; x_wconf 79' lang='lat' dir='ltr'>multa3</span> 
     </span>
     <span class='ocr_line' id='line_1_29' title="bbox 136 2779 1583 2860; baseline -0.006 -16"><span class='ocrx_word' id='word_1_337' title='bbox 136 2789 261 2860; x_wconf 85' lang='lat' dir='ltr'>Ignotum</span> <span class='ocrx_word' id='word_1_338' title='bbox 276 2785 395 2858; x_wconf 74' lang='lat' dir='ltr'>populis,</span> <span class='ocrx_word' id='word_1_339' title='bbox 406 2783 528 2841; x_wconf 66' lang='lat' dir='ltr'>alienum</span> <span class='ocrx_word' id='word_1_340' title='bbox 542 2781 659 2853; x_wconf 65' lang='lat' dir='ltr'>denique</span> <span class='ocrx_word' id='word_1_341' title='bbox 674 2779 800 2835; x_wconf 49' lang='lat' dir='ltr'>mund&amp;</span> <span class='ocrx_word' id='word_1_342' title='bbox 985 2784 1051 2839; x_wconf 83' lang='lat' dir='ltr'>Nam</span> <span class='ocrx_word' id='word_1_343' title='bbox 1067 2793 1174 2841; x_wconf 87' lang='lat' dir='ltr'>teneras</span> <span class='ocrx_word' id='word_1_344' title='bbox 1188 2782 1256 2838; x_wconf 86' lang='lat' dir='ltr'>alias</span> <span class='ocrx_word' id='word_1_345' title='bbox 1271 2790 1364 2849; x_wconf 78' lang='lat' dir='ltr'>aetates</span> <span class='ocrx_word' id='word_1_346' title='bbox 1378 2782 1480 2839; x_wconf 91' lang='lat' dir='ltr'>nubere</span> <span class='ocrx_word' id='word_1_347' title='bbox 1491 2781 1583 2851; x_wconf 88' lang='lat' dir='ltr'>jussit,</span> 
     </span>
     <span class='ocr_line' id='line_1_30' title="bbox 138 2865 1637 2948; baseline -0.005 -14"><span class='ocrx_word' id='word_1_348' title='bbox 138 2878 214 2934; x_wconf 89' lang='lat' dir='ltr'>llnue</span> <span class='ocrx_word' id='word_1_349' title='bbox 228 2891 309 2948; x_wconf 88' lang='lat' dir='ltr'>quern</span> <span class='ocrx_word' id='word_1_350' title='bbox 323 2889 402 2933; x_wconf 91' lang='lat' dir='ltr'>nemo</span> <span class='ocrx_word' id='word_1_351' title='bbox 416 2872 492 2946; x_wconf 90' lang='lat' dir='ltr'>prius</span> <span class='ocrx_word' id='word_1_352' title='bbox 506 2878 594 2939; x_wconf 83' lang='lat' dir='ltr'>norat,</span> <span class='ocrx_word' id='word_1_353' title='bbox 609 2871 653 2927; x_wconf 87' lang='lat' dir='ltr'>bie</span> <span class='ocrx_word' id='word_1_354' title='bbox 665 2869 740 2928; x_wconf 83' lang='lat' dir='ltr'>uenit</span> <span class='ocrx_word' id='word_1_355' title='bbox 755 2869 788 2924; x_wconf 86' lang='lat' dir='ltr'>ub</span> <span class='ocrx_word' id='word_1_356' title='bbox 801 2865 878 2924; x_wconf 77' lang='lat' dir='ltr'>alto?</span> <span class='ocrx_word' id='word_1_357' title='bbox 986 2873 1043 2929; x_wconf 91' lang='lat' dir='ltr'>Nee</span> <span class='ocrx_word' id='word_1_358' title='bbox 1056 2888 1085 2929; x_wconf 90' lang='lat' dir='ltr'>se</span> <span class='ocrx_word' id='word_1_359' title='bbox 1098 2871 1227 2944; x_wconf 83' lang='lat' dir='ltr'>fraudari,</span> <span class='ocrx_word' id='word_1_360' title='bbox 1243 2871 1292 2927; x_wconf 89' lang='lat' dir='ltr'>sed</span> <span class='ocrx_word' id='word_1_361' title='bbox 1307 2869 1398 2927; x_wconf 87' lang='lat' dir='ltr'>debita</span> <span class='ocrx_word' id='word_1_362' title='bbox 1416 2870 1529 2927; x_wconf 89' lang='lat' dir='ltr'>reddere</span> <span class='ocrx_word' id='word_1_363' title='bbox 1549 2874 1637 2941; x_wconf 87' lang='lat' dir='ltr'>pacto.</span> 
     </span>
     <span class='ocr_line' id='line_1_31' title="bbox 137 2957 1666 3034; baseline -0.008 -10"><span class='ocrx_word' id='word_1_364' title='bbox 137 2966 167 3024; x_wconf 96' lang='lat' dir='ltr'>Si</span> <span class='ocrx_word' id='word_1_365' title='bbox 180 2982 238 3033; x_wconf 86' lang='lat' dir='ltr'>sua,</span> <span class='ocrx_word' id='word_1_366' title='bbox 254 2980 302 3023; x_wconf 89' lang='lat' dir='ltr'>cur</span> <span class='ocrx_word' id='word_1_367' title='bbox 318 2973 370 3022; x_wconf 88' lang='lat' dir='ltr'>tam</span> <span class='ocrx_word' id='word_1_368' title='bbox 384 2979 445 3020; x_wconf 88' lang='lat' dir='ltr'>scra</span> <span class='ocrx_word' id='word_1_369' title='bbox 459 2961 547 3034; x_wconf 80' lang='lat' dir='ltr'>pettit</span> <span class='ocrx_word' id='word_1_370' title='bbox 562 2961 586 3017; x_wconf 87' lang='lat' dir='ltr'>si</span> <span class='ocrx_word' id='word_1_371' title='bbox 600 2975 653 3016; x_wconf 91' lang='lat' dir='ltr'>nou</span> <span class='ocrx_word' id='word_1_372' title='bbox 667 2974 727 3028; x_wconf 89' lang='lat' dir='ltr'>sua,</span> <span class='ocrx_word' id='word_1_373' title='bbox 742 2972 826 3028; x_wconf 82' lang='lat' dir='ltr'>quare</span> <span class='ocrx_word' id='word_1_374' title='bbox 986 2962 1041 3019; x_wconf 87' lang='lat' dir='ltr'>llos</span> <span class='ocrx_word' id='word_1_375' title='bbox 1054 2969 1145 3017; x_wconf 86' lang='lat' dir='ltr'>autern</span> <span class='ocrx_word' id='word_1_376' title='bbox 1157 2966 1245 3016; x_wconf 81' lang='lat' dir='ltr'>astuta</span> <span class='ocrx_word' id='word_1_377' title='bbox 1258 2959 1319 3031; x_wconf 92' lang='lat' dir='ltr'>quis</span> <span class='ocrx_word' id='word_1_378' title='bbox 1336 2957 1420 3015; x_wconf 87' lang='lat' dir='ltr'>suasit</span> <span class='ocrx_word' id='word_1_379' title='bbox 1433 2957 1526 3015; x_wconf 88' lang='lat' dir='ltr'>frande</span> <span class='ocrx_word' id='word_1_380' title='bbox 1545 2973 1666 3023; x_wconf 90' lang='lat' dir='ltr'>manere,</span> 
     </span>
     <span class='ocr_line' id='line_1_32' title="bbox 136 3047 1542 3127; baseline -0.007 -14"><span class='ocrx_word' id='word_1_381' title='bbox 136 3058 172 3114; x_wconf 90' lang='lat' dir='ltr'>llt</span> <span class='ocrx_word' id='word_1_382' title='bbox 185 3055 278 3127; x_wconf 82' lang='lat' dir='ltr'>praedo</span> <span class='ocrx_word' id='word_1_383' title='bbox 291 3055 369 3127; x_wconf 85' lang='lat' dir='ltr'>rapit,</span> <span class='ocrx_word' id='word_1_384' title='bbox 385 3060 412 3110; x_wconf 94' lang='lat' dir='ltr'>et</span> <span class='ocrx_word' id='word_1_385' title='bbox 422 3050 552 3126; x_wconf 89' lang='lat' dir='ltr'>populum</span> <span class='ocrx_word' id='word_1_386' title='bbox 562 3048 613 3105; x_wconf 88' lang='lat' dir='ltr'>sub</span> <span class='ocrx_word' id='word_1_387' title='bbox 627 3049 694 3122; x_wconf 83' lang='lat' dir='ltr'>lege·</span> <span class='ocrx_word' id='word_1_388' title='bbox 706 3053 859 3102; x_wconf 76' lang='lat' dir='ltr'>morantem</span> <span class='ocrx_word' id='word_1_389' title='bbox 984 3048 1089 3106; x_wconf 86' lang='lat' dir='ltr'>Diuisio</span> <span class='ocrx_word' id='word_1_390' title='bbox 1103 3047 1187 3121; x_wconf 89' lang='lat' dir='ltr'>prolis</span> <span class='ocrx_word' id='word_1_391' title='bbox 1200 3062 1311 3105; x_wconf 89' lang='lat' dir='ltr'>securos</span> <span class='ocrx_word' id='word_1_392' title='bbox 1325 3047 1424 3121; x_wconf 80' lang='lat' dir='ltr'>degere</span> <span class='ocrx_word' id='word_1_393' title='bbox 1439 3062 1542 3115; x_wconf 90' lang='lat' dir='ltr'>amore,</span> 
     </span>
     <span class='ocr_line' id='line_1_33' title="bbox 140 3133 1682 3218; baseline -0.011 -15"><span class='ocrx_word' id='word_1_394' title='bbox 140 3143 245 3218; x_wconf 84' lang='lat' dir='ltr'>ignotis</span> <span class='ocrx_word' id='word_1_395' title='bbox 260 3142 360 3201; x_wconf 90' lang='lat' dir='ltr'>totiens</span> <span class='ocrx_word' id='word_1_396' title='bbox 372 3159 423 3215; x_wconf 91' lang='lat' dir='ltr'>per</span> <span class='ocrx_word' id='word_1_397' title='bbox 437 3143 527 3214; x_wconf 84' lang='lat' dir='ltr'>legem</span> <span class='ocrx_word' id='word_1_398' title='bbox 542 3138 655 3198; x_wconf 88' lang='lat' dir='ltr'>vocibus</span> <span class='ocrx_word' id='word_1_399' title='bbox 674 3135 791 3210; x_wconf 81' lang='lat' dir='ltr'>oppleti</span> <span class='ocrx_word' id='word_1_400' title='bbox 985 3136 1095 3194; x_wconf 83' lang='lat' dir='ltr'>Crimen</span> <span class='ocrx_word' id='word_1_401' title='bbox 1107 3133 1235 3192; x_wconf 86' lang='lat' dir='ltr'>adulterii</span> <span class='ocrx_word' id='word_1_402' title='bbox 1251 3134 1432 3202; x_wconf 85' lang='lat' dir='ltr'>committere,</span> <span class='ocrx_word' id='word_1_403' title='bbox 1448 3135 1564 3205; x_wconf 90' lang='lat' dir='ltr'>perdere</span> <span class='ocrx_word' id='word_1_404' title='bbox 1576 3133 1682 3190; x_wconf 77' lang='lat' dir='ltr'>vitam?</span> 
     </span>
     <span class='ocr_line' id='line_1_34' title="bbox 136 3220 1717 3298; baseline -0.011 -6"><span class='ocrx_word' id='word_1_405' title='bbox 136 3236 165 3292; x_wconf 92' lang='lat' dir='ltr'>Si</span> <span class='ocrx_word' id='word_1_406' title='bbox 180 3233 302 3290; x_wconf 91' lang='lat' dir='ltr'>misereri</span> <span class='ocrx_word' id='word_1_407' title='bbox 314 3233 392 3290; x_wconf 91' lang='lat' dir='ltr'>etiam</span> <span class='ocrx_word' id='word_1_408' title='bbox 406 3232 478 3289; x_wconf 89' lang='lat' dir='ltr'>venit</span> <span class='ocrx_word' id='word_1_409' title='bbox 492 3234 520 3286; x_wconf 92' lang='lat' dir='ltr'>et</span> <span class='ocrx_word' id='word_1_410' title='bbox 533 3243 689 3286; x_wconf 88' lang='lat' dir='ltr'>succurrere</span> <span class='ocrx_word' id='word_1_411' title='bbox 702 3224 816 3289; x_wconf 88' lang='lat' dir='ltr'>eunctis,</span> <span class='ocrx_word' id='word_1_412' title='bbox 986 3227 1020 3282; x_wconf 88' lang='lat' dir='ltr'>Et</span> <span class='ocrx_word' id='word_1_413' title='bbox 1033 3240 1195 3298; x_wconf 89' lang='lat' dir='ltr'>quamquam</span> <span class='ocrx_word' id='word_1_414' title='bbox 1210 3225 1289 3296; x_wconf 88' lang='lat' dir='ltr'>perit,</span> <span class='ocrx_word' id='word_1_415' title='bbox 1305 3224 1333 3280; x_wconf 93' lang='lat' dir='ltr'>id</span> <span class='ocrx_word' id='word_1_416' title='bbox 1349 3223 1447 3281; x_wconf 86' lang='lat' dir='ltr'>falsare</span> <span class='ocrx_word' id='word_1_417' title='bbox 1462 3222 1604 3295; x_wconf 80' lang='lat' dir='ltr'>agnomine</span> <span class='ocrx_word' id='word_1_418' title='bbox 1617 3220 1717 3279; x_wconf 73' lang='lat' dir='ltr'>verbi?</span> 
     </span>
     <span class='ocr_line' id='line_1_35' title="bbox 137 3311 1685 3394; baseline -0.011 -12"><span class='ocrx_word' id='word_1_419' title='bbox 137 3326 171 3382; x_wconf 81' lang='lat' dir='ltr'>lit</span> <span class='ocrx_word' id='word_1_420' title='bbox 186 3323 308 3381; x_wconf 85' lang='lat' dir='ltr'>relevare</span> <span class='ocrx_word' id='word_1_421' title='bbox 322 3321 399 3394; x_wconf 81' lang='lat' dir='ltr'>gravi</span> <span class='ocrx_word' id='word_1_422' title='bbox 412 3320 556 3376; x_wconf 80' lang='lat' dir='ltr'>devinctos</span> <span class='ocrx_word' id='word_1_423' title='bbox 568 3318 661 3375; x_wconf 83' lang='lat' dir='ltr'>funere</span> <span class='ocrx_word' id='word_1_424' title='bbox 675 3315 780 3382; x_wconf 86' lang='lat' dir='ltr'>mortis,</span> <span class='ocrx_word' id='word_1_425' title='bbox 986 3315 1154 3386; x_wconf 83' lang='lat' dir='ltr'>Quapropter</span> <span class='ocrx_word' id='word_1_426' title='bbox 1168 3315 1242 3372; x_wconf 84' lang='lat' dir='ltr'>uocis</span> <span class='ocrx_word' id='word_1_427' title='bbox 1255 3321 1310 3370; x_wconf 88' lang='lat' dir='ltr'>tum</span> <span class='ocrx_word' id='word_1_428' title='bbox 1325 3313 1414 3371; x_wconf 88' lang='lat' dir='ltr'>dulcia</span> <span class='ocrx_word' id='word_1_429' title='bbox 1432 3321 1530 3370; x_wconf 91' lang='lat' dir='ltr'>cuncta</span> <span class='ocrx_word' id='word_1_430' title='bbox 1545 3311 1685 3385; x_wconf 80' lang='lat' dir='ltr'>profundit</span> 
     </span>
     <span class='ocr_line' id='line_1_36' title="bbox 137 3401 1673 3483; baseline -0.01 -11"><span class='ocrx_word' id='word_1_431' title='bbox 137 3412 235 3472; x_wconf 78' lang='lat' dir='ltr'>Carnis</span> <span class='ocrx_word' id='word_1_432' title='bbox 246 3420 274 3468; x_wconf 91' lang='lat' dir='ltr'>et</span> <span class='ocrx_word' id='word_1_433' title='bbox 286 3413 418 3469; x_wconf 88' lang='lat' dir='ltr'>obseoeno</span> <span class='ocrx_word' id='word_1_434' title='bbox 432 3408 567 3483; x_wconf 88' lang='lat' dir='ltr'>spiramen</span> <span class='ocrx_word' id='word_1_435' title='bbox 581 3408 685 3465; x_wconf 86' lang='lat' dir='ltr'>soluere</span> <span class='ocrx_word' id='word_1_436' title='bbox 697 3404 797 3474; x_wconf 88' lang='lat' dir='ltr'>vinclo,</span> <span class='ocrx_word' id='word_1_437' title='bbox 986 3403 1115 3476; x_wconf 87' lang='lat' dir='ltr'>lmpavidi</span> <span class='ocrx_word' id='word_1_438' title='bbox 1133 3402 1265 3476; x_wconf 89' lang='lat' dir='ltr'>quidquid</span> <span class='ocrx_word' id='word_1_439' title='bbox 1280 3403 1377 3474; x_wconf 90' lang='lat' dir='ltr'>placet,</span> <span class='ocrx_word' id='word_1_440' title='bbox 1392 3411 1424 3460; x_wconf 90' lang='lat' dir='ltr'>ut</span> <span class='ocrx_word' id='word_1_441' title='bbox 1437 3401 1542 3460; x_wconf 88' lang='lat' dir='ltr'>faciatis</span> <span class='ocrx_word' id='word_1_442' title='bbox 1557 3404 1673 3474; x_wconf 90' lang='lat' dir='ltr'>oportet,</span> 
     </span>
     <span class='ocr_line' id='line_1_37' title="bbox 138 3490 1601 3574; baseline -0.01 -16"><span class='ocrx_word' id='word_1_443' title='bbox 138 3503 192 3574; x_wconf 91' lang='lat' dir='ltr'>Qui</span> <span class='ocrx_word' id='word_1_444' title='bbox 205 3501 345 3558; x_wconf 87' lang='lat' dir='ltr'>cohibetur</span> <span class='ocrx_word' id='word_1_445' title='bbox 358 3501 439 3557; x_wconf 91' lang='lat' dir='ltr'>bomo</span> <span class='ocrx_word' id='word_1_446' title='bbox 453 3497 576 3566; x_wconf 87' lang='lat' dir='ltr'>interior,</span> <span class='ocrx_word' id='word_1_447' title='bbox 588 3496 713 3554; x_wconf 87' lang='lat' dir='ltr'>concisus</span> <span class='ocrx_word' id='word_1_448' title='bbox 726 3495 828 3567; x_wconf 91' lang='lat' dir='ltr'>inique,</span> <span class='ocrx_word' id='word_1_449' title='bbox 986 3496 1016 3551; x_wconf 93' lang='lat' dir='ltr'>lu</span> <span class='ocrx_word' id='word_1_450' title='bbox 1030 3493 1124 3550; x_wconf 87' lang='lat' dir='ltr'>faeiem</span> <span class='ocrx_word' id='word_1_451' title='bbox 1138 3492 1214 3558; x_wconf 88' lang='lat' dir='ltr'>casti,</span> <span class='ocrx_word' id='word_1_452' title='bbox 1230 3492 1356 3548; x_wconf 79' lang='lat' dir='ltr'>maculati</span> <span class='ocrx_word' id='word_1_453' title='bbox 1372 3490 1484 3550; x_wconf 89' lang='lat' dir='ltr'>crimine</span> <span class='ocrx_word' id='word_1_454' title='bbox 1498 3490 1601 3556; x_wconf 89' lang='lat' dir='ltr'>furtim,</span> 
     </span>
     <span class='ocr_line' id='line_1_38' title="bbox 139 3579 1622 3663; baseline -0.012 -13"><span class='ocrx_word' id='word_1_455' title='bbox 139 3594 195 3650; x_wconf 84' lang='lat' dir='ltr'>Cur</span> <span class='ocrx_word' id='word_1_456' title='bbox 209 3601 264 3648; x_wconf 72' lang='lat' dir='ltr'>nm</span> <span class='ocrx_word' id='word_1_457' title='bbox 277 3605 337 3647; x_wconf 88' lang='lat' dir='ltr'>sero</span> <span class='ocrx_word' id='word_1_458' title='bbox 359 3589 421 3663; x_wconf 89' lang='lat' dir='ltr'>pius</span> <span class='ocrx_word' id='word_1_459' title='bbox 435 3589 459 3628; x_wconf 68' lang='lat'>²⁴</span> <span class='ocrx_word' id='word_1_460' title='bbox 473 3587 599 3662; x_wconf 80' lang='lat' dir='ltr'>uigilans,</span> <span class='ocrx_word' id='word_1_461' title='bbox 618 3600 778 3657; x_wconf 89' lang='lat' dir='ltr'>semperque</span> <span class='ocrx_word' id='word_1_462' title='bbox 799 3579 934 3654; x_wconf 84' lang='lat' dir='ltr'>benignus</span> <span class='ocrx_word' id='word_1_463' title='bbox 987 3585 1043 3640; x_wconf 90' lang='lat' dir='ltr'>llac</span> <span class='ocrx_word' id='word_1_464' title='bbox 1057 3598 1138 3639; x_wconf 79' lang='lat' dir='ltr'>cause</span> <span class='ocrx_word' id='word_1_465' title='bbox 1150 3597 1201 3638; x_wconf 79' lang='lat' dir='ltr'>vos</span> <span class='ocrx_word' id='word_1_466' title='bbox 1214 3581 1352 3638; x_wconf 90' lang='lat' dir='ltr'>connubio</span> <span class='ocrx_word' id='word_1_467' title='bbox 1370 3581 1485 3654; x_wconf 84' lang='lat' dir='ltr'>privavit</span> <span class='ocrx_word' id='word_1_468' title='bbox 1497 3581 1622 3637; x_wconf 89' lang='lat' dir='ltr'>honesto.</span> 
     </span>
     <span class='ocr_line' id='line_1_39' title="bbox 138 3666 1738 3753; baseline -0.012 -14"><span class='ocrx_word' id='word_1_469' title='bbox 138 3682 192 3753; x_wconf 90' lang='lat' dir='ltr'>Qui</span> <span class='ocrx_word' id='word_1_470' title='bbox 207 3695 354 3751; x_wconf 89' lang='lat' dir='ltr'>numquam</span> <span class='ocrx_word' id='word_1_471' title='bbox 365 3679 440 3751; x_wconf 88' lang='lat' dir='ltr'>prius</span> <span class='ocrx_word' id='word_1_472' title='bbox 455 3677 566 3736; x_wconf 90' lang='lat' dir='ltr'>omniuo</span> <span class='ocrx_word' id='word_1_473' title='bbox 580 3691 609 3732; x_wconf 89' lang='lat' dir='ltr'>se</span> <span class='ocrx_word' id='word_1_474' title='bbox 623 3673 738 3748; x_wconf 78' lang='lat' dir='ltr'>prebuit</span> <span class='ocrx_word' id='word_1_475' title='bbox 749 3671 798 3728; x_wconf 90' lang='lat' dir='ltr'>ulli</span> <span class='ocrx_word' id='word_1_476' title='bbox 988 3672 1040 3728; x_wconf 90' lang='lat' dir='ltr'>Sed</span> <span class='ocrx_word' id='word_1_477' title='bbox 1053 3671 1118 3743; x_wconf 93' lang='lat' dir='ltr'>quid</span> <span class='ocrx_word' id='word_1_478' title='bbox 1133 3671 1235 3744; x_wconf 73' lang='lat' dir='ltr'>plura?</span> <span class='ocrx_word' id='word_1_479' title='bbox 1248 3670 1318 3727; x_wconf 92' lang='lat' dir='ltr'>bene</span> <span class='ocrx_word' id='word_1_480' title='bbox 1333 3676 1376 3727; x_wconf 90' lang='lat' dir='ltr'>est</span> <span class='ocrx_word' id='word_1_481' title='bbox 1389 3669 1538 3739; x_wconf 87' lang='lat' dir='ltr'>disjunctos</span> <span class='ocrx_word' id='word_1_482' title='bbox 1553 3666 1654 3723; x_wconf 88' lang='lat' dir='ltr'>scilieet</span> <span class='ocrx_word' id='word_1_483' title='bbox 1665 3679 1738 3730; x_wconf 88' lang='lat' dir='ltr'>esse,</span> 
     </span>
     <span class='ocr_line' id='line_1_40' title="bbox 138 3755 1651 3835; baseline -0.012 -7"><span class='ocrx_word' id='word_1_484' title='bbox 138 3770 319 3828; x_wconf 76' lang='lat' dir='ltr'>Transmissis</span> <span class='ocrx_word' id='word_1_485' title='bbox 336 3783 451 3825; x_wconf 89' lang='lat' dir='ltr'>numero</span> <span class='ocrx_word' id='word_1_486' title='bbox 469 3766 575 3823; x_wconf 73' lang='lat' dir='ltr'>alienos</span> <span class='ocrx_word' id='word_1_487' title='bbox 588 3780 636 3822; x_wconf 91' lang='lat' dir='ltr'>ore</span> <span class='ocrx_word' id='word_1_488' title='bbox 651 3762 800 3835; x_wconf 89' lang='lat' dir='ltr'>requirens,</span> <span class='ocrx_word' id='word_1_489' title='bbox 989 3759 1107 3834; x_wconf 85' lang='lat' dir='ltr'>Expedit</span> <span class='ocrx_word' id='word_1_490' title='bbox 1120 3768 1148 3816; x_wconf 91' lang='lat' dir='ltr'>et</span> <span class='ocrx_word' id='word_1_491' title='bbox 1162 3759 1274 3829; x_wconf 91' lang='lat' dir='ltr'>mundo,</span> <span class='ocrx_word' id='word_1_492' title='bbox 1291 3774 1326 3817; x_wconf 90' lang='lat' dir='ltr'>ne</span> <span class='ocrx_word' id='word_1_493' title='bbox 1338 3758 1422 3816; x_wconf 82' lang='lat' dir='ltr'>vestri</span> <span class='ocrx_word' id='word_1_494' title='bbox 1436 3755 1567 3832; x_wconf 88' lang='lat' dir='ltr'>genuinis</span> <span class='ocrx_word' id='word_1_495' title='bbox 1580 3755 1651 3812; x_wconf 91' lang='lat' dir='ltr'>nllus</span> 
     </span>
     <span class='ocr_line' id='line_1_41' title="bbox 138 3844 1646 3935; baseline -0.013 -16"><span class='ocrx_word' id='word_1_496' title='bbox 138 3862 283 3935; x_wconf 84' lang='lat' dir='ltr'>Nunquam</span> <span class='ocrx_word' id='word_1_497' title='bbox 296 3865 476 3930; x_wconf 82' lang='lat' dir='ltr'>exspectatus,</span> <span class='ocrx_word' id='word_1_498' title='bbox 490 3870 552 3927; x_wconf 88' lang='lat' dir='ltr'>non</span> <span class='ocrx_word' id='word_1_499' title='bbox 565 3865 656 3921; x_wconf 87' lang='lat' dir='ltr'>notus,</span> <span class='ocrx_word' id='word_1_500' title='bbox 674 3853 774 3908; x_wconf 87' lang='lat' dir='ltr'>missus</span> <span class='ocrx_word' id='word_1_501' title='bbox 787 3851 815 3906; x_wconf 92' lang='lat' dir='ltr'>in</span> <span class='ocrx_word' id='word_1_502' title='bbox 828 3849 934 3907; x_wconf 91' lang='lat' dir='ltr'>orbem.</span> <span class='ocrx_word' id='word_1_503' title='bbox 988 3851 1131 3922; x_wconf 86' lang='lat' dir='ltr'>Nascatur,</span> <span class='ocrx_word' id='word_1_504' title='bbox 1143 3849 1251 3907; x_wconf 77' lang='lat' dir='ltr'>tandem</span> <span class='ocrx_word' id='word_1_505' title='bbox 1266 3850 1412 3907; x_wconf 86' lang='lat' dir='ltr'>cessabunt</span> <span class='ocrx_word' id='word_1_506' title='bbox 1425 3863 1529 3922; x_wconf 86' lang='lat' dir='ltr'>organa</span> <span class='ocrx_word' id='word_1_507' title='bbox 1543 3844 1646 3902; x_wconf 87' lang='lat' dir='ltr'>mortis.</span> 
     </span>
    </p>
   </div>
   <div class='ocr_carea' id='block_1_3' title="bbox 449 3996 1482 4103">
    <p class='ocr_par' dir='ltr' id='par_1_3' title="bbox 449 3996 1482 4103">
     <span class='ocr_line' id='line_1_42' title="bbox 449 3996 1482 4103; baseline 0.036 -41"><span class='ocrx_word' id='word_1_508' title='bbox 449 3996 562 4055; x_wconf 69' lang='lat' dir='ltr'>CAPUT</span> <span class='ocrx_word' id='word_1_509' title='bbox 578 3996 624 4051; x_wconf 85' lang='lat'>¹11·</span> <span class='ocrx_word' id='word_1_510' title='bbox 1297 4044 1411 4103; x_wconf 78' lang='lat' dir='ltr'>creor</span> <span class='ocrx_word' id='word_1_511' title='bbox 1434 4044 1482 4100; x_wconf 80' lang='lat' dir='ltr'>ru.</span> 
     </span>
    </p>
   </div>
   <div class='ocr_carea' id='block_1_4' title="bbox 143 4115 1790 4285">
    <p class='ocr_par' dir='ltr' id='par_1_4' title="bbox 143 4115 1790 4285">
     <span class='ocr_line' id='line_1_43' title="bbox 178 4115 940 4197; baseline -0.016 -15"><span class='ocrx_word' id='word_1_512' title='bbox 178 4126 359 4183; x_wconf 73' lang='lat' dir='ltr'>Petorovem</span> <span class='ocrx_word' id='word_1_513' title='bbox 374 4139 497 4197; x_wconf 86' lang='lat' dir='ltr'>quaerens</span> <span class='ocrx_word' id='word_1_514' title='bbox 507 4122 574 4194; x_wconf 77' lang='lat' dir='ltr'>(lt),</span> <span class='ocrx_word' id='word_1_515' title='bbox 586 4134 664 4193; x_wconf 85' lang='lat' dir='ltr'>quum</span> <span class='ocrx_word' id='word_1_516' title='bbox 675 4133 731 4174; x_wconf 90' lang='lat' dir='ltr'>non</span> <span class='ocrx_word' id='word_1_517' title='bbox 743 4115 870 4173; x_wconf 84' lang='lat' dir='ltr'>amiserat</span> <span class='ocrx_word' id='word_1_518' title='bbox 878 4122 940 4173; x_wconf 88' lang='lat' dir='ltr'>ante</span> 
     </span>
     <span class='ocr_line' id='line_1_44' title="bbox 143 4160 1790 4285; baseline -0.018 -13"><span class='ocrx_word' id='word_1_519' title='bbox 143 4215 243 4272; x_wconf 88' lang='lat' dir='ltr'>Debuit</span> <span class='ocrx_word' id='word_1_520' title='bbox 256 4224 354 4271; x_wconf 81' lang='lat' dir='ltr'>erutus</span> <span class='ocrx_word' id='word_1_521' title='bbox 369 4229 488 4284; x_wconf 74' lang='lat' dir='ltr'>curnem,</span> <span class='ocrx_word' id='word_1_522' title='bbox 502 4210 580 4285; x_wconf 85' lang='lat' dir='ltr'>qnasi</span> <span class='ocrx_word' id='word_1_523' title='bbox 594 4211 680 4270; x_wconf 84' lang='lat' dir='ltr'>vietor</span> <span class='ocrx_word' id='word_1_524' title='bbox 693 4215 721 4265; x_wconf 90' lang='lat' dir='ltr'>et</span> <span class='ocrx_word' id='word_1_525' title='bbox 730 4207 754 4246; x_wconf 83' lang='lat'>²³</span> <span class='ocrx_word' id='word_1_526' title='bbox 768 4205 827 4277; x_wconf 90' lang='lat' dir='ltr'>ipse</span> <span class='ocrx_word' id='word_1_527' title='bbox 956 4160 979 4239; x_wconf 70' lang='lat' dir='ltr'>n</span> <span class='ocrx_word' id='word_1_528' title='bbox 1031 4201 1135 4255; x_wconf 78' lang='lat' dir='ltr'>l’nrtem</span> <span class='ocrx_word' id='word_1_529' title='bbox 1148 4195 1275 4263; x_wconf 90' lang='lat' dir='ltr'>hominis,</span> <span class='ocrx_word' id='word_1_530' title='bbox 1301 4194 1364 4249; x_wconf 92' lang='lat' dir='ltr'>dum</span> <span class='ocrx_word' id='word_1_531' title='bbox 1389 4193 1504 4266; x_wconf 85' lang='lat' dir='ltr'>speretis</span> <span class='ocrx_word' id='word_1_532' title='bbox 1519 4193 1640 4250; x_wconf 88' lang='lat' dir='ltr'>retinere</span> <span class='ocrx_word' id='word_1_533' title='bbox 1662 4191 1790 4255; x_wconf 91' lang='lat' dir='ltr'>salutem,</span> 
     </span>
    </p>
   </div>
   <div class='ocr_carea' id='block_1_5' title="bbox 143 4279 1651 4379">
    <p class='ocr_par' dir='ltr' id='par_1_5' title="bbox 143 4279 1651 4379">
     <span class='ocr_line' id='line_1_45' title="bbox 143 4279 1651 4379; baseline -0.019 -18"><span class='ocrx_word' id='word_1_534' title='bbox 143 4305 271 4379; x_wconf 89' lang='lat' dir='ltr'>Spiritus,</span> <span class='ocrx_word' id='word_1_535' title='bbox 287 4313 316 4360; x_wconf 91' lang='lat' dir='ltr'>ut</span> <span class='ocrx_word' id='word_1_536' title='bbox 329 4304 416 4360; x_wconf 91' lang='lat' dir='ltr'>fuerat</span> <span class='ocrx_word' id='word_1_537' title='bbox 428 4317 544 4373; x_wconf 88' lang='lat' dir='ltr'>semper,</span> <span class='ocrx_word' id='word_1_538' title='bbox 560 4299 680 4372; x_wconf 79' lang='lat' dir='ltr'>talesque</span> <span class='ocrx_word' id='word_1_539' title='bbox 694 4297 809 4366; x_wconf 80' lang='lat' dir='ltr'>nolebat,</span> <span class='ocrx_word' id='word_1_540' title='bbox 994 4288 1076 4345; x_wconf 86' lang='lat' dir='ltr'>&#39;lotus</span> <span class='ocrx_word' id='word_1_541' title='bbox 1087 4288 1169 4342; x_wconf 89' lang='lat' dir='ltr'>homo</span> <span class='ocrx_word' id='word_1_542' title='bbox 1183 4293 1271 4341; x_wconf 79' lang='lat' dir='ltr'>uester</span> <span class='ocrx_word' id='word_1_543' title='bbox 1284 4282 1409 4352; x_wconf 91' lang='lat' dir='ltr'>deperdit</span> <span class='ocrx_word' id='word_1_544' title='bbox 1426 4289 1516 4337; x_wconf 91' lang='lat' dir='ltr'>mente</span> <span class='ocrx_word' id='word_1_545' title='bbox 1530 4279 1651 4352; x_wconf 83' lang='lat' dir='ltr'>profana,</span> 
     </span>
    </p>
   </div>
   <div class='ocr_carea' id='block_1_6' title="bbox 827 4415 1100 4480">
    <p class='ocr_par' dir='ltr' id='par_1_6' title="bbox 827 4415 1100 4480">
     <span class='ocr_line' id='line_1_46' title="bbox 827 4415 1100 4480; baseline -0.029 -2"><span class='ocrx_word' id='word_1_546' title='bbox 827 4416 923 4480; x_wconf 82' lang='lat' dir='ltr'>Variae</span> <span class='ocrx_word' id='word_1_547' title='bbox 943 4415 1100 4478; x_wconf 71' lang='lat' dir='ltr'>lectiones,</span> 
     </span>
    </p>
   </div>
   <div class='ocr_carea' id='block_1_7' title="bbox 187 4552 1092 4742">
    <p class='ocr_par' dir='ltr' id='par_1_7' title="bbox 187 4552 1092 4742">
     <span class='ocr_line' id='line_1_47' title="bbox 187 4552 904 4630; baseline -0.031 -2"><span class='ocrx_word' id='word_1_548' title='bbox 187 4573 211 4612; x_wconf 75' lang='lat'>²⁴</span> <span class='ocrx_word' id='word_1_549' title='bbox 224 4570 305 4627; x_wconf 89' lang='lat' dir='ltr'>Prius</span> <span class='ocrx_word' id='word_1_550' title='bbox 320 4568 410 4626; x_wconf 82' lang='lat' dir='ltr'>l’orie.</span> <span class='ocrx_word' id='word_1_551' title='bbox 427 4567 451 4605; x_wconf 83' lang='lat'>²⁵</span> <span class='ocrx_word' id='word_1_552' title='bbox 466 4564 499 4622; x_wconf 88' lang='lat' dir='ltr'>Ut</span> <span class='ocrx_word' id='word_1_553' title='bbox 515 4564 606 4622; x_wconf 87' lang='lat' dir='ltr'>Obert.</span> <span class='ocrx_word' id='word_1_554' title='bbox 621 4559 646 4599; x_wconf 75' lang='lat'>²⁶</span> <span class='ocrx_word' id='word_1_555' title='bbox 659 4555 797 4630; x_wconf 90' lang='lat' dir='ltr'>Quosdam</span> <span class='ocrx_word' id='word_1_556' title='bbox 813 4552 904 4613; x_wconf 86' lang='lat' dir='ltr'>Obert.</span> 
     </span>
     <span class='ocr_line' id='line_1_48' title="bbox 842 4672 1092 4742; baseline -0.04 -1"><span class='ocrx_word' id='word_1_557' title='bbox 842 4672 1092 4742; x_wconf 81' lang='lat' dir='ltr'>commentarius.</span> 
     </span>
    </p>
   </div>
   <div class='ocr_carea' id='block_1_8' title="bbox 151 4799 1735 4968">
    <p class='ocr_par' dir='ltr' id='par_1_8' title="bbox 151 4799 1735 4968">
     <span class='ocr_line' id='line_1_49' title="bbox 151 4799 1497 4891; baseline -0.034 -9"><span class='ocrx_word' id='word_1_558' title='bbox 151 4825 217 4882; x_wconf 85' lang='lat' dir='ltr'>ndo.</span> <span class='ocrx_word' id='word_1_559' title='bbox 235 4823 320 4881; x_wconf 84' lang='lat' dir='ltr'>llere.</span> <span class='ocrx_word' id='word_1_560' title='bbox 337 4815 534 4891; x_wconf 84' lang='lat' dir='ltr'>Castigavimus</span> <span class='ocrx_word' id='word_1_561' title='bbox 549 4820 640 4870; x_wconf 89' lang='lat' dir='ltr'>autom</span> <span class='ocrx_word' id='word_1_562' title='bbox 656 4817 711 4865; x_wconf 92' lang='lat' dir='ltr'>tum</span> <span class='ocrx_word' id='word_1_563' title='bbox 730 4807 758 4863; x_wconf 93' lang='lat' dir='ltr'>iu</span> <span class='ocrx_word' id='word_1_564' title='bbox 780 4799 948 4878; x_wconf 80' lang='lat' dir='ltr'>argumentis</span> <span class='ocrx_word' id='word_1_565' title='bbox 1088 4870 1093 4880; x_wconf 26' lang='grc' dir='ltr'>ι</span> <span class='ocrx_word' id='word_1_566' title='bbox 1275 4866 1280 4877; x_wconf 40' lang='grc' dir='ltr'>Ι</span> <span class='ocrx_word' id='word_1_567' title='bbox 1443 4833 1445 4836; x_wconf 94' lang='grc'>.</span> <span class='ocrx_word' id='word_1_568' title='bbox 1492 4864 1497 4873; x_wconf 33' lang='grc'><em>·</em></span> 
     </span>
     <span class='ocr_line' id='line_1_50' title="bbox 151 4860 1735 4968; baseline -0.028 -16"><span class='ocrx_word' id='word_1_569' title='bbox 151 4894 269 4968; x_wconf 86' lang='lat' dir='ltr'>singulis</span> <span class='ocrx_word' id='word_1_570' title='bbox 283 4892 362 4948; x_wconf 92' lang='lat' dir='ltr'>libris</span> <span class='ocrx_word' id='word_1_571' title='bbox 377 4887 507 4964; x_wconf 76' lang='lat' dir='ltr'>praefixis,</span> <span class='ocrx_word' id='word_1_572' title='bbox 520 4897 576 4941; x_wconf 92' lang='lat' dir='ltr'>tum</span> <span class='ocrx_word' id='word_1_573' title='bbox 586 4886 638 4940; x_wconf 90' lang='lat' dir='ltr'>boc</span> <span class='ocrx_word' id='word_1_574' title='bbox 653 4884 711 4939; x_wconf 91' lang='lat' dir='ltr'>loco</span> <span class='ocrx_word' id='word_1_575' title='bbox 728 4897 734 4933; x_wconf 91' lang='lat'>:</span> <span class='ocrx_word' id='word_1_576' title='bbox 754 4877 867 4948; x_wconf 79' lang='lat' dir='ltr'>rlnque</span> <span class='ocrx_word' id='word_1_577' title='bbox 878 4886 948 4929; x_wconf 80' lang='lat' dir='ltr'>noso</span> <span class='ocrx_word' id='word_1_578' title='bbox 1065 4870 1112 4920; x_wconf 86' lang='lat' dir='ltr'>vrx</span> <span class='ocrx_word' id='word_1_579' title='bbox 1129 4869 1247 4918; x_wconf 84' lang='lat' dir='ltr'>mundum</span> <span class='ocrx_word' id='word_1_580' title='bbox 1263 4866 1374 4928; x_wconf 81' lang='lat' dir='ltr'>linquam</span> <span class='ocrx_word' id='word_1_581' title='bbox 1390 4876 1513 4915; x_wconf 79' lang='lat' dir='ltr'>sermonis</span> <span class='ocrx_word' id='word_1_582' title='bbox 1528 4860 1604 4926; x_wconf 87' lang='lat' dir='ltr'>eulpa</span> <span class='ocrx_word' id='word_1_583' title='bbox 1620 4866 1735 4910; x_wconf 85' lang='lat' dir='ltr'>reservet.</span> 
     </span>
    </p>
   </div>
   <div class='ocr_carea' id='block_1_9' title="bbox 150 4945 1801 5257">
    <p class='ocr_par' dir='ltr' id='par_1_9' title="bbox 150 4945 1801 5257">
     <span class='ocr_line' id='line_1_51' title="bbox 150 4945 1329 5039; baseline -0.025 -15"><span class='ocrx_word' id='word_1_584' title='bbox 150 4968 227 5024; x_wconf 88' lang='lat' dir='ltr'>Deus</span> <span class='ocrx_word' id='word_1_585' title='bbox 248 4980 308 5039; x_wconf 81' lang='lat' dir='ltr'>qnae</span> <span class='ocrx_word' id='word_1_586' title='bbox 332 4963 445 5025; x_wconf 88' lang='lat' dir='ltr'>foederc,</span> <span class='ocrx_word' id='word_1_587' title='bbox 477 4965 568 5015; x_wconf 79' lang='lat' dir='ltr'>«ete.</span> <span class='ocrx_word' id='word_1_588' title='bbox 596 4969 645 5027; x_wconf 92' lang='lat' dir='ltr'>pro</span> <span class='ocrx_word' id='word_1_589' title='bbox 666 4954 752 5016; x_wconf 83' lang='lat' dir='ltr'>Dinis,</span> <span class='ocrx_word' id='word_1_590' title='bbox 773 4952 802 5005; x_wconf 91' lang='lat' dir='ltr'>et</span> <span class='ocrx_word' id='word_1_591' title='bbox 833 4945 950 5026; x_wconf 81' lang='lat' dir='ltr'>pineolo</span> <span class='ocrx_word' id='word_1_592' title='bbox 1140 5022 1144 5031; x_wconf 27' lang='lat'>¹</span> <span class='ocrx_word' id='word_1_593' title='bbox 1249 5017 1255 5030; x_wconf 87' lang='lat'>.</span> <span class='ocrx_word' id='word_1_594' title='bbox 1325 5014 1329 5023; x_wconf 28' lang='lat'><em>·</em></span> 
     </span>
     <span class='ocr_line' id='line_1_52' title="bbox 155 5015 1800 5110; baseline -0.016 -17"><span class='ocrx_word' id='word_1_595' title='bbox 155 5040 222 5110; x_wconf 79' lang='lat' dir='ltr'>lepis</span> <span class='ocrx_word' id='word_1_596' title='bbox 250 5050 299 5109; x_wconf 92' lang='lat' dir='ltr'>pro</span> <span class='ocrx_word' id='word_1_597' title='bbox 314 5036 397 5108; x_wconf 80' lang='lat' dir='ltr'>repis.</span> <span class='ocrx_word' id='word_1_598' title='bbox 418 5031 593 5102; x_wconf 90' lang='lat' dir='ltr'>Optassemus</span> <span class='ocrx_word' id='word_1_599' title='bbox 608 5025 689 5084; x_wconf 88' lang='lat' dir='ltr'>etiarn</span> <span class='ocrx_word' id='word_1_600' title='bbox 703 5038 767 5077; x_wconf 89' lang='lat' dir='ltr'>mss.</span> <span class='ocrx_word' id='word_1_601' title='bbox 787 5018 951 5088; x_wconf 82' lang='lat' dir='ltr'>exemplaria</span> <span class='ocrx_word' id='word_1_602' title='bbox 1004 5024 1065 5091; x_wconf 88' lang='lat' dir='ltr'>Quo</span> <span class='ocrx_word' id='word_1_603' title='bbox 1081 5027 1196 5093; x_wconf 81' lang='lat' dir='ltr'>pertinet</span> <span class='ocrx_word' id='word_1_604' title='bbox 1220 5023 1300 5076; x_wconf 82' lang='lat' dir='ltr'>etiam</span> <span class='ocrx_word' id='word_1_605' title='bbox 1323 5015 1388 5071; x_wconf 90' lang='lat' dir='ltr'>rllud</span> <span class='ocrx_word' id='word_1_606' title='bbox 1413 5034 1421 5069; x_wconf 72' lang='grc' dir='ltr'>ι</span> <span class='ocrx_word' id='word_1_607' title='bbox 1451 5038 1462 5067; x_wconf 80' lang='lat' dir='ltr'>r</span> <span class='ocrx_word' id='word_1_608' title='bbox 1490 5015 1609 5086; x_wconf 77' lang='lat' dir='ltr'>bnerprti</span> <span class='ocrx_word' id='word_1_609' title='bbox 1636 5027 1800 5096; x_wconf 75' lang='lat' dir='ltr'>quamquem</span> 
     </span>
     <span class='ocr_line' id='line_1_53' title="bbox 153 5078 1801 5178; baseline -0.018 -10"><span class='ocrx_word' id='word_1_610' title='bbox 153 5112 188 5168; x_wconf 91' lang='lat' dir='ltr'>ad</span> <span class='ocrx_word' id='word_1_611' title='bbox 214 5078 464 5178; x_wconf 68' lang='lat' dir='ltr'>recognoscendum</span> <span class='ocrx_word' id='word_1_612' title='bbox 478 5104 549 5174; x_wconf 89' lang='lat' dir='ltr'>quod</span> <span class='ocrx_word' id='word_1_613' title='bbox 565 5099 609 5156; x_wconf 89' lang='lat' dir='ltr'>lrie</span> <span class='ocrx_word' id='word_1_614' title='bbox 621 5096 701 5154; x_wconf 87' lang='lat' dir='ltr'>affert</span> <span class='ocrx_word' id='word_1_615' title='bbox 711 5095 746 5150; x_wconf 92' lang='lat' dir='ltr'>dc</span> <span class='ocrx_word' id='word_1_616' title='bbox 763 5093 831 5149; x_wconf 86' lang='lat' dir='ltr'>libro</span> <span class='ocrx_word' id='word_1_617' title='bbox 846 5089 952 5156; x_wconf 86' lang='lat' dir='ltr'>tertio,·</span> <span class='ocrx_word' id='word_1_618' title='bbox 1005 5109 1065 5150; x_wconf 85' lang='lat' dir='ltr'>rum</span> <span class='ocrx_word' id='word_1_619' title='bbox 1093 5092 1214 5147; x_wconf 88' lang='lat' dir='ltr'>erimine.</span> <span class='ocrx_word' id='word_1_620' title='bbox 1238 5109 1251 5141; x_wconf 75' lang='grc' dir='ltr'>ι</span> <span class='ocrx_word' id='word_1_621' title='bbox 1281 5088 1349 5143; x_wconf 88' lang='lat' dir='ltr'>Sunt</span> <span class='ocrx_word' id='word_1_622' title='bbox 1375 5095 1465 5143; x_wconf 80' lang='lat' dir='ltr'>nutem</span> <span class='ocrx_word' id='word_1_623' title='bbox 1492 5103 1584 5141; x_wconf 87' lang='lat' dir='ltr'>rursus</span> <span class='ocrx_word' id='word_1_624' title='bbox 1612 5086 1801 5143; x_wconf 86' lang='lat' dir='ltr'>Trrtrrllranren</span> 
     </span>
     <span class='ocr_line' id='line_1_54' title="bbox 154 5160 1624 5257; baseline -0.024 -19"><span class='ocrx_word' id='word_1_625' title='bbox 154 5181 230 5257; x_wconf 93' lang='lat' dir='ltr'>quod</span> <span class='ocrx_word' id='word_1_626' title='bbox 245 5178 312 5236; x_wconf 88' lang='lat' dir='ltr'>adeo</span> <span class='ocrx_word' id='word_1_627' title='bbox 325 5193 387 5234; x_wconf 91' lang='lat' dir='ltr'>cum</span> <span class='ocrx_word' id='word_1_628' title='bbox 402 5174 548 5232; x_wconf 88' lang='lat' dir='ltr'>obscurum</span> <span class='ocrx_word' id='word_1_629' title='bbox 565 5178 648 5237; x_wconf 90' lang='lat' dir='ltr'>esset,</span> <span class='ocrx_word' id='word_1_630' title='bbox 663 5176 689 5224; x_wconf 89' lang='lat' dir='ltr'>et</span> <span class='ocrx_word' id='word_1_631' title='bbox 705 5164 826 5222; x_wconf 88' lang='lat' dir='ltr'>fortassis</span> <span class='ocrx_word' id='word_1_632' title='bbox 839 5175 952 5230; x_wconf 89' lang='lat' dir='ltr'>corrup·</span> <span class='ocrx_word' id='word_1_633' title='bbox 1007 5165 1133 5231; x_wconf 70' lang='lat' dir='ltr'>inlicita,</span> <span class='ocrx_word' id='word_1_634' title='bbox 1151 5162 1280 5232; x_wconf 68' lang='lat' dir='ltr'>prodirem</span> <span class='ocrx_word' id='word_1_635' title='bbox 1294 5160 1396 5224; x_wconf 72' lang='lat' dir='ltr'>ultima,</span> <span class='ocrx_word' id='word_1_636' title='bbox 1411 5168 1437 5214; x_wconf 76' lang='lat' dir='ltr'>er</span> <span class='ocrx_word' id='word_1_637' title='bbox 1451 5160 1624 5217; x_wconf 65' lang='lat' dir='ltr'>contamine,</span> 
     </span>
    </p>
   </div>
   <div class='ocr_carea' id='block_1_10' title="bbox 156 5228 1802 5373">
    <p class='ocr_par' dir='ltr' id='par_1_10' title="bbox 156 5228 1802 5373">
     <span class='ocr_line' id='line_1_55' title="bbox 156 5228 1802 5373; baseline -0.026 -55"><span class='ocrx_word' id='word_1_638' title='bbox 156 5264 224 5315; x_wconf 77' lang='lat' dir='ltr'>tum·</span> <span class='ocrx_word' id='word_1_639' title='bbox 242 5257 402 5316; x_wconf 80' lang='lat' dir='ltr'>argumento</span> <span class='ocrx_word' id='word_1_640' title='bbox 417 5261 499 5373; x_wconf 40' lang='lat' dir='ltr'>supra</span> <span class='ocrx_word' id='word_1_641' title='bbox 517 5257 572 5298; x_wconf 93' lang='lat' dir='ltr'>non</span> <span class='ocrx_word' id='word_1_642' title='bbox 589 5239 708 5311; x_wconf 86' lang='lat' dir='ltr'>adjunxi.</span> <span class='ocrx_word' id='word_1_643' title='bbox 1045 5238 1101 5306; x_wconf 78' lang='lat'>(73)</span> <span class='ocrx_word' id='word_1_644' title='bbox 1113 5238 1212 5292; x_wconf 82' lang='lat' dir='ltr'>Pastor·</span> <span class='ocrx_word' id='word_1_645' title='bbox 1222 5249 1300 5293; x_wconf 78' lang='lat' dir='ltr'>obern</span> <span class='ocrx_word' id='word_1_646' title='bbox 1311 5248 1448 5304; x_wconf 73' lang='lat' dir='ltr'>querens,</span> <span class='ocrx_word' id='word_1_647' title='bbox 1458 5241 1509 5287; x_wconf 90' lang='lat' dir='ltr'>etc.</span> <span class='ocrx_word' id='word_1_648' title='bbox 1521 5229 1605 5298; x_wconf 83' lang='lat' dir='ltr'>Quasi</span> <span class='ocrx_word' id='word_1_649' title='bbox 1622 5228 1693 5284; x_wconf 92' lang='lat' dir='ltr'>aliod</span> <span class='ocrx_word' id='word_1_650' title='bbox 1708 5242 1802 5297; x_wconf 79' lang='lat' dir='ltr'>egens,</span> 
     </span>
    </p>
   </div>
   <div class='ocr_carea' id='block_1_11' title="bbox 159 5297 1804 5538">
    <p class='ocr_par' dir='ltr' id='par_1_11' title="bbox 159 5297 1804 5538">
     <span class='ocr_line' id='line_1_56' title="bbox 192 5297 1803 5396; baseline -0.019 -16"><span class='ocrx_word' id='word_1_651' title='bbox 192 5324 251 5396; x_wconf 70' lang='lat' dir='ltr'>(lt)</span> <span class='ocrx_word' id='word_1_652' title='bbox 266 5321 440 5392; x_wconf 69' lang='lat' dir='ltr'>nequamus</span> <span class='ocrx_word' id='word_1_653' title='bbox 470 5321 551 5378; x_wconf 82' lang='lat' dir='ltr'>ostes.</span> <span class='ocrx_word' id='word_1_654' title='bbox 562 5320 612 5369; x_wconf 82' lang='lat' dir='ltr'>elc-</span> <span class='ocrx_word' id='word_1_655' title='bbox 635 5310 748 5391; x_wconf 84' lang='lat' dir='ltr'>Pulcher</span> <span class='ocrx_word' id='word_1_656' title='bbox 762 5305 837 5386; x_wconf 44' lang='lat'><strong>{0⁰⁰8</strong></span> <span class='ocrx_word' id='word_1_657' title='bbox 860 5307 955 5360; x_wconf 92' lang='lat' dir='ltr'>contra</span> <span class='ocrx_word' id='word_1_658' title='bbox 1009 5308 1097 5365; x_wconf 88' lang='lat' dir='ltr'>ndlruc</span> <span class='ocrx_word' id='word_1_659' title='bbox 1121 5305 1270 5387; x_wconf 82' lang='lat' dir='ltr'>persistens</span> <span class='ocrx_word' id='word_1_660' title='bbox 1285 5303 1312 5360; x_wconf 92' lang='lat' dir='ltr'>in</span> <span class='ocrx_word' id='word_1_661' title='bbox 1331 5303 1511 5385; x_wconf 79' lang='lat' dir='ltr'>absurditnte,</span> <span class='ocrx_word' id='word_1_662' title='bbox 1527 5318 1588 5372; x_wconf 81' lang='lat' dir='ltr'>quae</span> <span class='ocrx_word' id='word_1_663' title='bbox 1603 5300 1689 5381; x_wconf 84' lang='lat' dir='ltr'>oritur</span> <span class='ocrx_word' id='word_1_664' title='bbox 1703 5315 1736 5354; x_wconf 82' lang='lat' dir='ltr'>ex</span> <span class='ocrx_word' id='word_1_665' title='bbox 1751 5297 1803 5351; x_wconf 92' lang='lat' dir='ltr'>deo</span> 
     </span>
     <span class='ocr_line' id='line_1_57' title="bbox 159 5371 1804 5467; baseline -0.018 -16"><span class='ocrx_word' id='word_1_666' title='bbox 159 5409 208 5452; x_wconf 88' lang='lat' dir='ltr'>eos</span> <span class='ocrx_word' id='word_1_667' title='bbox 222 5396 268 5467; x_wconf 92' lang='lat' dir='ltr'>qui</span> <span class='ocrx_word' id='word_1_668' title='bbox 278 5393 395 5448; x_wconf 88' lang='lat' dir='ltr'>libenter</span> <span class='ocrx_word' id='word_1_669' title='bbox 409 5394 551 5446; x_wconf 87' lang='lat' dir='ltr'>versantur</span> <span class='ocrx_word' id='word_1_670' title='bbox 560 5384 586 5440; x_wconf 91' lang='lat' dir='ltr'>iu</span> <span class='ocrx_word' id='word_1_671' title='bbox 598 5382 676 5437; x_wconf 80' lang='lat' dir='ltr'>libris</span> <span class='ocrx_word' id='word_1_672' title='bbox 686 5382 884 5462; x_wconf 68' lang='lat' dir='ltr'>baereticorum,</span> <span class='ocrx_word' id='word_1_673' title='bbox 895 5388 955 5428; x_wconf 83' lang='lat' dir='ltr'>eunt</span> <span class='ocrx_word' id='word_1_674' title='bbox 1009 5395 1092 5460; x_wconf 85' lang='lat' dir='ltr'>novo,</span> <span class='ocrx_word' id='word_1_675' title='bbox 1106 5385 1200 5433; x_wconf 81' lang='lat' dir='ltr'>transit</span> <span class='ocrx_word' id='word_1_676' title='bbox 1214 5377 1245 5430; x_wconf 89' lang='lat' dir='ltr'>ud</span> <span class='ocrx_word' id='word_1_677' title='bbox 1259 5374 1490 5456; x_wconf 77' lang='lat' dir='ltr'>confirmationem</span> <span class='ocrx_word' id='word_1_678' title='bbox 1509 5371 1725 5452; x_wconf 69' lang='lat' dir='ltr'>eorrrrubrorum,</span> <span class='ocrx_word' id='word_1_679' title='bbox 1742 5382 1804 5438; x_wconf 84' lang='lat' dir='ltr'>quae</span> 
     </span>
     <span class='ocr_line' id='line_1_58' title="bbox 159 5441 1804 5538; baseline -0.016 -16"><span class='ocrx_word' id='word_1_680' title='bbox 159 5467 202 5524; x_wconf 84' lang='lat' dir='ltr'>uel</span> <span class='ocrx_word' id='word_1_681' title='bbox 217 5466 246 5522; x_wconf 91' lang='lat' dir='ltr'>in</span> <span class='ocrx_word' id='word_1_682' title='bbox 260 5461 432 5538; x_wconf 88' lang='lat' dir='ltr'>argumentis</span> <span class='ocrx_word' id='word_1_683' title='bbox 448 5474 542 5517; x_wconf 84' lang='lat' dir='ltr'>eorum</span> <span class='ocrx_word' id='word_1_684' title='bbox 557 5452 741 5520; x_wconf 76' lang='lat' dir='ltr'>confutandts,</span> <span class='ocrx_word' id='word_1_685' title='bbox 761 5451 804 5505; x_wconf 74' lang='lat'><strong>¹1¹0</strong></span> <span class='ocrx_word' id='word_1_686' title='bbox 819 5455 885 5503; x_wconf 74' lang='lat' dir='ltr'>lesit!</span> <span class='ocrx_word' id='word_1_687' title='bbox 900 5446 952 5501; x_wconf 68' lang='lat' dir='ltr'>Ter</span> <span class='ocrx_word' id='word_1_688' title='bbox 1006 5453 1124 5507; x_wconf 86' lang='lat' dir='ltr'>blarcron</span> <span class='ocrx_word' id='word_1_689' title='bbox 1140 5450 1293 5521; x_wconf 89' lang='lat' dir='ltr'>respuebat,</span> <span class='ocrx_word' id='word_1_690' title='bbox 1309 5449 1344 5504; x_wconf 89' lang='lat' dir='ltr'>dc</span> <span class='ocrx_word' id='word_1_691' title='bbox 1355 5447 1455 5517; x_wconf 84' lang='lat' dir='ltr'>quibus</span> <span class='ocrx_word' id='word_1_692' title='bbox 1465 5459 1549 5516; x_wconf 87' lang='lat' dir='ltr'>supra</span> <span class='ocrx_word' id='word_1_693' title='bbox 1564 5442 1631 5497; x_wconf 80' lang='lat' dir='ltr'>ubl</span> <span class='ocrx_word' id='word_1_694' title='bbox 1646 5441 1707 5496; x_wconf 84' lang='lat' dir='ltr'>ndo.</span> <span class='ocrx_word' id='word_1_695' title='bbox 1721 5442 1804 5497; x_wconf 83' lang='lat' dir='ltr'>llere.</span> 
     </span>
    </p>
   </div>
   <div class='ocr_carea' id='block_1_12' title="bbox 184 5522 1186 5595">
    <p class='ocr_par' dir='ltr' id='par_1_12' title="bbox 184 5522 1186 5595">
     <span class='ocr_line' id='line_1_59' title="bbox 184 5522 1186 5595; baseline -0.017 -2"><span class='ocrx_word' id='word_1_696' title='bbox 184 5547 215 5595; x_wconf 92' lang='lat' dir='ltr'>tu</span> <span class='ocrx_word' id='word_1_697' title='bbox 228 5537 313 5592; x_wconf 83' lang='lat' dir='ltr'>iliano</span> <span class='ocrx_word' id='word_1_698' title='bbox 335 5555 348 5587; x_wconf 93' lang='grc'>·.</span> <span class='ocrx_word' id='word_1_699' title='bbox 1006 5537 1065 5595; x_wconf 84' lang='lat' dir='ltr'>cap.</span> <span class='ocrx_word' id='word_1_700' title='bbox 1082 5522 1186 5594; x_wconf 89' lang='lat' dir='ltr'>penult.</span> 
     </span>
    </p>
   </div>
   <div class='ocr_carea' id='block_1_13' title="bbox 0 0 1942 6132">
    <p class='ocr_par' dir='ltr' id='par_1_13' title="bbox 0 0 1942 6132">
     <span class='ocr_line' id='line_1_60' title="bbox 0 0 1942 6132; baseline 0 0"><span class='ocrx_word' id='word_1_701' title='bbox 0 0 1942 6132; x_wconf 95' lang='lat' dir='ltr'> </span> 
     </span>
    </p>
   </div>
  </div>
 </body>
</html>
