3840 6134
95 303 151 367 vob
777 303 877 365 ttnttt
895 303 938 364 bt
955 302 1074 365 abiut.
1690 312 1744 375 706

92 448 125 491 ex
138 430 259 488 diabolo.
274 432 315 489 lta
328 448 388 490 cnm
408 434 443 489 de
460 434 549 488 anima
567 439 595 488 et
608 431 705 502 spiritu
718 434 817 504 agitur,
832 448 891 504 ipsa
945 431 1031 503 spiret
1047 431 1131 489 :satis
1145 430 1290 488 declarans
1299 423 1466 491 differentias
1476 437 1587 508 spiritus
1596 447 1623 495 et
1633 439 1740 504 anime,

91 522 146 578 erit
168 520 392 593 animaspiritns,
408 522 481 579 sicut
502 522 563 593 ipsa
587 521 646 578 dies
664 522 720 578 lux.
741 523 832 594 lpsum
851 532 893 579 est
947 517 1154 591 insequentibus
1168 517 1366 586 instrumentis,
1383 520 1444 593 ipso
1466 523 1524 580 Deo
1549 527 1741 596 pronuntiante

92 611 165 675 enbn
184 609 261 683 quid,
278 625 328 681 per
338 611 413 683 quod
427 620 469 667 est
482 611 557 683 qnid.

550 751 559 764 ,
948 713 1061 754 οιιιιιιιιι
1075 711 1122 770 ego
1136 699 1203 768 feci.
1216 697 1349 754 Etenima
1359 698 1431 754 enim
1441 699 1523 756 ifatus
1537 699 1626 759 factus
1640 719 1675 761 ex
1686 705 1743 778 spi·
1780 767 1784 773 ,

403 749 516 806 CAPUT
535 748 585 804 M·
947 784 1010 840 ritu.
1021 784 1160 841 Etrursus
1171 786 1743 866 (lsa,11.11,5):Quideditttotumpaputa

130 872 182 928 Sed
192 878 223 926 ut
236 872 352 929 animam
366 873 491 945 spiritum
503 873 599 940 dicam,
611 873 753 943 presentis
768 875 895 946 quaestio-
947 878 1159 946 superterram,
1170 880 1198 932 et
1208 877 1344 948 spiritum
1354 877 1534 936 calcantibus
1544 894 1607 936 eam
1617 880 1745 952 (amnn-

93 961 137 1018 nis
156 963 224 1018 ratio
248 962 465 1036 compellitquia
484 964 589 1033 spirare
604 962 648 1017 alii
671 963 828 1020 substantias
851 963 896 1021 ad·
948 965 1742 1043 moenimanima,idestllatus,populointerraincedenti,

94 1049 222 1106 scribitur
238 1067 246 1106 ι
261 1050 387 1107 hoedum
402 1051 498 1106 animae
513 1051 688 1118 vindicamus,
702 1067 782 1122 quam
795 1051 895 1111 unifor—
948 1052 976 1108 id
990 1061 1032 1109 est
1044 1053 1072 1108 in
1086 1069 1168 1110 earne
1187 1053 1333 1110 carnaliter
1346 1054 1449 1126 agenti,
1466 1067 1562 1126 postea
1575 1055 1689 1129 spiritua
1703 1057 1744 1114 eis

93 1155 166 1196 mem
179 1147 206 1196 et
224 1139 375 1212 simplicem
390 1140 577 1212 agnoscimus,
593 1141 716 1212 spiritum
730 1156 841 1199 necesse
854 1152 896 1201 est
948 1142 994 1213 qui
1009 1151 1109 1199 terram
1128 1143 1245 1212 calcant,
1267 1142 1295 1198 id
1314 1149 1455 1215 estapera
1477 1144 1567 1200 carnis
1586 1145 1741 1218 subigunt:

93 1239 166 1286 oerta
180 1227 334 1284 conditione
352 1227 491 1296 dicamus;
520 1244 574 1285 uon
603 1238 688 1286 status
716 1231 894 1301 nomine,sed
947 1231 1009 1303 quia
1019 1239 1047 1288 et
1057 1230 1242 1303 Apostolusll
1254 1231 1315 1289 Cor.
1326 1246 1377 1299 xv,
1388 1232 1527 1304 tb):llca
1536 1234 1743 1308 primumquod

92 1325 189 1387 aetns;
213 1332 266 1374 nae
279 1317 438 1374 substantiae
450 1318 538 1386 titulo,
561 1318 608 1391 sed
623 1333 732 1390 operae3
749 1320 812 1392 quia
839 1322 895 1393 spi·
949 1320 1522 1394 spatateestpedqeodanimalemque
1532 1324 1743 1397 spiritale.Nam

93 1412 145 1474 rat,
161 1420 218 1463 non
232 1407 297 1479 qnia
310 1406 423 1478 spiritus
438 1407 547 1479 proprie
555 1416 597 1464 est
608 1406 665 1481 (66)
680 1424 687 1462 :
702 1423 765 1463 nam
779 1415 805 1464 et
819 1408 892 1477 bare,
948 1408 999 1465 etsi
1013 1408 1101 1464 fidam
1125 1408 1215 1464 statim
1228 1409 1398 1480 prophetavit
1412 1425 1540 1484 magnum
1556 1411 1632 1469 illum
1648 1428 1742 1471 sacra-

92 1494 198 1567 spirare
213 1503 264 1552 ast.
280 1495 320 1551 lta
339 1504 365 1551 et
375 1496 503 1563 animam,
519 1511 603 1569 quam
616 1496 708 1552 flatum
722 1512 754 1553 ex
768 1496 896 1569 proprie·
949 1505 1069 1554 mentum
1081 1498 1109 1552 in
1118 1498 1255 1554 Christum
1264 1505 1291 1554 et
1303 1498 1456 1556 Ecclesiam
1464 1499 1577 1574 (liplves.
1588 1517 1617 1560 v.
1630 1504 1674 1572 36,
1682 1503 1743 1574 at):

93 1591 148 1639 tate
162 1582 334 1639 defendimus
348 1584 474 1654 spiritum
507 1600 582 1642 nunc
600 1601 632 1641 ex
655 1584 815 1641 necessitate
830 1599 894 1656 pro-
949 1589 1004 1643 lloc
1013 1602 1091 1645 aune
1105 1600 1134 1644 os
1150 1604 1186 1645 ea
1195 1587 1301 1644 assibus
1309 1590 1391 1656 meis,
1403 1592 1430 1646 et
1445 1605 1510 1647 caro
1523 1604 1656 1647 securae
1665 1607 1745 1659 mear

94 1672 262 1729 nuntiamus.
291 1671 432 1729 ceterum
453 1675 583 1732 adversus
606 1675 812 1747 Hermogenem,
835 1673 895 1747 qui·
947 1678 1064 1748 propter
1079 1674 1129 1731 froc
1142 1676 1286 1746 relinquet
1302 1672 1383 1734 boma
1395 1680 1508 1747 patrem
1522 1682 1551 1734 ct
1566 1683 1701 1750 matrem,
1717 1683 1745 1738 et

95 1776 158 1816 eam
176 1776 210 1818 ex
233 1761 355 1827 materia,
377 1777 432 1818 uon
447 1778 480 1819 ex
495 1762 545 1818 Dei
560 1762 625 1819 flatu
640 1764 788 1830 contendit,
804 1763 895 1818 flatum
911 1743 934 1821 Β
949 1763 1141 1836 encleticabat
1153 1780 1182 1821 sc
1199 1764 1286 1820 uxori
1299 1763 1325 1802 ⁴⁹
1337 1780 1408 1834 rum,
1423 1769 1451 1821 et
1467 1769 1553 1823 eruut
1565 1766 1620 1824 duo
1635 1770 1667 1824 ia
1681 1784 1744 1827 ιιι·-

99 1847 212 1919 proprie
226 1856 340 1906 tuemur.
355 1849 402 1904 llle
430 1850 513 1921 enim,
541 1850 670 1908 adversus
697 1849 784 1921 ipsius
805 1849 895 1922 Serip-
950 1850 1014 1910 uem
1025 1868 1134 1921 uuum,·
1149 1850 1328 1908 accidentiam
1348 1851 1457 1922 spiritus
1481 1868 1579 1924 passus
1593 1865 1635 1911 est
1652 1874 1659 1911 ι
1675 1857 1745 1915 ceel-

102 1946 172 1990 turae
185 1935 273 2003 fidem,
286 1935 377 1992 flatum
391 1936 418 1992 in
434 1938 529 2009 spiritu
543 1940 621 1994 vertit
639 1938 697 2010 (b'l)
710 1955 717 1991 ι
731 1945 761 1994 ut
775 1938 837 1992 dum
852 1936 896 1992 in·
951 1942 990 1998 dit
1003 1940 1075 1997 enim
1100 1940 1215 1996 exstasis
1237 1952 1320 2010 super
1343 1940 1429 2006 illum,
1454 1941 1542 1997 sancti
1561 1941 1678 2014 Spiritus
1690 1945 1744 2017 vis,

98 2024 230 2081 credibile
238 2032 279 2081 est
291 2025 358 2096 (os),
375 2025 499 2097 spiritum
520 2026 569 2082 Dei
582 2026 611 2082 in
630 2026 767 2094 delictum,
792 2031 821 2083 et
836 2040 897 2082 mox
950 2029 1093 2101 operatrix'
1109 2028 1268 2101 prophetiae.
1292 2028 1362 2083 Nam
1385 2036 1413 2084 et
1427 2028 1513 2084 mdes
1536 2029 1647 2101 spiritns
1670 2033 1745 2089 aeci-

95 2112 124 2166 in
136 2112 271 2181 judicium
285 2114 423 2181 devenire,
439 2130 473 2170 er
489 2116 602 2171 materia
620 2116 710 2189 potius
724 2116 815 2171 anima
835 2130 897 2171 ere-
953 2119 1020 2176 dens
1033 2134 1078 2174 res
1098 2125 1150 2174 est.
1165 2116 1286 2189 Denique
1302 2116 1410 2198 Saulem
1426 2125 1477 2172 tam
1499 2118 1550 2174 bei
1568 2118 1680 2190 spiritus
1694 2135 1746 2191 po·

96 2203 186 2269 datur,
201 2217 282 2274 quam
295 2219 331 2259 ex
343 2203 392 2260 Dei
411 2203 519 2275 spiritu.
542 2206 646 2264 ldcirco
667 2221 718 2261 nos
741 2215 768 2263 et
783 2205 827 2261 ille
846 2205 898 2262 tla-
953 2218 1009 2265 stes
1023 2207 1103 2264 vertit
1115 2207 1144 2261 in
1158 2205 1241 2262 aliurn
1256 2207 1355 2273 virum,
1367 2205 1393 2261 id
1408 2215 1450 2264 est
1463 2206 1491 2262 in
1504 2208 1668 2280 propheten,
1684 2225 1748 2266 cum

96 2301 152 2346 tum
162 2307 223 2348 eam
236 2292 417 2366 defendimus,
432 2310 486 2350 non
510 2295 644 2366 spiritum,
660 2296 811 2353 secundum
826 2293 899 2351 Scri-
953 2294 1054 2352 dictum
1069 2303 1110 2354 eat
1123 2293 1152 2366 (l
1164 2297 1228 2367 llep.
1243 2310 1274 2362 x,
1290 2295 1355 2367 iti:
1370 2290 1502 2365 Quid'lroe
1516 2296 1577 2367 tilio
1593 2297 1707 2354 Cisfma
1722 2304 1750 2358 et

95 2387 216 2452 plurem,
231 2391 259 2439 et
271 2382 421 2439 secundum
438 2383 549 2454 spiritus
563 2384 763 2442 distinctionem
778 2405 785 2442 ι
806 2392 834 2440 et
856 2384 900 2440 bic
954 2385 1025 2443 Saul
1039 2387 1072 2442 ia
1090 2383 1256 2458 prophetis?
1268 2399 1350 2456 qnam
1365 2391 1393 2440 et
1414 2383 1502 2439 malm
1525 2383 1638 2454 spiritus
1651 2395 1751 2458 posteo

95 2469 223 2543 spiritum
246 2468 358 2542 ingratis
372 2471 578 2541 pronuntiamus
592 2472 658 2545 (69),
681 2472 831 2529 secundnm
845 2471 900 2543 spi·
953 2473 1033 2530 vertit
1047 2472 1074 2528 in
1089 2474 1175 2529 alium
1192 2473 1292 2544 virum,
1307 2472 1336 2528 in
1351 2479 1505 2544 apostatam
1525 2471 1638 2529 seilicet.
1652 2473 1752 2530 ludam

96 2559 179 2617 randi
201 2568 230 2616 et
247 2558 329 2615 flandi
352 2561 579 2619 cummunionem.
612 2562 670 2619 Illic
690 2563 726 2619 de
750 2560 900 2617 substantia
953 2578 1061 2636 quoque
1074 2561 1233 2635 aliquandiu
1249 2576 1311 2619 cum
1325 2559 1420 2620 electis
1442 2560 1602 2632 deputatum
1616 2562 1753 2634 usquead

95 2647 213 2721 qnaestio
223 2655 267 2706 est
278 2666 285 2702 ι
297 2649 402 2720 spirare
416 2649 488 2706 enim
502 2649 660 2707 subeuntia
680 2660 757 2708 aetus
778 2656 830 2706 est.
845 2649 900 2706 Nee
953 2653 1105 2709 loculorum
1120 2650 1251 2721 officinm,
1266 2658 1303 2716 et,
1319 2649 1343 2705 si
1359 2651 1416 2720 iarn
1433 2649 1628 2718 fraudatorem,
1643 2650 1755 2708 tradito·

96 2737 203 2794 diutim
220 2737 255 2793 de
268 2737 331 2807 isto,
354 2737 409 2793 nisi
436 2745 549 2811 propter
567 2738 719 2809 baereticos,
744 2739 791 2810 qui
806 2737 899 2794 nescio
953 2757 1011 2798 rens
1031 2749 1120 2798 tamen
1148 2738 1173 2779 ⁸⁰
1199 2739 1330 2805 nondum,
1359 2745 1455 2809 postea
1479 2739 1603 2795 diabolus
1629 2738 1748 2798 intrarit.

97 2827 174 2899 qnod
189 2827 311 2899 spiritale
325 2841 420 2882 semen
447 2825 593 2884 infulciunt
618 2827 725 2897 animae,
740 2827 774 2882 de
789 2826 900 2897 Sophite
953 2831 1040 2902 lgitur
1053 2829 1076 2885 si
1092 2844 1180 2901 neque
1197 2827 1256 2895 Dei,
1281 2841 1368 2899 neque
1391 2826 1494 2882 diaboli
1514 2827 1625 2898 spiritus
1647 2843 1680 2884 ex
1696 2843 1749 2884 na-

98 2916 194 2973 matris
217 2918 321 2973 orcnlta
343 2917 504 2974 liberalitate
518 2920 665 2985 conlatum,
681 2920 824 2993 ignorante
838 2916 897 2973 fae·
953 2918 1054 2976 virtute
1077 2916 1217 2973 confertur
1240 2914 1349 2987 animae,
1372 2912 1456 2972 solam
1481 2930 1541 2972 eam
1558 2924 1664 2972 consut
1685 2922 1749 2971 ante

98 3019 241 3076 soracum
255 3005 394 3077 Scriptura
403 3003 513 3062 factoris
532 3006 620 3078 magis
633 3006 682 3062 Dei
693 3006 735 3062 sni
749 3005 898 3075 eonuiatt,
914 2987 936 3065 c
951 3013 1075 3064 eventum
1090 3003 1202 3075 spiritus
1217 3002 1359 3074 utriusque
1382 3022 1389 3059 z
1407 3001 1431 3056 sl
1444 3001 1540 3068 solam,
1556 3009 1584 3059 et
1597 3001 1747 3073 simplicem

99 3093 292 3166 nibilamplins
316 3095 537 3171 promulgaverit,
555 3111 637 3166 qnam
649 3096 733 3151 Deum
748 3095 855 3152 flantem
871 3094 900 3150 in
953 3103 980 3151 et
993 3093 1154 3149 uniformem
1175 3090 1333 3147 substantie
1352 3092 1471 3155 nomine,
1487 3099 1569 3163 atque
1596 3088 1687 3148 666
1713 3092 1749 3147 its

98 3183 198 3242 faeiem
212 3183 332 3239 bominis
345 3181 437 3241 flatum
451 3184 592 3256 vitatio),
607 3193 634 3241 et
649 3184 785 3240 hominem
798 3182 899 3239 factum
953 3197 1008 3240 non
1036 3179 1144 3236 aliunde
1171 3178 1319 3250 spirantem
1344 3193 1426 3249 quam
1455 3192 1488 3235 ex
1511 3179 1671 3235 substantie
1692 3194 1750 3235 ιιι

98 3272 128 3330 in
141 3274 260 3330 animam
270 3270 462 3344 665ιίιιιιι,
478 3289 527 3347 per
540 3288 620 3347 quam
636 3271 734 3328 exinde
749 3278 776 3329 et
790 3271 900 3329 vivatet
954 3279 1039 3327 sorte.

134 3454 160 3492 ⁴⁸
173 3453 260 3526 bingis
274 3453 436 3510 conscientia
450 3454 511 3514 cad.
526 3452 665 3524 Apobardi
678 3453 703 3491 ‘¹⁹
717 3372 1093 3522 Mobgilelafff.lfffcng)r?rilss⁵⁰
1107 3448 1229 3505 Tandem
1249 3447 1336 3505 Rlvea.
1353 3447 1439 3505 Semi.
1463 3445 1574 3503 Obertlv.

798 3541 1055 3609 Commentarius.
1717 3568 1722 3577 ·

137 3623 198 3695 (66)
208 3623 647 3697 lfaaquiaspirituapropriecst.
658 3621 767 3678 Scilicet
775 3621 902 3694 nonquia
955 3637 1040 3689 uam,·
1058 3620 1150 3675 ilatum
1164 3617 1225 3674 vitae
1245 3617 1365 3673 animam
1387 3613 1527 3688 utrobique
1542 3613 1747 3686 interpretatum

99 3694 216 3775 spiritus
239 3694 365 3762 seorsim,
389 3704 417 3750 et
440 3710 489 3764 per
511 3708 541 3749 se
560 3693 704 3763 peculiaris
728 3709 771 3748 res
792 3692 903 3749 diversa
956 3707 1039 3761 quarn
1054 3689 1256 3760 explicationem
1264 3703 1357 3745 veram
1366 3702 1427 3743 esse
1441 3701 1525 3758 sopra
1534 3687 1713 3767 ostendimus,
1725 3688 1748 3744 f.

99 3773 135 3820 ιιι
149 3766 185 3822 ab
208 3766 307 3834 anima,
322 3766 359 3820 ita
381 3764 534 3833 commode,
549 3775 576 3819 et
603 3765 694 3820 rnitius
716 3764 779 3820 licet
798 3763 902 3820 mollire
957 3762 990 3820 dc
1005 3765 1044 3819 lta
1065 3763 1159 3827 tisana,
1188 3776 1213 3817 c.
1239 3763 1266 3816 6.
1291 3758 1397 3829 Quibus
1411 3756 1511 3813 addere
1533 3772 1621 3813 visum
1633 3769 1675 3815 est
1684 3759 1750 3815 iliud

100 3835 318 3902 'l'ertullianum3
335 3852 422 3908 neque
438 3848 527 3893 tamen
548 3835 662 3892 nimium
687 3838 864 3902 succensebo,
880 3834 903 3891 si
956 3834 1015 3890 Tha
1054 3833 1121 3889 oreti
1136 3832 1164 3887 in
1179 3833 1269 3905 Epist.
1285 3831 1341 3887 die.
1357 3831 1480 3902 dogmat.
1496 3846 1506 3885 .·
1524 3846 1537 3882 r
1552 3828 1750 3911 Nomineltatu

101 3909 266 3980 paradoxum
293 3908 404 3979 aliquod
435 3908 480 3962 hic
496 3906 633 3971 observes,
651 3908 729 3978 quasi
743 3907 903 3980 neget'fer·
958 3920 1012 3961 non
1032 3903 1205 3975 intelligimus
1229 3911 1333 3985 partem
1347 3901 1467 3984 aliquam
1496 3906 1619 3983 essentne
1639 3900 1750 3984 divinas,

102 3980 232 4036 tollianus
257 3980 373 4034 animem
402 3978 526 4048 spiritum
555 3979 665 4049 proprie
698 3993 770 4048 esse,
795 3977 857 4052 quia
880 3976 903 4034 si
959 3974 1291 4034 secundumCerdomset
1305 3975 1450 4031 Marcionis
1464 3971 1631 4052 rabiem,sed
1645 3988 1751 4029 anama

102 4058 175 4105 esset
193 4050 304 4120 spiritns
320 4064 438 4121 ,corpus
452 4063 505 4103 non
520 4057 601 4105 esset.
615 4049 680 4105 Lac.
958 4059 1084 4103 naturam
1106 4062 1156 4118 per
1177 4045 1204 4100 id
1224 4045 1360 4108 denotari,
1377 4043 1449 4116 qnod
1469 4056 1561 4123 unrma
1583 4043 1704 4124 spiritua¹
1717 4041 1753 4098 sit

140 4122 197 4191 tbi)
212 4119 349 4180 Aduersus
363 4122 455 4190 ipsiu-s
478 4120 636 4192 Scriptura
649 4120 734 4191 fidem
746 4122 849 4190 lictum
873 4120 904 4175 tra
960 4116 1099 4173 rationalis
1122 4126 1149 4173 et
1170 4114 1370 4172 intellectualis.
1393 4134 1405 4164 ι
1431 4111 1480 4168 Cur
1508 4121 1642 4192 consentit
1671 4124 1751 4170 auam

107 4193 241 4262 spiritum
254 4191 444 4249 uertitsecuti
459 4196 521 4246 sunt
536 4192 738 4264 Hermogenem
752 4191 797 4247 alii
812 4189 905 4245 tumin
958 4187 1117 4245 Prudentius
1140 4186 1166 4240 in
1192 4188 1394 4256 bernartium
1418 4194 1483 4264 ante
1503 4183 1696 4239 Tertullianum
1717 4186 1749 4240 tt.

107 4260 240 4328 verdone,
254 4271 310 4319 tum
332 4263 361 4316 in
375 4263 518 4328 sententia,
539 4277 609 4335 quos
623 4272 697 4318 notat
720 4264 900 4335 Augustinus,
956 4260 1086 4323 lrenaeus,
1101 4259 1122 4312 l.
1137 4273 1163 4311 ι.
1179 4270 1204 4336 e.
1225 4259 1253 4312 7.
1276 4253 1367 4336 Quare
1384 4255 1453 4335 male
1475 4261 1546 4308 mter
1563 4254 1680 4333 haereses
1703 4268 1751 4310 re·

106 4330 154 4386 lib.
182 4347 231 4399 ιιιι,
257 4334 290 4392 de
313 4334 398 4390 Civit.
424 4348 486 4405 cap.
510 4336 556 4404 25,
572 4334 617 4389 ubi
632 4336 759 4390 observat
772 4333 902 4388 adversus
957 4326 1365 4392 censetPlrilastmus,an1mam
1382 4322 1537 4405 Deillatum
1560 4322 1662 4404 dicere.
1680 4323 1749 4380 Ριιι.

103 4402 166 4459 illos
178 4413 205 4460 et
221 4406 427 4476 Hermogenem,
443 4419 497 4461 non
506 4419 565 4460 esse
579 4405 707 4478 seriptum
733 4410 838 4476 πνεῦμα,
855 4402 942 4480 setin
992 4397 1046 4469 (71)
1070 4399 1254 4469 Spiritusne·
1276 4411 1321 4453 me
1345 4395 1480 4467 prodivit.
1504 4393 1597 4475 Supra¹
1612 4394 1659 4452 lrb.
1686 4395 1749 4454 adn.

103 4474 240 4542 evariant
260 4476 384 4532 excludat
410 4476 567 4532 eorumdem
591 4476 838 4547 interpretationem
867 4474 902 4530 de
958 4473 1168 4542 Hermoqeaem,
1188 4483 1250 4539 cap.
1275 4470 1319 4531 ³2,
1345 4463 1446 4547 nullam
1473 4461 1557 4547 laert,
1574 4474 1660 4547 citaris
1682 4467 1752 4523 bane

104 4545 203 4616 spiritu
217 4557 321 4612 sancto,
341 4553 368 4603 et
377 4560 432 4602 non
445 4548 480 4602 de
493 4548 594 4602 anima.
604 4547 671 4604 Lac.
959 4544 1127 4613 Scriptorum
1141 4540 1193 4594 lsa.
1210 4554 1277 4601 nvrr,
1292 4539 1411 4618 spirutus
1421 4537 1462 4615 'et
1485 4537 1605 4617 sparatus
1619 4535 1750 4593 differen-

139 4620 197 4688 tes)
217 4619 251 4675 llt
265 4619 332 4674 dum
346 4618 507 4676 iucredibr'le
522 4622 575 4676 est.
589 4619 647 4674 Non
663 4618 727 4674 feeit
751 4616 804 4673 hoe
833 4617 903 4673 ller-
957 4617 1022 4670 tiam
1038 4632 1045 4669 :
1063 4613 1118 4668 imo
1132 4627 1179 4682 per
1198 4625 1256 4664 eam
1272 4616 1396 4678 spiritum
1411 4601 1532 4686 ¹intelligi
1547 4608 1622 4687 dreit,
1638 4605 1673 4661 de
1695 4623 1750 4678 qno

102 4702 248 4759 magenes,
263 4691 490 4746 utanctoritatem
509 4690 666 4746 veteriScri
690 4700 755 4745 turae
769 4689 903 4757 demeret,
958 4687 1038 4741 etiam
1062 4683 1134 4739 venti
1158 4680 1337 4738 constiterunt
1361 4694 1368 4735 :
1390 4677 1434 4757 luc
1459 4689 1527 4757 vero·
1552 4685 1675 4745 spiritum
1701 4694 1751 4747 prp

103 4774 187 4830 qnam
202 4760 249 4816 alii
259 4761 380 4818 baeretici
394 4763 454 4833 ejus
468 4761 518 4818 aevi
530 4708 730 4818 contendebant
743 4778 752 4842 3
769 4776 831 4816 uam
850 4775 905 4816 uon
958 4756 1060 4828 Spiritu
1073 4763 1175 4820 sancto,
1191 4752 1285 4808 ilatum
1298 4764 1349 4822 pro
1367 4762 1466 4811 anima,
1482 4752 1603 4827 nmrtatus
1620 4745 1752 4803 lrenrenrn

104 4831 219 4903 negarit
241 4831 301 4904 ipse
316 4832 398 4888 iidem
422 4831 490 4887 libro
505 4833 662 4900 Genese0s3
678 4833 727 4888 sed
741 4837 905 4902 interpreta—
960 4829 1005 4883 lib.
1022 4842 1041 4883 v
1056 4826 1187 4904 aduersus
1212 4825 1314 4904 fleeces.
1335 4834 1396 4890 cap.
1419 4822 1464 4882 tu,
1479 4818 1535 4872 lere
1558 4816 1591 4900 de
1612 4816 1695 4874 verbo
1720 4819 1754 4874 ad

105 4901 186 4957 batur
213 4901 280 4959 illuc
302 4905 442 4977 spirituas
456 4903 491 4958 de
517 4904 618 4975 Spiritu
633 4910 737 4972 sancto,
751 4918 906 4975 supponens
960 4899 1081 4961 verbum,
1099 4911 1148 4966 per
1162 4902 1318 4975 citationem
1346 4906 1401 4947 non
1434 4888 1521 4946 solnm
1543 4888 1634 4959 huJus,
1658 4886 1706 4942 sed
1729 4897 1756 4946 rt

103 4974 161 5042 jam
191 4976 309 5030 animam
334 4977 362 5029 in
386 4973 506 5043 homine,
531 4984 561 5031 ut
573 4976 637 5031 inde
652 4975 786 5050 originem
808 4975 906 5030 anima
961 4970 1131 5042 sequentium
1146 4974 1349 5035 seripturarum.
1370 4963 1440 5017 Pmt.

947 609 1086 679 (lsanvu,
1105 609 1744 685 ttlrsmritusaameprodieitfflietstatum
1837 604 1838 607 ¹

104 5053 232 5171 ἱιιιξιὲιέιιι
246 5055 414 5172 possetffion
433 5047 538 5172 effeo
552 5047 648 5112 fnisse,
671 5049 718 5103 sed
733 5063 766 5104 ex
782 5047 905 5103 materia.

203 5134 437 5174 rasrvus1.c.
493 5133 519 5174 a.

138 5190 197 5257 (69)
207 5192 244 5244 lit
259 5159 456 5261 arripennem
479 5189 602 5262 inpactis
615 5193 848 5262 pronuntiamus.
864 5189 906 5243 ln-

107 5258 199 5329 gratis,
223 5261 276 5315 boc
290 5271 341 5326 est,
356 5261 459 5319 lavitis.
476 5262 564 5334 Supra
577 5260 654 5330 dixit,
670 5264 713 5318 Ea
740 5263 907 5318 necessitate

108 5334 341 5400 pronuntiamur.
359 5330 421 5391 ltro.

139 5401 197 5474 (rb)
206 5404 297 5458 bearn
303 5403 462 5471 mutantia
472 5406 576 5476 faeiem
585 5403 705 5460 bominis
716 5404 905 5472 autumnitas.

105 5471 207 5528 illudit
220 5474 254 5529 ad
269 5473 335 5529 illud
350 5474 419 5530 Gen.
435 5492 455 5530 ιι
469 5477 672 5546 supracitatum
685 5490 710 5530 ι.
727 5477 754 5529 3.
764 5482 799 5540 ιι,
819 5485 845 5530 ιι
857 5473 904 5529 lib.

104 5542 167 5599 adv.
192 5546 321 5619 llemaeg.
332 5561 358 5603 c.
373 5549 405 5600 31
424 5549 469 5602 :ut
482 5549 564 5618 flacit
577 5547 654 5604 Deus
672 5547 774 5615 flatum
788 5545 857 5601 nitu
874 5545 907 5600 iu

103 5613 209 5685 seeum
218 5615 352 5688 beminis,
363 5622 391 5673 et
407 5621 500 5690 [notus
521 5623 562 5676 est
572 5618 653 5677 bomo
672 5621 704 5674 ira
717 5632 846 5673 carmem
864 5618 907 5673 ui·

998 5039 1055 5109 tta)
1073 5039 1126 5108 Qui
1139 5037 1216 5094 dedit
1231 5038 1336 5106 flatum
1358 5033 1462 5107 populo
1480 5046 1564 5114 ruper
1588 5034 1706 5115 turam,
1729 5037 1757 5089 et

960 5114 1095 5186 spiritum
1111 5106 1288 5166 calcantibus
1302 5122 1376 5172 eam,
1400 5112 1453 5161 etc.
1476 5103 1562 5160 Euam
1578 5104 1622 5160 hrc
1644 5102 1701 5160 fere
1722 5106 1757 5160 ad

960 5183 1075 5241 verbum
1098 5180 1217 5236 imitatur
1237 5179 1268 5234 B.
1294 5178 1425 5233 lrenaeum
1447 5175 1494 5231 ubi
1517 5191 1610 5248 supra,
1648 5174 1757 5247 nipast

962 5254 1074 5311 recitata
1088 5253 1181 5310 eadem
1197 5249 1274 5306 lsaiae
1290 5246 1557 5330 rcv1verbauddit:
1580 5267 1592 5298 ι
1609 5191 1651 5302 A}
1665 5246 1756 5303 batum

962 5326 1071 5399 quidem
1099 5322 1277 5380 communiter
1306 5321 1379 5377 omni
1408 5335 1455 5390 qm
1487 5335 1569 5390 super
1593 5329 1691 5396 terram
1715 5329 1757 5375 est

964 5398 1065 5471 populo
1092 5396 1187 5452 dicens
1218 5396 1354 5458 daturum,
1382 5391 1506 5470 spiritum
1533 5396 1620 5444 autem
1645 5386 1688 5440 lus
1708 5391 1755 5470 qui

965 5469 1127 5526 coriculcaut
1154 5476 1275 5523 terrenas
1303 5462 1547 5534 concupiscentias.
1572 5478 1584 5508 r
1614 5457 1756 5515 Consentrt
1790 5506 1794 5513 .

966 5542 1047 5598 etiam
1061 5540 1092 5595 B.
1108 5538 1223 5595 basilius
1236 5538 1254 5593 l.
1274 5537 1308 5594 de
1322 5537 1351 5592 S.
1367 5534 1532 5605 Spiritum.
1548 5532 1594 5585 itt.
1609 5528 1679 5586 Pru.
