3840 6134
135 297 189 362 aaa
510 313 525 342 ι
777 294 874 357 tinen
893 291 970 357 snt.
991 291 1132 358 taneos.
1685 268 1688 272 “
1731 311 1784 374 (τι

135 432 158 487 sl
173 432 268 496 eudes,
292 443 361 502 nega
374 427 398 468 7¹
414 428 583 500 prophetam.
605 424 703 482 satim
725 424 774 480 tihi
794 424 938 497 promissio
952 441 977 522 Α
991 426 1106 484 virtutes
1119 425 1146 481 in
1156 426 1242 498 gloria
1257 427 1307 482 Dei
1316 427 1412 496 Patris,
1428 434 1457 487 et
1465 432 1540 490 oculi
1555 436 1642 493 uestri
1650 438 1787 499 videbunt

135 520 221 578 Patris
243 519 361 575 occurrit
383 517 410 572 in
433 517 548 572 Psalmis
571 515 683 573 disens:
704 516 795 572 Filius
813 532 895 574 meua
908 533 937 575 es
992 519 1099 572 terram
1113 513 1146 569 de
1174 517 1325 589 lonqinquo
1344 518 1412 587 ((lao
1431 534 1515 587 xxrn,
1527 525 1571 591 17)
1586 542 1593 579 :
1613 525 1687 597 quod
1708 530 1787 587 vohis

74 594 79 603 ’
136 615 179 677 tu,
193 625 242 678 eoo
253 606 333 665 hodie
346 608 431 680 penui
443 613 481 663 99.
489 609 649 671 Peleome,
661 610 688 663 et
700 604 768 662 daho
783 604 835 662 tibi
842 610 937 678 pentes
992 617 1043 674 pro
1058 602 1163 658 maritis
1180 604 1277 660 vestris
1291 613 1354 675 post
1368 609 1592 678 expugnationem
1606 613 1784 683 Hierusalem,

136 699 332 756 haereditatem
352 702 443 763 tuone,
459 701 487 752 99
497 698 786 769 possessiouemtuum
801 696 938 753 terminos
992 690 1138 763 prohibitis
1151 691 1261 765 ingredi
1275 692 1302 747 in
1318 698 1417 749 terram
1441 705 1566 763 vestram,
1580 698 1615 755 de
1637 702 1785 777 longinquo

135 795 222 847 terroe
237 789 323 856 (Paul.
339 801 370 843 ιι.
381 789 408 853 l,
426 786 465 858 8).
479 787 536 843 Nae
546 786 648 858 poteris
663 800 725 840 eum
740 783 827 856 magis
841 784 867 822 ³²
879 786 937 842 Ds-
992 795 1052 835 eam
1067 779 1154 836 oculis
1177 789 1279 836 tantum
1300 780 1393 837 videre
1417 784 1580 852 permissum
1600 797 1651 846 est.
1671 795 1785 864 Animo,

133 877 178 934 vid
203 874 291 931 filium
324 876 424 942 diacre,
452 891 533 947 quam
552 875 693 931 Christum
705 890 714 942 ;
734 880 779 929 aut
806 872 937 931 termines
992 866 1090 940 inquit,
1101 871 1195 926 vestro
1205 868 1390 926 meditabitur
1401 872 1532 929 timorem
1540 874 1788 944 (ibidtansailimc

134 974 217 1021 terrae
245 961 333 1020 David
352 963 443 1033 potius
475 963 636 1034 promissos,
660 961 705 1033 qni
736 961 807 1017 intra
830 962 936 1019 unicam
991 971 1047 1028 quo
1071 967 1190 1028 tempore
1208 957 1344 1014 excidium
1364 958 1407 1013 sui
1439 961 1512 1031 passi
1540 974 1612 1021 aunt.
1641 965 1786 1033 Quomodo

131 1053 257 1109 tudaeam
281 1052 417 1122 regnavit,
451 1068 534 1124 quam
563 1051 680 1117 Christo,
704 1051 750 1123 qui
775 1058 860 1107 totum
881 1053 936 1121 jam
991 1047 1076 1118 igitur
1092 1055 1215 1103 nascetur
1234 1047 1288 1102 dux
1301 1047 1337 1103 de
1358 1048 1463 1118 lodaea,
1484 1060 1511 1108 el
1530 1060 1663 1124 quatenus
1684 1071 1784 1127 proco·

131 1142 231 1199 orbem
251 1139 396 1215 Evangelii
420 1142 462 1196 sui
477 1138 531 1196 fide
553 1140 634 1213 oepit,
663 1140 733 1197 siout
756 1156 805 1212 per
841 1140 935 1196 leriam
990 1135 1035 1191 det
1051 1135 1085 1191 de
1109 1135 1273 1204 Bethlehem,
1289 1136 1358 1193 sieut
1380 1139 1469 1196 divina
1491 1143 1680 1213 prophetarum
1702 1146 1785 1204 volua-

132 1230 217 1287 dicit:
233 1232 303 1287 Bere
317 1228 381 1286 dedi
392 1233 420 1287 99
428 1230 460 1285 iu
474 1230 686 1302 dispositionem
703 1232 813 1302 pemeria
821 1230 888 1298 mei,
904 1232 937 1287 im
991 1226 1062 1281 mina
1086 1226 1218 1290 nuntiant,
1233 1241 1295 1281 oum
1319 1227 1410 1283 nullus
1432 1230 1542 1286 omnino
1565 1231 1600 1288 alt
1618 1232 1673 1291 illic
1687 1235 1714 1291 in
1734 1237 1786 1294 ho-

133 1320 228 1376 lueem
246 1320 388 1391 pontium,
416 1320 529 1391 operire
548 1320 642 1377 oculos
670 1333 818 1385 caecorum,
844 1320 936 1391 utique
990 1312 1114 1369 diurnum
1130 1314 1275 1370 derelictus
1295 1331 1329 1370 ox
1350 1317 1443 1383 lsrael,
1463 1319 1541 1388 cujus
1553 1335 1587 1375 ex
1601 1322 1686 1394 stirpe
1700 1325 1788 1396 possit
1894 1316 1898 1323 ’

133 1408 295 1474 errantium,
306 1408 449 1465 exsoluere
466 1408 500 1465 de
523 1408 779 1473 circumvinctae,
797 1408 882 1462 idest
902 1408 936 1465 de
990 1403 1065 1458 utici
1076 1401 1220 1459 Christus?
1234 1404 1262 1459 Si
1277 1404 1359 1472 euim,
1385 1407 1532 1462 seeundum
1553 1408 1673 1480 Judaeos,
1698 1413 1787 1471 adhue

132 1497 242 1554 delictis
257 1496 373 1554 liberare
390 1513 396 1554 :
413 1502 439 1555 et
453 1497 486 1554 de
500 1497 723 1562 domoeorceris,
734 1495 761 1551 id
774 1503 816 1550 est
830 1496 935 1579 mortis,
989 1507 1044 1547 non
1055 1490 1174 1558 venitll,
1195 1508 1256 1547 cum
1283 1495 1374 1550 venire
1400 1495 1525 1570 coeperit,
1546 1499 1618 1554 unde
1645 1505 1786 1578 ungetur?
1872 1570 1880 1583 .

132 1586 303 1644 9999999999
318 1585 439 1642 99999999
462 1586 527 1655 (lau.
543 1583 694 1655 utnon),
714 1583 873 1657 ignorantiae
888 1582 938 1639 sci·
991 1581 1046 1635 Lex
1071 1578 1141 1635 enim
1155 1581 1283 1652 precepit
1306 1581 1375 1655 (97),
1398 1582 1425 1639 in
1452 1586 1609 1656 captivitate
1631 1604 1684 1646 oon
1703 1591 1787 1650 licere
1868 1660 1869 1665 η

135 1673 215 1730 11999.
226 1672 296 1743 Quae
309 1673 332 1728 ai
347 1689 396 1744 per
415 1672 553 1729 Christum
568 1671 705 1742 eveniunt,
730 1687 785 1728 non
803 1671 831 1727 in
855 1670 936 1728 alium
991 1666 1148 1723 9999199999
1167 1666 1323 1724 chrismatis
1336 1669 1436 1739 regalis
1449 1670 1556 1729 confici.
1572 1673 1600 1730 Si
1621 1687 1713 1734 autom
1729 1678 1786 1749 jam

136 1772 217 1817 erunt
230 1762 399 1833 prophetata,
415 1776 496 1833 quam
512 1777 559 1833 pcr
577 1776 657 1832 quem
676 1760 702 1800 ³³
715 1770 850 1833 expuoota
867 1775 935 1817 con·
952 1725 974 1802 Β
989 1771 1038 1814 neo
1054 1754 1183 1812 unoboi⁵
1197 1756 1318 1823 catillis,
1334 1763 1365 1813 ut
1385 1757 1481 1816 Daniel
1505 1763 1693 1840 prophetavit;
1722 1767 1787 1826 dicit

140 1848 296 1907 sideramus.
987 1843 1059 1902 enim
1075 1843 1349 1902 :Exterminabitur
1375 1848 1472 1903 unctio
1481 1847 1565 1918 (Bou.
1583 1865 1624 1918 rx,
1640 1853 1704 1927 271:
1720 1871 1787 1931 argo

432 1938 547 1995 CAPUT
560 1938 635 1995 xlll.
986 1936 1044 2006 jmn
1058 1933 1228 1991 nonestillie
1247 1936 1348 2002 unctio,
1367 1934 1431 2008 quia
1450 1951 1501 1993 neo
1515 1939 1645 2010 templum
1668 1942 1715 1998 obi
1729 1952 1788 2002 orat

174 2027 269 2100 Igitur,
291 2026 418 2101 qnoniam
441 2027 493 2084 filii
515 2029 598 2086 lsrael
624 2027 761 2086 allirment
779 2042 830 2084 uos
845 2043 935 2086 errare
987 2023 1196 2096 99999(99)919
1217 2038 1271 2098 quo
1298 2039 1380 2097 reges
1398 2025 1580 2097 ungebantur.
1598 2027 1628 2086 Si
1646 2044 1712 2103 ergo
1731 2046 1787 2091 non

136 2117 294 2190 recipiendo
317 2117 463 2185 Christum,
483 2117 530 2189 qui
555 2118 610 2188 jam
635 2117 717 2185 veuit,
738 2116 936 2190 proscribimus
988 2113 1237 2177 oeconomiam
1259 2123 1377 2188 ungetur
1399 2114 1454 2171 dux
1476 2116 1524 2186 qui
1547 2129 1673 2176 nesoetur
1691 2119 1787 2178 19119-

139 2208 182 2263 eis
200 2222 234 2262 ex
256 2206 322 2278 ipsis
350 2205 496 2278 seripturis
515 2207 571 2276 jam
606 2205 714 2266 vonisse
732 2207 867 2262 Christum
889 2206 936 2279 qui
988 2203 1128 2261 thleheml
1142 2212 1187 2258 aut
1200 2202 1338 2274 quomodo
1352 2203 1482 2274 procedet
1495 2204 1529 2261 da
1548 2206 1715 2280 Bethlehem,
1726 2225 1787 2267 oum

134 2295 354 2368 praedicabatur3
392 2296 516 2368 quamvis
545 2312 578 2352 ex
615 2296 782 2367 temporibus
812 2295 935 2352 Danielis
987 2293 1023 2349 de
1037 2293 1167 2368 germino
1182 2291 1305 2348 ttlsraat
1333 2293 1428 2349 nullus
1450 2294 1561 2353 omniuo
1578 2296 1614 2353 sit
1631 2297 1659 2353 in
1681 2300 1788 2359 Bethle-

135 2384 309 2456 praedieaotis
336 2384 540 2460 probaverimus
561 2386 618 2456 jam
641 2383 748 2442 venisse
784 2383 933 2452 Christum,
988 2382 1075 2439 hem?
1093 2382 1190 2438 Iterato
1204 2380 1321 2453 denique
1334 2381 1517 2451 mtendamae,
1531 2385 1628 2457 etjam
1641 2386 1787 2460 Christum,
1879 2393 1884 2401 “

133 2473 181 2546 qui
194 2473 381 2532 nuntiabatur.
401 2474 483 2531 Nasci
506 2473 579 2530 enim
597 2489 660 2532 oum
685 2471 804 2546 oportuit
829 2473 856 2528 in
879 2474 934 2531 Be·
988 2472 1135 2530 seeundum
1157 2470 1313 2543 prophetas,
1332 2480 1360 2527 et
1378 2487 1498 2543 passum,
1524 2479 1551 2530 et
1570 2473 1597 2528 io
1621 2475 1702 2531 ooelie
1728 2477 1784 2547 jam

133 2561 250 2619 tblchem
278 2563 374 2630 tudae;
402 2563 539 2628 sioenim
567 2564 697 2633 seriptum
734 2569 776 2618 est
801 2562 831 2617 in
868 2578 935 2636 pro-
987 2565 1137 2630 receptum,
1154 2556 1260 2615 eliade
1279 2564 1422 2615 venturum
1447 2560 1599 2617 seeundum
1613 2562 1787 2634 praetentio-

133 2651 231 2723 pheta:
248 2652 285 2708 Bt
296 2655 340 2717 tu,
356 2650 524 2715 Bethlehem,
534 2666 593 2707 uon
600 2652 723 2707 mimimo
737 2666 765 2706 es
778 2653 809 2707 iu
818 2650 935 2709 duribus
988 2663 1037 2706 nea
1052 2648 1256 2720 prophetarum.
1276 2647 1344 2702 Nam
1361 2653 1423 2717 post
1440 2649 1585 2707 adrentum
1603 2667 1662 2722 eJns
1676 2668 1786 2711 seeum·

134 2739 293 2810 tudolttdlr
307 2740 460 2797 eeteeuim
474 2739 951 2829 9999999999999999999199999Ἰ
988 2738 1052 2792 dom
1080 2734 1229 2803 Danielem,
1253 2734 1326 2807 quod
1355 2734 1415 2806 ipsa
1431 2735 1527 2794 civitas
1543 2739 1717 2797 exterminari
1737 2743 1790 2799 ha·

134 2845 232 2886 meum
242 2829 330 2885 lsrael
354 2828 448 2897 (lliolt.
467 2843 494 2895 v,
517 2829 554 2899 l).
586 2827 614 2884 Si
634 2837 724 2885 autem
747 2829 835 2885 adhue
855 2838 935 2884 natus
989 2823 1067 2881 beret
1090 2823 1217 2895 legimns,
1238 2832 1268 2880 et
1295 2822 1332 2877 ita
1347 2821 1449 2879 laetum
1468 2827 1698 2897 recognoscimus.
1721 2829 1795 2889 Dioit

136 2915 299 2989 moneatqui
313 2930 492 2987 processurus
506 2918 559 2972 dux
575 2918 608 2973 de
628 2917 699 2973 tribu
713 2917 783 2973 luda
804 2933 837 2972 ex
850 2917 934 2972 Beth·
988 2913 1060 2969 eoim
1080 2911 1233 2984 Scriptura:
1257 2913 1303 2970 Sio
1317 2916 1346 2969 99
1355 2914 1501 2973 ciuitatem
1510 2920 1540 2973 et
1563 2919 1795 2976 sonetumsimtcl

136 3005 227 3061 lehem
241 3004 429 3072 nuntiabatur,
446 3016 554 3078 oportet
567 3006 639 3063 euim
654 3021 717 3063 eum
731 3005 765 3061 de
780 3005 852 3062 trihu
865 3004 933 3063 luda
947 3008 969 3088 c
984 3003 1174 3060 eetemmiuora'
1194 3017 1259 3058 eum
1279 3002 1349 3059 duee
1377 3003 1476 3076 (9999),
1499 3003 1661 3074 indubitate,
1687 3008 1733 3079 qui
1752 3008 1788 3065 de

138 3102 194 3150 999
207 3093 365 3150 Bethlehem
390 3094 555 3164 procedere;
578 3093 821 3151 animadvertimus
843 3102 932 3150 autom
987 3091 1146 3149 Bethlehem
1161 3097 1188 3147 91
1202 3090 1238 3146 do
1251 3090 1402 3146 tribulata
1416 3101 1490 3149 rasel
1503 3110 1693 3166 processurus.
1713 3096 1793 3155 Unde

135 3198 207 3238 nuno
220 3183 356 3237 neminem
367 3181 401 3237 de
410 3198 510 3254 genere
519 3184 605 3240 lsrael
615 3183 642 3237 in
656 3183 765 3239 civitate
774 3171 931 3240 Bethlehem
985 3187 1013 3238 et
1027 3180 1199 3239 manifestum
1219 3180 1351 3252 estquod
1373 3180 1469 3239 civitas
1489 3182 1572 3241 simul
1606 3200 1639 3242 eo
1661 3194 1786 3261 tempore

134 3269 305 3336 remansisse,
330 3279 358 3325 et
378 3272 478 3327 exinde
496 3272 569 3340 quod
591 3271 764 3329 interdictum
777 3279 819 3327 est
846 3287 882 3329 ne
903 3272 931 3329 in
986 3269 1160 3326 exterminari
1179 3269 1302 3337 deberet,
1317 3284 1379 3326 cum
1399 3270 1513 3328 ducator
1534 3276 1594 3343 elus
1621 3273 1649 3329 in
1672 3289 1704 3331 ea
1730 3275 1788 3346 peti

133 3357 345 3430 conbnloipsius
360 3359 482 3433 regionis
495 3359 654 3416 demoretur
667 3360 809 3433 quisquam
823 3360 933 3417 Judaeo·
987 3360 1109 3424 haberet,
1138 3360 1286 3415 seeundum
1315 3359 1466 3431 Scripturas
1491 3363 1682 3433 prophetorum
1717 3363 1786 3435 (99),

133 3463 204 3519 rum,
220 3454 250 3503 ut
266 3449 317 3503 hoo
331 3461 439 3520 quoque
463 3456 537 3504 esset
550 3447 726 3521 adimpletum
742 3464 789 3520 per
815 3449 932 3519 prophe·
985 3447 1149 3505 dicentium:
1164 3447 1296 3519 Expandi
1317 3465 1422 3505 munus
1439 3465 1518 3506 meos
1538 3454 1599 3508 toto
1618 3451 1663 3509 die
1683 3452 1719 3508 od
1735 3468 1786 3526 po·

134 3536 783 3604 tam:Terrouestrodesertmciuitateeueatroe
792 3539 932 3610 99999999-
984 3537 1537 3609 pulumcoutumoeemeoutrodieemlem
1545 3539 1790 3613 mittiquiomlu·

134 3630 196 3690 stae,
213 3625 292 3680 idest
304 3625 449 3696 quodhelli
463 3626 758 3700 tomporecisevenerit
771 3628 932 3699 mentonem
986 3627 1138 3684 lorrtviom
1153 3641 1211 3682 uon
1239 3625 1351 3693 bonurn,
1375 3626 1421 3683 aed
1440 3631 1503 3699 port
1520 3631 1639 3700 peecata
1653 3645 1705 3686 auu
1719 3630 1786 3698 (leo.

133 3719 256 3774 oestrum
270 3714 656 3785 inconspectuoestroeeteri
669 3715 867 3781 commentat
882 3715 931 3774 de·
986 3733 1052 3784 exv,
1068 3716 1106 3790 9).
1118 3716 1150 3772 Bt
1165 3715 1192 3770 in
1208 3714 1322 3771 Psalmis
1339 3714 1404 3772 dioit
1416 3735 1422 3769 :
1436 3718 1711 3776 determinaverunt
1725 3734 1788 3775 me·

131 3806 207 3860 serto
214 3807 243 3860 99
258 3802 388 3861 subversa
401 3804 488 3860 erite
504 3805 618 3877 populis
641 3804 746 3862 olienis
768 3805 833 3874 (199.
850 3820 870 3870 ι,
889 3803 930 3875 l).
985 3823 1040 3862 uus
1047 3802 1265 3877 meuaetpedes,
1276 3803 1785 3866 dinumeraveruntomuiooarumeu.

130 3890 229 3947 litatio
250 3891 312 3946 loco
327 3891 367 3947 sic
386 3907 433 3963 per
446 3893 604 3964 prophetam
618 3893 930 3965 dieiturzllepemgcum
986 3895 1044 3969 ipsi
1061 3898 1157 3951 eutem
1182 3893 1369 3967 contemplati
1387 3897 1456 3951 suut
1475 3896 1503 3952 ct
1522 3894 1657 3952 videraut
1671 3911 1732 3953 me:
1747 3902 1787 3966 et,

129 3981 263 4039 eloritote
279 3980 417 4050 uidebitis,
431 3981 459 4038 id
473 3989 512 4038 est
528 3981 665 4039 Christum
686 3980 829 4040 facientem
843 3978 932 4040 884
987 3983 1025 4040 lu
1038 3983 1089 4040 atti
1103 3982 1718 4058 meupotoueruutmeueetoll'aol.unit,
1731 3986 1788 4058 19).

813 4151 910 4218 Variae
937 4156 1094 4219 lectiones.

169 4298 192 4339 ⁷¹
205 4301 310 4386 llegaro
326 4303 440 4363 Odertlt.
454 4301 568 4365 semttt
581 4303 668 4387 Magis
681 4299 760 4385 abest
773 4320 791 4360 o
806 4301 884 4388 119999
897 4302 1019 4363 9909999.
1035 4301 1060 4342 ⁷³
1073 4301 1198 4376 Aliquem
1206 4301 1293 4387 Beml.
1309 4299 1464 4387 llChristos
1478 4301 1633 4361 seeundum
1641 4299 1786 4391 Jucloeos3..

131 4375 544 4507 ωοφηε9ςι61ὓῐέιιὲ1ἒω9ἰεθνὶὴδι9ιιιὶ.
554 4376 678 4432 -Possvt
688 4375 786 4432 9999ιῖ
800 4375 923 4432 Christus
936 4375 1096 4443 secundum,
1108 4374 1257 4434 oteheim.
1271 4374 1557 4445 1519999999989991,
1570 4390 1619 4434 neo
1628 4391 1686 4436 nou
1699 4384 1786 4438 omri·

836 4516 1087 4584 Commentarius.

165 4670 224 4744 (96)
233 4673 269 4729 Et
281 4677 314 4729 tu
331 4671 864 4735 11999999999999919999999991999
879 4686 932 4729 ms.
951 4685 974 4767 n
991 4672 1214 4748 paraphrasticos
1227 4687 1261 4730 ex
1288 4669 1392 4744 aliquot
1418 4673 1561 4754 commatis
1589 4671 1659 4731 bano
1678 4684 1787 4733 senteu-

130 4749 156 4796 et
169 4742 275 4800 Grecis
294 4745 324 4800 B.
342 4746 437 4802 hlatth.
461 4745 583 4803 lontibus
603 4763 652 4819 pro
676 4748 774 4815 tudoe5
795 4745 932 4817 quemad·
990 4746 1054 4803 tiam
1076 4746 1110 4802 de
1134 4760 1212 4802 more
1238 4759 1287 4802 suo
1305 4747 1387 4800 decer
1408 4753 1483 4810 sent,
1516 4750 1562 4799 out
1590 4746 1712 4801 fortassis
1735 4747 1788 4805 alia

129 4813 242 4871 modum
260 4815 342 4870 etiam
359 4821 459 4891 poseat
474 4833 523 4889 pro
541 4823 647 4889 poscet,
674 4818 769 4875 Graeoe
798 4815 871 4872 enim
890 4822 932 4874 est
986 4818 1068 4874 etiam
1097 4816 1218 4873 editione
1246 4825 1293 4872 aut
1316 4758 1435 4887 mulie,
1460 4826 1508 4871 aut
1531 4814 1727 4872 'theodotionis
1755 4818 1791 4875 sit

129 4886 255 4958 ποιμανεῖ.
285 4887 364 4956 Quod
386 4904 445 4946 cnm
462 4897 548 4946 sertnt
571 4892 682 4946 Latinus
703 4898 782 4948 vetus
796 4889 931 4960 interpres
985 4905 1061 4958 usas,
1121 4903 1214 4946 ooasn
1228 4894 1368 4960 oporteret
1385 4885 1471 4959 aocipi
1488 4888 1625 4961 proecepit
1641 4902 1690 4959 pro
1709 4904 1792 4961 prce·

128 4959 217 5028 repat,
232 4955 291 5014 illie
307 4970 334 5014 et
353 4960 475 5016 eamdem
494 4976 586 5017 vocem
601 4962 673 5017 idem
697 4959 809 5017 loannis
823 4959 929 5027 ultimo,
983 4961 1071 5016 nteit.
1108 4975 1158 5017 ιιι.
1793 4991 1798 5001 .

127 5025 208 5083 sicuti
223 5028 390 5099 hioauotor;
407 5039 480 5099 patet
494 5033 549 5088 anti
571 5033 646 5090 uitus
665 5043 802 5105 receptam
816 5047 832 5086 a
847 5029 930 5086 Patri·
1021 5031 1081 5104 (99)
1095 5031 1152 5090 Nee
1168 5030 1309 5104 templum
1319 5028 1368 5087 ubi
1383 5035 1554 5097 erotema,
1568 5029 1790 5089 hlloditadillod

127 5096 177 5154 bus
197 5115 315 5172 poscere
334 5117 383 5184 pro
412 5117 517 5174 repere.
548 5049 627 5185 guod
659 5105 787 5158 adnotatu
815 5101 929 5174 dignum
983 5102 1020 5158 111
1032 5103 1101 5186 lieg.
1119 5118 1138 5169 r,
1155 5105 1208 5158 39:
1235 5103 1418 5186 sumpsitque
1442 5101 1530 5161 Sodolr
1554 5103 1681 5163 sacerdos
1696 5120 1787 5218 torulo

127 5171 930 5318 illitithlt”ttelttttllttttthtlh-⁰:
983 5172 1786 5327 titt,tttthtteltltl‘tlhlttt’¹¹⁰⁶“0‘

129 5311 361 5385 turhyperhatoo.
377 5316 438 5373 Sive
451 5327 543 5374 autem
554 5319 647 5375 999999
664 5317 740 5389 legas
757 5315 836 5388 paulo
853 5321 926 5386 post,
1017 5318 1074 5388 (99)
1098 5317 1260 5375 &cundum
1275 5317 1337 5376 Sem
1359 5318 1785 5392 turuaprophetorum.liarcum

127 5385 476 5466 9999999919999999999
500 5396 604 5455 etms,
628 5387 738 5460 perinde
761 5396 820 5458 ast;
845 5401 928 5459 supra
980 5387 1134 5461 Scripturas
1169 5389 1260 5458 allert,
1290 5333 1639 5470 quiius·praediotum·est
1671 5388 1722 5458 (uti
1749 5388 1782 5446 B.

127 5468 198 5523 cmm
212 5464 297 5514 ventu
309 5458 410 5515 999999.
427 5460 497 5516 Pru.
980 5458 1020 5532 Cy
1041 5460 1133 5518 riauus
1150 5462 1223 5517 huno
1242 5461 1332 5518 locum
1351 5460 1482 5527 imitatus,
1507 5459 1661 5540 scrrbatahh.
1682 5472 1703 5512 ιι
1716 5459 1782 5518 odo.

129 5592 133 5605 ¹
163 5525 540 5606 (ot)texmtmproemptt,
557 5527 768 5589 muhammad
798 5544 861 5584 mm
880 5527 927 5585 lo·
957 5544 969 5557 ·
977 5531 993 5604 j
1034 5572 1054 5599 .,
1078 5547 1140 5604 cap.
1172 5531 1219 5605 99)
1240 5531 1312 5604 quod
1334 5531 1410 5591 cruci
1432 5529 1607 5594 illumllxarr
1628 5536 1718 5589 essem
1732 5530 1785 5591 lu·

127 5609 190 5658 cum
213 5597 325 5674 alludat,
360 5601 414 5662 uici
437 5601 506 5664 lorto
531 5604 563 5662 ad
588 5618 649 5680 cap.
674 5615 769 5662 xxvrn
812 5607 882 5670 eut,
896 5610 927 5667 ut
980 5602 1042 5660 dmi.
1059 5603 1133 5663 Part.
