3840 6134
139 332 188 392 trs
710 330 787 394 tbv.
808 331 985 394 substitus
1000 330 1190 393 suouehcu.
1732 338 1783 400 tlt

431 453 545 513 CAPUT
565 454 639 512 xlv.
949 465 1052 554 *tuno
1067 471 1114 514 rex
1127 458 1286 524 honoretur,
1300 471 1361 514 oum
1385 457 1441 514 suis
1459 460 1539 516 rebus
1554 462 1660 530 Insistit,
1682 478 1745 522 cum
1768 481 1784 522 a

167 548 251 604 Plano
269 552 366 605 mouet
382 547 522 605 Romanos
535 545 626 619 (Rom.
648 561 710 615 xm,
730 546 789 619 ii)
809 548 935 604 omnibus
988 545 1087 606 divinis
1104 545 1253 605 honoribus
1267 545 1347 620 longe
1360 553 1419 612 est;
1443 548 1506 619 quia
1519 555 1546 606 et
1559 559 1637 623 pater
1657 560 1684 610 et
1697 561 1784 611 mutor

133 635 313 710 potestatibus
323 635 435 706 subjici,
445 633 576 708 quianon
589 636 628 692 sit
640 639 763 710 potestas
776 638 933 704 uisiuDeo,
989 635 1135 710 diligentur
1148 635 1181 707 ³²,
1195 651 1257 692 cum
1274 635 1331 691 Deo
1353 650 1408 692 non
1434 640 1669 710 comparabuntur.
1692 641 1781 699 Caeto-

132 728 195 799 quia
204 742 263 784 nou
273 727 337 783 sine
351 742 438 783 causa
446 724 574 799 gladium
582 729 689 798 gestet,
698 733 725 782 et
734 726 797 800 quia
808 727 937 785 rnirriste·
988 739 1060 794 rum,
1076 740 1161 799 super
1173 724 1259 782 Deum
1272 723 1346 799 diligi
1364 740 1414 783 nec
1427 726 1546 783 animam
1559 727 1661 786 licebit.

130 818 206 873 mum
222 813 250 854 ³⁰
262 816 304 871 sil
313 816 385 884 Dci,·
399 814 448 873 sed
463 817 491 871 et
502 814 606 886 ultrix,
618 813 714 887 iuquit,
725 816 757 871 iu
767 818 842 874 iram
852 818 878 873 ei
887 817 936 890 qui

131 906 242 962 molum
253 905 368 976 fecerit.
380 903 448 960 llam
462 911 489 960 et
499 903 683 975 premiserat:
702 905 847 977 Principes
857 905 935 961 euim
1289 868 1401 928 CAPUT
1419 869 1479 928 xv·

131 1010 186 1052 sorr
204 996 280 1050 suut
300 995 399 1050 limari
415 993 483 1052 baua
499 994 587 1066 operi,
607 993 655 1050 sed
671 994 758 1052 malo.
781 994 822 1050 Vis
836 997 934 1051 autem
1023 995 1091 1051 Num
1103 1010 1169 1069 ergo
1183 1001 1210 1053 et
1223 995 1405 1068 apostolomm
1420 996 1519 1054 litterre
1533 996 1649 1054 mobiles
1663 998 1688 1038 ³³
1702 999 1783 1074 (till

129 1098 184 1141 nort
197 1081 684 1155 timercpotestatemlsocbouum,
695 1081 846 1140 etlaudem
857 1082 891 1138 ol
902 1099 934 1140 eo
989 1092 1015 1140 et
1038 1099 1089 1139 nos
1114 1081 1187 1141 lii!
1204 1100 1397 1158 usquequaque
1414 1085 1552 1158 simplices
1566 1086 1664 1144 animae
1677 1089 1743 1163 (99),
1759 1101 1785 1148 et

130 1174 249 1244 reseres.
266 1171 319 1230 Dei
333 1185 397 1244 crgo
411 1171 549 1228 ministro
561 1174 605 1228 est
619 1170 677 1243 (90)
694 1170 746 1228 tilri
765 1173 797 1227 ire
818 1170 932 1231 bouum.
987 1172 1158 1231 solummodo
1181 1173 1312 1230 columboe
1335 1173 1405 1247 (ii),
1430 1173 1547 1232 libenter
1561 1182 1683 1233 errantes
1704 1178 1785 1252 (99))

130 1262 159 1319 Si
178 1277 246 1318 ocra
262 1260 375 1318 molum
386 1261 487 1332 focius,
508 1260 589 1319 time.
603 1259 658 1328 lta,
679 1275 733 1316 non
751 1259 778 1315 in
793 1259 934 1317 occasione
987 1261 1068 1319 credo
1090 1261 1198 1320 risendi
1220 1261 1377 1335 cupiditate.
1404 1263 1443 1320 lta
1466 1279 1533 1322 uero
1547 1265 1591 1332 sit,
1615 1273 1645 1322 ut
1659 1269 1784 1324 recedant

130 1347 286 1408 trustrandi
300 1348 424 1423 martyrii
435 1347 511 1420 iubet
525 1356 552 1406 te
566 1346 664 1418 subjici
678 1348 868 1419 potestatibus,
885 1349 933 1406 sed
987 1350 1113 1408 alitteris
1135 1351 1190 1408 suis
1212 1367 1318 1408 sensus.
1335 1350 1401 1422 Quae
1425 1360 1513 1410 tamen
1536 1370 1632 1426 passos
1646 1357 1784 1429 apostolos

129 1439 157 1499 in
183 1437 384 1512 provocatione
407 1438 479 1495 bene
501 1437 620 1509 vivendi,
647 1437 726 1495 etiam
748 1439 800 1497 sub
825 1437 934 1494 illamm
986 1438 1097 1506 scimus,
1122 1438 1267 1497 munilesta
1288 1440 1409 1498 doctrina
1431 1447 1489 1510 est;
1505 1441 1575 1499 hanc
1598 1443 1720 1518 intelligo
1734 1460 1784 1503 so·

132 1537 277 1610 respectu,¹
292 1528 370 1603 qussi
383 1526 546 1600 adjutricum
562 1525 685 1598 iustitia,
705 1526 783 1600 quasi
799 1527 933 1585 ministra·
986 1529 1042 1585 lam
1060 1532 1126 1586 dcta
1139 1530 1304 1600 decurrens;
1319 1529 1385 1586 nihil
1401 1545 1514 1603 quaero,·
1535 1547 1657 1590 carceres
1675 1532 1741 1602 illic,
1757 1541 1784 1590 et

131 1637 191 1678 rnrn
211 1616 416 1691 dirhijudtcii,
440 1616 485 1676 bic
508 1616 589 1674 etiam
613 1617 646 1674 de
664 1615 825 1675 nocentibus
839 1617 934 1689 praejo·
985 1617 1102 1683 vincula,
1126 1623 1153 1673 et
1179 1616 1291 1692 bugella,
1306 1624 1333 1674 et
1356 1633 1430 1686 sara,
1453 1627 1481 1675 et
1504 1619 1595 1692 gladii,
1611 1629 1638 1677 et
1666 1621 1784 1694 impetus

131 1709 256 1768 dicastis.
280 1707 387 1765 Dehinc
414 1713 442 1764 et
455 1774 460 1783 1
473 1705 631 1778 exsequitur
654 1707 791 1778 quomodo
818 1707 882 1765 velit
907 1716 932 1765 te
986 1705 1154 1778 iudeorum,
1169 1712 1197 1762 et
1213 1714 1302 1763 coetus
1321 1705 1473 1776 nationum,
1498 1714 1526 1762 et
1540 1707 1709 1767 tribunorum
1724 1710 1783 1768 elo-

131 1797 228 1870 subjici
247 1795 442 1870 potestatibus,
460 1795 574 1852 reddere
594 1794 705 1866 jubens,
720 1797 768 1854 cui
784 1795 933 1863 tributum,
951 1752 974 1831 n
989 1795 1034 1868 gio
1048 1795 1081 1864 ³¹¹,
1100 1803 1127 1851 et
1150 1811 1246 1868 regum
1270 1792 1414 1865 auditorio,
1437 1805 1463 1853 et
1484 1797 1677 1867 proconsulum
1695 1799 1783 1857 tribu·

133 1888 296 1957 ιτῶιιιιιηι,
316 1886 366 1944 cui
389 1885 520 1958 vectigal,
543 1886 684 1958 ιιιιιιὶςιιι,Ι
707 1883 798 1942 idest
821 1884 932 1958 quatri.
988 1884 1071 1954 notia,
1086 1891 1113 1941 et
1136 1883 1253 1941 Caessris
1275 1898 1375 1941 nomon
1398 1881 1573 1958 interpretem
1597 1901 1653 1945 non
1670 1887 1783 1946 habeut.

132 1992 203 2047 urs,
222 1976 272 2049 at)
287 1992 352 2049 quar
373 1979 443 2031 ruat
465 1975 593 2040 Coesuris,
621 1975 734 2041 Coesori,
750 1977 778 2033 et
796 1991 859 2047 quae
873 1975 932 2044 Dei,
988 1974 1066 2038 Ouod
1081 1973 1176 2030 Petrus
1190 1971 1302 2031 eaeditur
1316 1972 1340 2012 ³⁵
1356 1973 1422 2044 (96),
1438 1972 1512 2044 quod
1525 1973 1676 2047 Stephanus
1688 1976 1784 2051 oppri-

136 2071 207 2135 Deo,·
224 2066 314 2125 solius
336 2065 359 2104 ³¹
375 2071 464 2121 auteur
479 2064 528 2121 Dei
542 2064 633 2121 homo.
655 2063 815 2121 Condixerat
834 2063 936 2120 scilicet
988 2061 1070 2120 uritur
1093 2061 1161 2134 (97),
1190 2061 1263 2134 quod
1291 2059 1409 2116 lacobus
1437 2059 1592 2119 immolatur
1619 2064 1688 2139 (98),
1712 2066 1786 2138 quod

136 2158 229 2214 Petrus
244 2155 316 2228 (st),
338 2168 430 2226 regern
451 2152 559 2225 quidem
578 2151 784 2220 honorandum;
801 2161 830 2210 ut
844 2160 935 2210 tomen
990 2151 1090 2208 Paulus
1110 2149 1268 2208 distrahitur
1292 2149 1360 2223 (99),
1386 2148 1510 2223 ipsorum
1533 2154 1667 2228 sanguine
1685 2156 1786 2228 scripta

824 2251 920 2315 Varias
941 2253 1096 2316 lectiones.

164 2363 190 2402 ³⁰
202 2356 329 2419 llinistra
343 2358 432 2417 hbeo.
448 2358 533 2416 Semi.
548 2357 657 2416 ilberti.
674 2358 697 2397 ³¹
708 2357 787 2414 Solus
797 2361 884 2418 ltbm.
896 2359 980 2418 Semi.
997 2357 1107 2417 Obertb.
1125 2356 1149 2396 ³³
1162 2355 1314 2430 Diligenter
1329 2359 1415 2415 Fron.
1431 2359 1512 2416 Pom.
1532 2359 1557 2400 ³³
1570 2361 1685 2420 Nobiles
1703 2365 1784 2429 Rom.

132 2435 228 2492 nubilae
243 2434 317 2492 trau.
339 2431 364 2472 ³⁴
382 2427 487 2501 lillogia
498 2431 563 2488 lun.
579 2430 603 2470 ³⁵
616 2429 710 2486 Editur
723 2429 843 2505 (ιψιῦται)
855 2433 915 2505 ltiq.

836 2529 1088 2595 Commentarius.

163 2640 222 2712 (99)
238 2638 292 2696 Dei
315 2651 381 2708 erqo
401 2635 538 2717 miur'stro
557 2641 609 2693 est.
631 2636 661 2693 ln
687 2635 872 2710 dgobardino,
887 2640 938 2697 Dei
990 2636 1072 2694 luisse
1086 2635 1258 2702 arbitramur,
1277 2642 1303 2691 ct
1317 2634 1475 2691 mendosum
1493 2651 1554 2693 esse
1585 2639 1639 2695 uod
1653 2638 1697 2696 hic
1710 2641 1783 2714 legi-

132 2726 192 2784 ergo
215 2709 393 2766 minister...
413 2706 456 2762 Ex
474 2705 571 2779 quibus
590 2706 714 2783 uestigiis
734 2716 848 2783 apparet
871 2708 936 2767 scri·
990 2723 1059 2774 mus,
1088 2707 1216 2764 cuditur.
1242 2709 1334 2788 ltaque
1353 2706 1498 2788 legendum
1521 2654 1626 2779 ediiur,
1643 2710 1717 2781 quod
1730 2723 1784 2784 est,

132 2780 305 2854 promisisse
321 2780 393 2837 :Dei
404 2793 468 2850 erpo
478 2779 672 2836 rainelmum
682 2781 933 2853 esl,utsupra.lt1o.
989 2777 1138 2836 sustollitur
1152 2784 1179 2835 et
1197 2779 1377 2850 suspenditur,
1403 2784 1430 2858 et
1448 2778 1520 2859 edita
1534 2786 1562 2835 ct
1586 2790 1673 2837 erecta
1691 2798 1782 2851 cruce,

166 2855 226 2923 (9ι)
256 2850 435 2911 murenas
447 2849 556 2908 scilicet
570 2852 680 2909 Petrus.
696 2851 867 2917 Condixerat,
883 2854 935 2908 hoc
989 2849 1182 2922 iocoseqqmd
1192 2849 1477 2921 vulgatsrersiodrxrt,
1487 2850 1625 2907 exaltatur.
1636 2851 1782 2911 loanni:

135 2934 185 2994 est,
199 2939 267 2982 cum
289 2921 377 2979 Paulo
400 2920 514 2989 dixerat,
534 2929 716 2980 consentanea
730 2925 813 2980 Paulo
831 2923 936 2980 dixerat
951 2928 973 3008 Β
989 2918 1030 2974 ἐὰν
1053 2921 1141 2990 ύψωιῶ
1169 2919 1196 2974 ἐκ
1222 2926 1265 2982 ris
1291 2925 1355 2993 γῆιι
1384 2921 1468 2979 rerba
1489 2928 1552 2978 sunt
1575 2921 1673 2980 Christi
1697 2925 1783 3001 signi-

136 2992 241 3052 rurus.
267 2993 317 3050 Sic
333 2991 380 3049 lib.
406 2991 441 3051 de
467 2992 573 3051 Corona
598 3013 607 3052 .·
634 3015 645 3046 ι
668 2994 745 3066 Quod
769 3011 846 3070 aeque
869 2994 936 3052 tides
989 2991 1094 3047 boantis
1116 3007 1168 3063 qua
1191 2999 1278 3048 morte
1297 3001 1368 3075 esset
1386 2993 1533 3049 moriturus
1556 3007 1562 3047 z
1585 2995 1616 3051 Si
1638 2999 1783 3056 exultatus
1841 3060 1842 3064 ,

229 3081 253 3121 a
268 3064 390 3120 condixit
409 3084 421 3115 ι
440 3061 502 3120 ltro.
989 3065 1071 3134 suero
1090 3068 1209 3120 eterra.
1233 3061 1278 3117 Sul
1301 3071 1366 3119 tirus
1387 3064 1524 3123 Severus:
1543 3083 1557 3117 r
1573 3065 1667 3122 Petrus
1680 3068 1708 3124 in
1722 3085 1783 3125 cru-

189 3136 238 3205 99)
256 3135 442 3208 Apostolorum
462 3135 568 3192 littere
582 3136 705 3195 mobiles.
721 3136 784 3193 llaec
797 3134 932 3208 scriptura
985 3151 1041 3193 cem
1057 3133 1177 3188 subhtus
1192 3140 1242 3188 est.
1261 3078 1347 3188 siim.
1408 3205 1414 3215 θ

141 3216 184 3262 cst
201 3205 363 3278 exemplaris
380 3205 481 3275 Ursini,
498 3221 579 3279 quarn
602 3207 688 3265 secuti
700 3222 797 3264 sumus
811 3205 930 3265 editione
1020 3204 1077 3273 (97)
1088 3275 1093 3285 Ι
1105 3204 1263 3278 Stephanus
1290 3204 1475 3278 opprimatur.
1506 3207 1613 3277 impetu
1642 3223 1780 3282 saromm,

129 3278 237 3350 prima,
267 3277 344 3352 quasi
371 3277 474 3335 litteras
500 3278 612 3337 mobiles
639 3279 785 3350 Sepbmius
809 3277 928 3346 dixisset,
983 3274 1158 3348 lupiduuoue.
1173 3277 1236 3333 liro.

126 3366 192 3433 quse
209 3365 243 3408 sa
282 3356 343 3406 rent
362 3355 540 3423 preterquam
564 3359 702 3416 sonarent,
725 3361 753 3408 et
775 3350 846 3407 eliud
860 3358 931 3407 esset
1020 3350 1076 3420 (98)
1090 3347 1204 3404 lacobus
1219 3349 1395 3407 immolatur.
1410 3345 1504 3404 Frater
1516 3345 1635 3418 Domini,
1649 3364 1684 3407 an
1699 3348 1782 3408 irater

128 3438 157 3477 ru
174 3421 239 3480 soci
261 3438 306 3494 us,
321 3421 395 3477 aliud
413 3421 442 3476 in
456 3422 590 3480 sensibus.
606 3424 684 3479 Nunc
697 3429 804 3480 mutare
819 3428 929 3479 senten·
983 3419 1117 3478 ioannis‘.t
1133 3419 1251 3476 Fratrem
1262 3419 1373 3477 ioannis
1387 3419 1506 3476 Herodes
1520 3419 1656 3478 interemit
1688 3419 1779 3495 ladi03

131 3494 196 3549 tiam
210 3493 359 3550 nobiscum
371 3490 461 3559 liceat,
477 3493 576 3576 quibus
591 3508 645 3550 non
661 3493 731 3551 aliud
745 3493 797 3549 erit
810 3493 929 3549 studium
984 3490 1077 3559 Lucas,
1092 3490 1153 3563 hot.
1175 3505 1216 3546 xu
1241 3503 1248 3544 :
1277 3489 1371 3546 ’Λνεῖλε
1396 3489 1424 3546 ti
1455 3489 1580 3564 ’lisoius
1600 3491 1647 3573 ,τὸν
1669 3438 1781 3566 ibslpbr

131 3581 213 3637 quam
228 3564 299 3623 reri.
314 3564 345 3619 ln
354 3565 492 3638 ilgobardr
506 3565 573 3621 libro
588 3564 733 3636 Septimius
746 3565 785 3620 ait
805 3582 812 3619 :
830 3585 841 3616 ι
858 3565 929 3621 Num
984 3560 1085 3635 Kopion,
1111 3561 1236 3635 μαχαιρᾳ;
1265 3563 1336 3634 quod
1367 3562 1394 3618 in
1426 3561 1622 3636 blartyrologirs
1648 3564 1782 3635 accipitur

132 3652 198 3764 ii
211 3635 743 3765 ‘tt⁹⁰⁵.‘⁰¹tt.t⁰..¹lit.¹¹⁰l¹²⁸it
766 3637 832 3764 qq
849 3637 930 3764 tlt
983 3633 1249 3776 luitbtus
1270 3633 1427 3762 ”lollii
1441 3634 1779 3762 sustinuisti·

182 3724 235 3764 nen
287 3724 337 3765 es.
424 3724 434 3763 ι
595 3724 656 3765 um
745 3724 787 3764 avr
830 3724 848 3763 u
894 3724 931 3763 rr·
1737 3724 1781 3764 em

135 3788 185 3836 tate
208 3781 405 3852 prophetamus
429 3785 456 3836 et
480 3723 636 3853 irrupisti,
664 3723 796 3852 riiartprio
821 3779 931 3836 fortiter
984 3776 1103 3845 Domini,
1122 3792 1203 3848 quem
1226 3776 1369 3845 Eusebius,
1388 3719 1566 3849 Eiripbanius,
1588 3778 1778 3850 Hieronymus,

135 3851 256 3907 munda
279 3866 343 3908 esse
364 3849 531 3920 christanis,
557 3858 583 3905 at
604 3866 637 3906 ue
661 3851 714 3907 boc
740 3866 801 3907 esse
825 3865 930 3922 praece-
984 3845 1054 3903 iuste
1069 3846 1177 3905 lullonis
1197 3849 1225 3905 in
1247 3850 1538 3920 cerebroperoussum
1563 3849 1695 3906 interiisse
1720 3860 1778 3907 tra-

376 3923 498 3996 dstutra
520 3923 648 3991 Domino,
673 3921 702 3976 id
730 3922 809 3980 etiarn
832 3922 931 3995 prubat
983 3920 1132 3986 nausiet
1152 3932 1187 3978 es
1211 3920 1300 3992 lleges
1350 3919 1541 3987 'narratione
1558 3921 1622 3979 snu‘s
1638 3921 1733 3995 inepta
1752 3932 1780 3979 et

133 3930 429 4065 ¹iiiiiisfflavpee'maldram
447 3993 564 4061 litteris,
587 4002 623 4052 et·
637 3990 804 4064 subjungit:
832 3993 930 4050 «Num
984 3986 1067 4060 turm,
1088 4005 1149 4071 qus
1172 3997 1279 4062 umen,
1296 3919 1475 4062 &eumad
1495 4007 1584 4064 genus
1606 3996 1712 4060 mortis,
1728 3994 1778 4051 lir-

137 4080 199 4138 orgo
214 4075 242 4122 et
264 4067 451 4137 apostolorum
473 4065 568 4121 litterae
582 4064 711 4121 nobilest
738 4087 749 4116 ι
775 4066 832 4121 Hoc
855 4073 929 4122 est:
984 4062 1051 4116 mari
1078 4062 1209 4132 videntur,
1238 4065 1312 4118 hisce
1341 4062 1463 4135 Septimii
1491 4063 1576 4119 nostri
1602 4064 1691 4120 sorbis
1717 4083 1724 4120 ε
1751 4076 1779 4123 ut
1857 4087 1862 4101 ¹

138 4135 230 4193 Nonne
250 4146 317 4194 sunt
338 4136 462 4193 omnibus
485 4144 566 4203 notae,
595 4136 684 4204 clarae,
709 4135 883 4192 maniicstael
898 4134 931 4191 lit
982 4130 1112 4188 iacobum
1135 4133 1245 4189 fratrem
1272 4134 1380 4190 Domini
1403 4134 1570 4191 immolatum
1597 4134 1680 4192 luisse
1698 4135 1777 4191 dirc-

140 4221 200 4264 saue
213 4216 287 4266 sunt.
313 4209 376 4265 lios
394 4206 514 4280 ingerit:
538 4209 577 4264 lta
590 4225 653 4266 vero
677 4207 723 4273 sit,
747 4215 776 4263 ut
798 4207 966 4312 recedantn
984 4203 1027 4272 rit,
1047 4203 1120 4260 iuste
1133 4202 1256 4274 lullonis,
1277 4213 1402 4278 tanquam
1416 4221 1496 4280 popae
1515 4205 1611 4263 malleo
1626 4222 1675 4264 seu
1688 4209 1776 4275 clava,

140 4278 259 4337 alitteris
281 4279 339 4335 suis
365 4294 479 4344 sensum
503 4294 554 4336 nec
576 4287 632 4336 tarn
653 4278 734 4336 clarae
757 4276 810 4337 illae
828 4282 883 4337 srat
901 4284 929 4335 et
982 4272 1137 4337 maehum.
1154 4274 1234 4332 Bra.-

139 4350 296 4420 nraniiestae,
311 4351 376 4423 quin
400 4349 540 4407 admittant
562 4349 790 4422 interpretationis
812 4349 929 4418 alicuius
1019 4347 1078 4418 (99)
1101 4344 1209 4402 Paulus
1233 4346 1415 4404 distrahitur.
1440 4348 1532 4420 Capite
1550 4356 1677 4422 separato
1692 4362 1719 4407 er
1741 4350 1777 4405 ab

140 4421 341 4494 benignitatem.
366 4421 511 4478 Veniamus
541 4421 575 4476 ad
604 4438 647 4479 res
670 4423 754 4494 ipsas.
784 4420 929 4477 Videamus
982 4418 1086 4475 cervice
1115 4418 1210 4474 reciso.
1234 4418 1437 4487 Separationem
1461 4434 1530 4490 opus
1554 4437 1614 4478 esse
1635 4423 1776 4476 macheras

137 4493 196 4565 quid
210 4494 320 4566 ipsimet
333 4493 458 4564 apostoli,
473 4508 583 4548 suarum
593 4493 743 4550 litterarum
757 4495 927 4563 interpretes,
982 4489 1019 4547 ait
1033 4489 1187 4562 Septimius,
1204 4488 1249 4544 lib.
1266 4504 1305 4553 tv,
1326 4488 1435 4547 odorrs.
1452 4491 1535 4548 llere.
1552 4500 1579 4548 et
1591 4492 1677 4546 Lucas
1691 4494 1777 4562 διαμε-

136 4565 255 4622 lecerint.
278 4565 366 4621 Vitam
379 4572 454 4621 certe
466 4564 518 4637 ipsi
532 4581 607 4621 suam
622 4566 751 4636 martyrio
769 4565 929 4635 impendere
981 4564 1066 4687 napis
1092 4560 1159 4619 dixit
1184 4563 1257 4634 quod
1284 4561 1377 4641 blatth.
1406 4560 1539 4640 μάχαιραν.
1565 4562 1654 4635 ltaque
1676 4562 1776 4642 distru-

136 4650 185 4693 ιιι
211 4637 413 4702 dubitaverunt,
438 4635 474 4692 de
500 4635 643 4695 Dominioo
666 4637 771 4696 scillcet
794 4643 929 4709 praeoepto
975 4660 977 4667 ·
1003 4633 1053 4689 ’tur
1089 4633 1189 4689 Paulus
1227 4631 1412 4698 decollatione,
1441 4628 1616 4712 principalem
1653 4643 1776 4710 eorporis

135 4707 197 4764 nibd
212 4707 395 4781 ambigentes
410 4707 477 4764 llio.
983 4713 1084 4776 partem
1097 4704 1245 4763 auferente.
1261 4704 1328 4760 Nam
1351 4704 1402 4759 hoc
1415 4702 1511 4760 accidit
1532 4703 1567 4758 ris
1585 4702 1631 4774 qui
1647 4701 1692 4759 tab
1710 4717 1776 4772 sup·

167 4779 226 4852 (93)
240 4781 278 4838 st
297 4797 348 4838 uos
362 4795 557 4854 usquequaque
570 4782 711 4854 simplices
730 4781 847 4838 anime.
867 4779 931 4838 llaec
982 4776 1062 4848 plicio
1076 4776 1237 4848 plectuntur,
1252 4784 1280 4832 ut
1304 4789 1359 4833 non
1371 4773 1470 4831 cadant
1483 4772 1592 4848 integri,
1607 4789 1658 4832 nec
1669 4775 1776 4845 iaceant

134 4859 192 4909 sunt
206 4854 290 4915 dicta,
310 4851 351 4912 rel
373 4851 465 4925 potius
479 4852 564 4910 aculei
583 4850 761 4927 scorpiorum,
777 4849 929 4925 cujusmodi
983 4849 1113 4904 cadauere
1132 4855 1197 4905 toto.
1217 4845 1325 4904 Etenim
1340 4847 1530 4904 decollatorum
1545 4845 1634 4919 capita
1647 4845 1703 4919 pilo
1718 4845 1774 4902 lore

134 4938 224 4996 supra.
240 4924 306 4979 lira.
983 4927 1028 4975 aut
1042 4920 1124 4974 hastae
1144 4917 1263 4990 praetixa.
1288 4921 1350 4977 Rru.
1375 4947 1413 4961 -
1436 4919 1574 5003 Creditur,
1589 4921 1777 5003 opprimitur,

163 4995 224 5068 (94)
239 4997 276 5051 ει
289 4994 462 5053 solummodo
476 4994 620 5053 columba.
636 4997 697 5053 Non
713 4995 794 5053 ctiam
807 4993 929 5066 pruden-
983 4992 1159 5060 immolatur,
1173 4991 1357 5049 distrahitur.
1368 4990 1449 5047 Ludit
1461 4992 1608 5062 Septimms
1620 5008 1649 5048 sn
1663 4992 1776 5048 antithe-

133 5067 167 5123 tia
190 5072 344 5137 samsom,
368 5065 509 5122 illuditad
531 5067 599 5123 illud
620 5068 720 5124 Christi
742 5073 813 5138 apud
834 5067 928 5122 blutth.
984 5062 1028 5118 tis.
1054 5065 1134 5120 Petro
1156 5063 1321 5134 Stephanum
1348 5064 1472 5146 opponit.
1493 5064 1602 5123 Etenim
1625 5065 1722 5121 Petrus
1745 5063 1774 5119 in

131 5135 170 5208 [x.
184 5139 363 5209 tilzhrtotc
390 5136 772 5215 rudeutcssicutserpmtes,
788 5137 932 5212 etsimpti·
983 5149 1060 5191 cruce
1088 5133 1175 5192 editus
1203 5143 1231 5191 et
1266 5133 1400 5203 sublimis,
1433 5143 1461 5191 ιιι
1501 5136 1654 5210 Stephanus
1678 5152 1775 5195 aceruo

131 5213 262 5268 cerneret
271 5207 337 5266 colu
383 5226 418 5265 ιιι.
433 5208 498 5266 liro.
982 5220 1110 5262 saromm
1137 5208 1259 5264 obrutus.
1283 5206 1413 5264 iacobum
1439 5223 1506 5266 vero
1533 5208 1647 5282 opponit
1681 5206 1773 5263 Paulo.

160 5281 218 5354 (95)
232 5278 367 5339 Libemer
380 5285 522 5338 ementes.
539 5281 648 5338 incauta
666 5280 839 5354 simplicitate
852 5280 930 5337 aber·
983 5276 1086 5332 Etenim
1114 5277 1212 5334 Paulus
1249 5285 1373 5336 truncato
1408 5279 1493 5353 capito
1525 5281 1592 5336 duas
1620 5280 1648 5334 in
1686 5284 1775 5358 partes

129 5363 228 5420 mres,
247 5358 276 5409 et
287 5356 426 5409 arctantes
438 5352 473 5407 ab
487 5353 636 5410 Dominicis
649 5354 761 5409 adibus.
777 5354 840 5409 liro.
983 5349 1127 5405 distractus
1152 5357 1211 5413 est;
1229 5359 1257 5408 at
1282 5351 1398 5407 lacobus
1424 5352 1586 5416 immolatus,
1613 5351 1669 5406 ictu
1697 5348 1776 5403 lusus

162 5427 221 5497 (96)
247 5427 352 5485 Petrus
375 5423 506 5481 caditur.
523 5425 569 5482 sic
592 5425 673 5482 habet
696 5433 773 5484 retus
796 5424 930 5496 exemplar
983 5421 1100 5479 sillictus
1129 5431 1216 5491 torrae,
1253 5423 1372 5480 concidit
1405 5422 1521 5496 integer.
1558 5421 1776 5479 Victinmriorum

127 5496 279 5571 dgobardi.
303 5496 500 5555 romnumen
521 5512 582 5555 cum
598 5498 651 5555 hoc
668 5494 729 5554 loco
743 5503 845 5554 mortes
863 5510 930 5566 apo·
983 5491 1128 5565 disciplina
1155 5506 1222 5560 erat,
1249 5493 1352 5550 hostias
1374 5493 1411 5548 ita
1434 5495 1538 5551 eaedere
1561 5502 1588 5550 et
1608 5489 1775 5553 exanimare,

128 5570 261 5627 stolorum
288 5583 336 5649 per
370 5567 568 5640 suppliciorum
601 5582 701 5643 genera
741 5566 928 5640 designentur,
984 5569 1015 5623 ut
1041 5580 1094 5620 uon
1124 5564 1294 5633 reluctarent,
1321 5564 1369 5620 sed
1396 5564 1472 5636 quasi
1493 5571 1589 5638 sponte
1614 5562 1778 5633 procumbe-

127 5638 196 5698 terri
224 5651 383 5713 pauonem
412 5635 627 5712 significantius
652 5638 738 5698 serbo
766 5637 930 5711 uerenpum
984 5642 1054 5691 rent.
1069 5635 1131 5692 ltro.
