3840 6134
137 256 209 320 irco
511 265 682 333 saravum
702 267 733 331 v.
751 298 789 316 -
818 269 852 334 u.
878 269 1070 338 meatuum
1090 275 1212 340 nuova
1234 279 1354 344 lover.
1710 279 1781 359 irre

134 398 202 456 pnm
214 383 456 456 Mediolanensem,
477 391 584 449 medem
603 401 666 464 pest
680 396 715 451 lb
736 401 782 451 aut
795 393 830 452 td
844 409 932 456 annos
946 413 970 494 Α
983 401 1115 459 antsliter
1127 401 1266 474 impedito,
1288 408 1331 463 vel
1349 406 1377 463 iu
1393 408 1542 470 subitaneis
1560 420 1642 488 atque
1656 424 1781 479 extraor-

135 471 235 529 remitti
253 474 438 548 postulabant,
459 496 473 532 e
495 481 639 551 quiscum
664 498 732 555 pene
754 498 851 543 omnes
868 485 929 559 epi·
984 489 1097 547 dioariis
1119 492 1235 560 essibus,
1271 493 1331 552 fieri
1360 513 1428 570 opus
1458 503 1650 579 erstlnempe
1673 508 1781 568 diaconi

135 560 222 632 scopi,
246 577 316 635 quos
338 565 464 623 ordinare
486 571 564 636 solet,
588 570 688 627 mortui
711 570 776 641 sint,
799 573 931 630 immensa
984 577 1111 651 (quorum
1125 596 1195 638 unus
1204 582 1309 655 saltem,
1325 592 1395 644 teste
1408 589 1536 658 hlartene,
1548 592 1595 651 lib.
1614 609 1705 671 neap.
1722 614 1740 666 v,
1752 616 1784 658 a.

136 651 230 723 populi
254 652 396 711 multitudo
415 655 473 713 sine
496 656 628 728 baptismo
648 660 777 721 moritur.
795 682 808 714 s
828 663 930 721 Eodem
983 670 1009 736 3,
1023 670 1049 724 in
1064 667 1181 727 Ecclesia
1193 685 1317 729 unacum
1332 676 1493 748 presbytero
1512 681 1631 739 residere
1649 684 1779 762 debebat)

136 739 237 796 osculo
250 740 280 797 S.
296 740 381 815 Greq.
396 743 432 799 hl.
452 744 480 800 in
493 747 583 818 Epist.
599 747 636 804 ed
657 750 735 808 Rom.
755 751 929 819 Patricium,
983 755 1011 811 id
1043 773 1157 830 munus,
1179 758 1257 818 icelle
1283 760 1460 824 demandante
1478 769 1651 844 presbytero,
1687 775 1781 834 subire

134 836 229 886 centra
244 829 316 887 hunc
337 831 453 902 graviter
467 835 641 905 conqueritur
658 836 803 908 Blandum,
820 839 930 909 episco·
984 845 1131 905 debebant.

134 932 200 991 pum
214 917 385 986 hortensem,
395 921 429 976 ab
439 921 534 978 eodem
544 923 680 981 Ravennae
694 922 778 1001 longo
794 929 848 995 jam
861 935 930 983 tem·
1018 938 1154 996 Honorem
1171 937 1260 1008 Quem
1282 940 1384 1000 scilieet
1410 944 1536 1017 qnaelibet
1567 949 1692 1010 Ecclesia
1715 957 1778 1030 epi.

133 1021 199 1078 pere
215 1004 340 1063 detineri.
360 1008 499 1081 Praeeipua
513 1021 602 1069 autem
622 1023 735 1084 questus
750 1016 833 1086 hujus
847 1031 929 1074 causa
982 1040 1076 1099 scopo,
1101 1035 1226 1102 tanquam
1243 1046 1292 1088 suo
1307 1033 1481 1103 Hierercboe,
1501 1035 1647 1112 detulerat,
1661 1044 1707 1100 vel
1733 1064 1778 1105 ve.

133 1101 199 1160 erat,
216 1095 290 1168 quod
298 1096 401 1156 ibidem
414 1100 735 1176 infentcsprepeecelis
749 1105 851 1179 absque
866 1105 930 1179 bep-
981 1113 1038 1171 rius
1053 1122 1180 1189 tanquam
1199 1119 1329 1178 divinitus
1357 1121 1385 1178 in
1412 1138 1473 1180 eum
1496 1125 1619 1185 collatum
1647 1130 1777 1196 honorem

134 1185 248 1241 temate
269 1188 441 1246 moriemur.
462 1188 507 1245 Sie
529 1189 609 1247 ctiam
632 1207 696 1248 saec.
720 1207 771 1264 vn,
785 1196 819 1251 ira
842 1194 927 1255 eone.
982 1210 1250 1279 sponteaqnoverat.

133 1287 154 1328 ιι
168 1273 339 1346 hispalensi,
361 1290 406 1331 an.
431 1278 483 1332 ola
507 1278 654 1348 celebrato,
670 1296 730 1338 ean.
754 1283 783 1351 'l,
797 1280 929 1340 sancitum

132 1358 191 1429 luit,
208 1378 221 1414 ι
238 1378 324 1435 neque
347 1378 439 1420 eoram
462 1364 589 1438 episcopo
612 1366 695 1425 licere
718 1370 886 1445 presbyteris
899 1373 928 1428 in
981 1414 1011 1456 ,ο

131 1447 318 1519 baptisterium
332 1450 454 1516 introire,
474 1469 525 1511 nee
542 1464 677 1527 presente
690 1458 822 1533 episeopo
834 1459 928 1516 inlan·
953 1489 956 1494 ·

131 1545 185 1593 tem
201 1538 315 1610 tingere,
333 1560 345 1589 ι
366 1549 418 1598 ete.
434 1541 564 1601 Videmus
587 1559 664 1618 ergo,
684 1561 766 1617 quam
780 1546 863 1604 nimis
882 1555 926 1606 te·

129 1640 212 1683 neces
243 1626 295 1683 illis
333 1630 500 1700 temporibus
536 1633 713 1705 quarumdam
745 1636 927 1694 Ecclesiamm

129 1713 250 1784 episcopi
264 1717 390 1786 suijuris
404 1715 514 1789 luerint,
529 1728 559 1777 ut
572 1735 662 1793 neque
676 1723 704 1779 in
716 1723 838 1781 absentia
852 1724 926 1783 istud

130 1802 294 1874 presbyteris
322 1806 572 1865 communicandum
609 1811 782 1884 censuerunt.
800 1829 833 1870 ea
868 1813 926 1872 lor·

129 1896 203 1946 tasse
218 1891 252 1947 de
265 1907 357 1959 causa,
372 1896 444 1966 quod
459 1895 622 1968 baptismum
634 1898 694 1956 sinc
707 1900 923 1973 confirmatione,

127 1993 176 2034 seu
194 1979 367 2051 impositione
387 1999 513 2041 manuum
533 1986 665 2060 episcopi,
685 2004 740 2047 non
764 1996 837 2049 reete
859 2008 926 2051 eon·

127 2063 197 2123 ierri
211 2067 432 2130 existimaverint.

1017 1309 1102 1370 Salve
1115 1329 1173 1384 pem
1187 1319 1241 1372 est.
1256 1315 1316 1372 Non
1329 1325 1401 1376 esset
1415 1327 1505 1378 autem
1517 1337 1569 1394 pus
1582 1324 1664 1394 salva,
1681 1327 1704 1384 si
1715 1326 1778 1400 epi·

1012 1402 1072 1471 opis
1086 1417 1136 1458 sua
1163 1404 1308 1462 auctoritas
1335 1422 1391 1464 non
1419 1421 1582 1480 servaretur,
1613 1417 1778 1489 presbyteris

981 1490 1091 1562 propria
1107 1507 1171 1550 mox
1190 1493 1349 1553 auctoritate
1376 1496 1503 1570 quaelibet
1529 1500 1657 1560 sceleste
1684 1505 1777 1563 munis

981 1578 1134 1650 promiscue
1151 1580 1354 1656 involantibns,·
1369 1586 1490 1660 episcopi
1517 1589 1588 1647 enim
1608 1600 1682 1659 sunt,
1706 1610 1778 1666 qnos

980 1665 1104 1740 Spiritus
1124 1676 1242 1731 semeias
1252 1674 1349 1748 poscit
1363 1690 1457 1749 repere
1480 1679 1632 1738 Ecclesium
1647 1683 1708 1753 Dei,
1723 1691 1775 1740 cte.

979 1755 1065 1832 Igitur
1082 1760 1142 1819 brec
1159 1763 1303 1820 auctoritas
1326 1766 1493 1837 temporibus
1519 1769 1694 1842 Tertulliani,
1715 1780 1778 1829 tsn-
1879 1800 1890 1829 ι

978 1862 1059 1920 quam
1074 1851 1239 1910 satisreeeus
1253 1852 1287 1909 ab
1299 1855 1429 1925 apostolis
1442 1855 1572 1928 proiecta,
1589 1859 1734 1934 episeopis,
1750 1870 1779 1920 et
1820 1864 1821 1868 ’

977 1933 1006 1990 in
1029 1938 1073 1993 his
1096 1941 1189 2012 potins
1219 1943 1348 2015 apostolis
1385 1942 1462 2014 ipsis,
1489 1958 1593 2003 servata
1619 1948 1718 2018 luerat,
1747 1968 1765 2009 ιι

978 2027 1054 2101 nibil,
1076 2030 1129 2088 nisi
1146 2030 1371 2091 demandantibns
1386 2034 1524 2110 legitimis,
1548 2052 1581 2095 ae
1603 2036 1775 2113 immediatis,

978 2125 1008 2176 ut
1016 2119 1161 2192 loquimur,
1170 2129 1196 2178 et
1204 2121 1313 2178 directis
1327 2125 1519 2198 apostolorum
1527 2127 1776 2203 successoribusve

162 2217 271 2275 Interea
279 2224 368 2275 mmen
382 2220 481 2277 sensim
492 2219 592 2278 laetum
606 2221 667 2289 luit,
682 2222 752 2281 utin
767 2227 927 2296 parochiali·
978 2215 1028 2276 0⁵¹2
1042 2210 1187 2284 ‘dimidiis’
1201 2209 1272 2268 ΨΜ
1291 2218 1536 2312 fammwwm
1560 2215 1619 2288 (qui
1647 2215 1775 2322 Boeleffi‘?

126 2304 179 2363 bns
192 2307 438 2378 quoqueEcelesiis
459 2307 613 2381 baptisteria
624 2309 730 2381 publiea
743 2311 925 2385 erigerentur,
979 2295 1105 2355 ‘helluri'
1127 2299 1340 2400 luniolichflsif’
1353 2303 1775 2406 ΡΘΗΡΜΨΡΟΨῙΟΗΞΡΜ,

126 2399 154 2451 st
168 2394 288 2467 episcopi
296 2396 352 2466 jam
367 2394 467 2468 passim
478 2395 564 2454 solius
577 2396 703 2469 baptismi
718 2400 857 2470 solemnis,
873 2402 926 2458 sei-
978 2394 1034 2443 ⁰1⁸
1063 2387 1277 2488 ⁸¹¹loe⁵⁸⁰f¹b¹¹l
1294 2389 1348 2489 ¹¹¹¹{l
1383 2391 1572 2491 idithim)
1601 2392 1775 2495 ldfflfflllii&

126 2480 190 2539 lieet
213 2481 239 2538 is
265 2484 383 2544 Sebbete
403 2489 512 2556 saneto,
536 2492 562 2542 et
586 2484 726 2560 pervigilio
748 2491 925 2550 Pentecosten
975 2473 1077 2535 limem
1090 2475 1190 2543 hcfflh
1206 2491 1315 2534 m⁸¹¹¹¹⁰
1337 2494 1365 2534 ¹¹¹
1394 2480 1541 2550 ¹³⁸P²¹⁸m⁰²
1568 2481 1603 2538 ‘¹⁰
1627 2497 1682 2555 ‘1¹¹⁰
1707 2481 1776 2541 ⁸⁰¹³

127 2569 286 2629 musaeum
301 2611 310 2639 ⁹
323 2579 483 2644 pompm
497 2572 548 2631 ,ibi
563 2577 949 2650 ,030r,m1,p,0⁸byoeffi‚,
975 2564 1107 2639 apostolis
1123 2565 1222 2623 dictum
1236 2565 1324 2624 luerat
1338 2569 1372 2626 :1
1374 2573 1412 2642 te,
1427 2569 1530 2639 decere,
1547 2570 1700 2645 baptizate.

126 2673 194 2718 sero
211 2670 288 2719 extra
302 2660 348 2717 illa
371 2668 493 2736 tempora
515 2661 644 2735 baptismi
665 2663 821 2722 conserendi
836 2682 925 2740 gene·
952 2732 959 2751 ,
1003 2652 1155 2749 Ἇῐίοᾳιιίιι,
1169 2673 1310 2734 ieelim
1326 2717 1333 2743 ,
1348 2676 1532 2745 velsimver05
1549 2685 1579 2733 ut
1588 2678 1657 2735 adeo
1676 2694 1774 2735 sensus

127 2749 184 2805 rale
198 2749 332 2823 quoddam
344 2751 400 2822 jus,
424 2766 455 2808 ae
478 2750 531 2825 ipsi
546 2766 631 2810 sacrae
654 2752 828 2824 ordinationi,
842 2772 923 2830 quam
976 2762 1014 2821 sit
1026 2777 1035 2822 t
1047 2782 1062 2817 ι
1075 2760 1106 2821 Si
1119 2776 1187 2821 vero
1202 2777 1257 2818 non
1270 2771 1391 2821 servatus
1404 2763 1487 2821 luerit
1504 2779 1570 2821 snus
1584 2766 1713 2823 Ecclesia
1726 2768 1775 2824 ho

127 2837 163 2894 sb
177 2837 315 2912 episeopis
336 2841 578 2911 consequebantur,
598 2840 672 2898 velut
692 2858 837 2912 annexum,
854 2843 925 2903 iace·
975 2866 1039 2924 nor,
1053 2856 1080 2908 et
1094 2854 1245 2925 eorumqui
1258 2853 1292 2910 ad
1305 2851 1394 2912 officia
1407 2851 1497 2910 divina
1516 2853 1608 2912 vocati
1628 2868 1662 2910 ac
1683 2853 1774 2924 depu-

127 2933 195 2984 renl.
210 2929 305 3001 Neque
318 2945 383 2986 vero
406 2930 487 2987 etiam
505 2931 563 2988 haec
585 2928 746 3004 disciplina*
759 2931 863 3003 species
877 2932 923 2989 diu
977 2941 1026 2998 teti
1035 2949 1107 3010 sunt,
1123 2943 1278 3012 auctoritas,
1288 2958 1365 3016 aeque
1383 2943 1429 3015 ius
1442 2942 1507 2999 illud
1526 2942 1601 3001 laicis
1623 2942 1774 3002 conceden-

125 3015 284 3089 permansit,
318 3018 364 3075 sed
396 3017 503 3075 taudem
530 3018 664 3090 ampliatis
695 3019 874 3092 dioeeesibus,
898 3028 925 3078 et
977 3030 1042 3087 dum
1056 3030 1117 3104 erit,
1128 3033 1204 3090 omni
1211 3031 1269 3103 Jsm
1282 3031 1377 3089 ordine
1396 3032 1515 3102 turbato,
1525 3041 1578 3089 ete.

128 3104 244 3164 nimium
267 3114 438 3165 accrescente
462 3106 633 3165 multitudine
651 3109 923 3181 catechumenorum,
1013 3142 1084 3198 Dan·
1097 3142 1199 3212 pomp·
1215 3139 1313 3212 Neque
1330 3139 1402 3195 enim
1428 3139 1488 3196 laici
1510 3139 1599 3196 minus
1622 3138 1772 3212 perfectum

126 3196 193 3262 ete..
209 3193 289 3253 etiam
310 3196 441 3254 solemnis
454 3196 604 3270 baptismus
619 3196 785 3269 presbyteris
799 3199 926 3257 transcri·
977 3227 1142 3301 baptismum
1158 3227 1318 3300 suscipiunt,
1333 3242 1416 3299 quam
1429 3233 1509 3284 ,mea
1523 3227 1688 3300 susceperim
1711 3227 1772 3301 epi,

126 3284 192 3357 ptus
214 3282 276 3355 luit,
301 3291 329 3341 et
351 3285 437 3342 ierme
456 3285 485 3343 in
508 3285 567 3343 sols
587 3285 781 3342 Mediolanensi
806 3285 924 3344 Ecclesia
978 3317 1138 3391 mm„
1152 3316 1329 3391 hammes·

130 3370 258 3446 deinceps
285 3372 411 3442 (lorusse
429 3373 456 3430 in
481 3374 638 3432 memoriam
663 3372 811 3447 singularis
832 3373 925 3444 illius,

126 3475 212 3533 quem
236 3460 266 3517 S.
287 3461 449 3520 Ambrosius
470 3461 534 3532 illic,
550 3470 580 3520 nt
603 3478 685 3536 supra
703 3462 924 3531 memoravimus,

128 3553 184 3604 um
200 3547 341 3625 insigniam
355 3551 549 3622 compresum
571 3550 623 3608 zer
646 3564 678 3607 ae
691 3549 823 3624 exemplu
837 3564 924 3624 penes
977 3515 1224 3614 ⁸³⁰³¹¹¹f¹¹⁸¹3⁴¹2i²l
1239 3521 1277 3569 ¹¹⁸
1292 3514 1478 3656 ¹⁰i¹‘.²lN‡¹
1492 3521 1773 3659 5J¹⁸⁰⁰P¹lff¹¹¹z⁶¹⁰2

126 3635 285 3711 episcopum
308 3638 504 3710 perseveravit,
527 3646 557 3696 ut
576 3648 666 3696 now
687 3638 823 3696 eruditiss·
844 3639 923 3696 Edm·
976 3613 1109 3663 vorantur
1122 3603 1265 3672 discentes,
1281 3618 1329 3660 seu
1341 3602 1500 3676 discupni(1
1536 3608 1754 3679 est,nis1singn

126 3725 256 3795 nme,
272 3725 320 3782 qu,
335 3741 345 3782 1
358 3724 392 3784 q,
405 3728 472 3785 m·
484 3727 573 3796 pm,
583 3743 643 3800 cap·
659 3741 681 3793 ι,
696 3739 748 3784 m·
762 3729 789 3795 3,
805 3743 833 3782 n·
847 3731 874 3795 3⁸
890 3743 923 3785 θ,
977 3693 1070 3750 lariter
1082 3692 1116 3750 ad
1131 3695 1184 3750 hoc
1198 3709 1295 3750 munus
1316 3691 1405 3751 vocati
1425 3691 1488 3761 sint,
1504 3699 1633 3766 tanquam
1646 3691 1774 3766 discipuli

1050 3784 1055 3794 ¹
1080 3782 1086 3794 ·
1440 3780 1446 3791 “
1589 3797 1632 3837 res
1661 3781 1773 3838 Domini

128 3813 641 3883 ⁸·
1462 3795 1603 3941 leth
1617 3783 1651 3925 l

977 3961 1119 4035 aequaliter
1132 3957 1278 4033 pertinebit
1286 3958 1353 4016 illud
1367 3959 1474 4017 Domini
1486 3966 1649 4032 preceptum
1659 3958 1771 4031 (lletth.

164 4043 202 4100 ar
214 4041 337 4102 diecesi.
348 4041 426 4101 Licet
442 4042 507 4100 solis
519 4041 648 4117 apostolis
661 4056 677 4098 a
690 4042 799 4100 cbristo
812 4043 926 4117 imposi·
976 4052 1138 4122 ammiel:
1148 4051 1264 4115 verres,
1275 4049 1368 4108 docete
1377 4052 1585 4122 omnesqcrrlcs,
1595 4048 1773 4122 reprimeres

139 4145 186 4187 um
200 4129 282 4189 inerit
299 4148 397 4189 munus
408 4133 581 4206 baptizandi,
596 4135 701 4189 constat
712 4139 802 4190 tamen
817 4149 850 4191 ex
863 4138 923 4195 Act.
978 4155 1033 4206 eos,
1054 4145 1107 4196 ete.
1128 4139 1214 4207 Atque
1239 4138 1297 4193 baec
1308 4137 1407 4194 Latinii
1425 4138 1580 4206 conjectura
1603 4152 1657 4191 oon
1681 4135 1767 4208 inepta

126 4233 187 4287 vni,
200 4223 246 4288 lt,
256 4220 420 4294 Philippum,
431 4220 610 4279 licetnonnlsi
624 4221 782 4291 diaconum,
793 4221 821 4277 in
832 4222 925 4279 Sama-
977 4237 1029 4285 ete.
1048 4226 1172 4283 »innius
1183 4239 1260 4296 vero,
1276 4233 1381 4281 retenta
1394 4239 1461 4280 voce
1471 4225 1606 4289 dieentes,
1622 4223 1710 4321 solum
1729 4223 1773 4278 in·

125 4306 168 4365 ria
181 4309 340 4381 baptizasse.
368 4310 460 4382 utique
482 4309 704 4365 demandantibos
726 4309 751 4365 ei
773 4310 802 4364 id
827 4326 924 4367 munus
977 4313 1180 4387 terpunctiooes
1202 4318 1297 4382 mutat,
1330 4309 1368 4367 ita
1391 4311 1628 4372 inchoanszaNisi
1647 4311 1772 4384 episcopi

125 4395 194 4471 ipsis
203 4398 364 4470 appostolis.
376 4397 650 4467 Caeterumdieeersis,
662 4396 922 4471 seuquiimmediate
938 4360 1042 4478 njam,
1067 4412 1130 4469 etc..
1153 4406 1285 4461 vocantur
1312 4399 1434 4457 dicentes
1454 4400 1587 4460 :Domini
1611 4415 1773 4458 sermonen
1802 4418 1813 4452 a

123 4485 296 4561 presbyteris
324 4487 489 4546 subordinati
517 4496 599 4561 sunt,
636 4487 739 4560 absque
767 4487 924 4545 corumdem
977 4497 1055 4553 debet
1068 4490 1196 4551 abscondi
1209 4489 1243 4547 ab
1257 4488 1312 4546 ullo
1328 4488 1460 4560 ;prcinde
1478 4498 1505 4547 et
1519 4490 1679 4563 baptismus,
1693 4498 1774 4563 atque

126 4572 249 4645 jussione
263 4575 369 4634 licitum
389 4590 445 4633 non
460 4573 544 4632 luisse
566 4573 710 4646 baptizare,
731 4584 851 4633 veterum
865 4591 925 4633 mo·
976 4579 1027 4637 Dei
1038 4593 1145 4649 census,
1161 4577 1194 4634 sb
1209 4573 1335 4632 omnibus
1350 4573 1468 4632 exerceri
1482 4582 1581 4646 potest.
1608 4574 1661 4632 Sed
1673 4584 1774 4648 quanto

127 4667 257 4718 numento
271 4669 415 4720 testantur.
431 4662 476 4720 Sic
495 4665 568 4719 enim
583 4677 646 4719 sace.
663 4678 692 4729 v,
706 4662 832 4720 Gelasius
844 4679 924 4737 papa,
978 4669 1080 4742 magis,
1097 4688 1108 4719 ι
1130 4675 1181 4725 cte.
1197 4667 1290 4740 ltaque
1313 4672 1401 4722 totum
1415 4665 1487 4720 hunc
1502 4670 1657 4722 contextum
1674 4666 1712 4722 ita
1726 4664 1772 4720 in.

127 4748 300 4826 inlapsae,
320 4753 358 4810 ed
372 4754 456 4827 episc.
468 4753 610 4821 became,
626 4765 689 4827 cap.
705 4755 734 4821 e,
751 4753 786 4809 de
804 4753 926 4810 diaconis
979 4756 1066 4831 telligi
1077 4753 1135 4813 vult
1161 4774 1167 4810 :
1187 4754 1246 4811 Nisi
1256 4753 1327 4811 lorte
1355 4751 1440 4826 (quod
1467 4751 1614 4808 absurdum
1642 4751 1706 4853 est).
1722 4768 1773 4824 pro

128 4840 234 4899 habet:
255 4864 266 4897 ι
281 4843 391 4916 Absque
404 4841 534 4917 episcopo
549 4842 593 4901 vel
612 4843 773 4917 presbytero
788 4843 926 4920 baptizare
978 4844 1126 4922 episcopis,
1142 4842 1309 4918 presbyteris
1321 4851 1348 4899 ct
1368 4841 1488 4900 diaconis
1505 4841 1599 4900 haberi
1619 4857 1775 4916 promiscue

131 4927 244 4988 1100
259 4947 316 4988 non
333 4931 448 4990 audeant
468 4931 520 4988 nisi
543 4932 680 5004 predictis
702 4932 815 4990 fortasse
830 4932 927 4991 oldciis
982 4951 1030 4993 eos
1055 4950 1152 4992 omnes
1179 4932 1322 5006 placuerit,
1351 4931 1398 5003 qui
1416 4931 1453 4988 ita
1471 4932 1564 4990 dicunt
1577 4941 1602 4989 et
1615 4931 1773 4990 allirmant:

127 5018 239 5092 longius
252 5020 407 5078 constitutis
423 5024 514 5094 (qnam
529 5021 632 5080 seilicet
645 5022 679 5079 ad
693 5037 741 5080 eos
754 5029 926 5097 opportunus
979 5027 1098 5096 Quorum
1109 5033 1150 5081 est
1161 5022 1283 5099 prolerre
1292 5022 1405 5079 verbum
1415 5020 1474 5091 Dei,
1489 5029 1516 5078 et
1529 5037 1584 5079 non
1598 5023 1774 5094 abscondere,

125 5123 257 5167 recursus
279 5124 329 5182 pro
342 5109 509 5186 impetranda
534 5111 661 5172 laenitate
685 5111 744 5169 fieri
762 5111 867 5186 posset)
881 5126 928 5169 ne-
980 5130 1076 5174 eorum
1090 5126 1131 5172 est
1154 5121 1182 5172 et
1203 5111 1359 5186 baptizore;
1374 5110 1497 5170 omnium
1520 5118 1611 5170 sutem
1634 5128 1694 5171 csse
1708 5128 1775 5188 pro·

126 5197 242 5255 cessitas
269 5205 390 5257 extrema
417 5199 572 5274 compellat.
602 5222 615 5256 s
640 5201 697 5260 iliis
721 5202 794 5261 enim
821 5203 928 5263 saeulb
981 5204 1052 5262 ierre
1075 5204 1188 5262 verbum
1209 5202 1260 5260 Dei
1277 5217 1283 5259 :
1299 5217 1363 5275 ergo
1383 5211 1410 5259 et
1434 5200 1583 5274 baptizare,
1608 5210 1661 5260 ete.
1679 5221 1692 5256 r
1708 5201 1775 5271 Qua

126 5286 327 5360 antiquioribus
347 5305 403 5348 non
426 5298 500 5348 tanta
522 5302 581 5348 erat
603 5291 775 5350 sacerdotum
794 5293 882 5367 copia,
897 5301 928 5349 ut
981 5294 1139 5364 conjectura
1163 5307 1227 5349 sane
1259 5292 1323 5346 milii
1354 5289 1469 5357 felicior,
1498 5293 1641 5364 magisque
1669 5301 1774 5364 arguta,

127 5374 245 5448 quilibet
262 5377 415 5448 particulari
438 5379 519 5437 coetui
542 5378 671 5453 inpagis,
689 5389 716 5436 et
739 5379 858 5455 oppidis,
873 5380 928 5439 imo
981 5398 1060 5457 quarn
1076 5382 1200 5452 superior
1209 5380 1254 5438 illa
1266 5378 1371 5451 batinii,
1380 5378 1495 5436 videtur.
1511 5381 1551 5435 lta
1565 5379 1648 5452 igitur
1661 5393 1713 5436 vos
1732 5379 1777 5436 dl·

129 5470 157 5523 el
174 5464 202 5520 in
226 5464 367 5538 quibusvis
390 5467 553 5539 civitatibus,
577 5483 685 5541 semper
710 5468 809 5543 aliquis
831 5477 929 5542 praesto
981 5476 1076 5533 centes
1091 5470 1123 5526 sd
1135 5469 1216 5528 laicos
1231 5469 1371 5527 referenda
1384 5476 1464 5538 esset,
1481 5466 1558 5539 quasi
1572 5483 1623 5525 nos
1636 5467 1778 5540 loquentes

129 5559 214 5612 esset.
230 5552 302 5627 Quid
315 5572 380 5616 vero
393 5556 532 5617 etiamboe
545 5564 689 5633 presente,
704 5560 752 5618 sed
765 5567 927 5632 egrotante,
981 5560 1137 5620 introducat
1148 5558 1339 5630 Tertullianus,
1353 5557 1460 5632 sibique
1474 5555 1635 5629 baptismum
1650 5573 1727 5631 aque
1745 5573 1779 5616 ac

1012 3426 1149 3485 discredi
1162 3425 1195 3483 eb
1211 3424 1290 3485 elle.
1305 3426 1382 3483 Hune
1395 3425 1484 3481 locum
1493 3423 1594 3482 misere
1607 3422 1773 3483 confractum
