3840 6134
139 280 190 341 ast
477 272 698 334 tslltbttlllll
717 271 850 334 artabu
866 270 951 334 1111118
975 274 1010 335 11.
1025 268 1063 321 ’--
1081 273 1196 337 santus
1217 273 1239 342 1,
1261 271 1436 334 PObssMlGd.
1731 268 1787 332 332

139 402 371 476 corruptibilitatis
399 400 565 471 proprietate
588 399 663 457 felix.
698 401 831 456 irascetur
851 400 933 467 enirn,
950 419 973 498 Α
988 403 1067 459 Dices
1085 402 1208 468 forsitan,
1225 401 1283 455 haec
1297 398 1375 454 etiarn
1392 397 1519 453 humanis
1541 395 1646 467 legibus
1660 395 1787 452 determi-

138 497 185 552 aed
200 509 256 549 non
279 490 485 548 exacerbabitur
499 489 534 558 11,
560 489 605 543 sed
634 505 687 544 non
716 490 935 561 periclitabitur:
990 493 1059 548 nari.
1077 492 1129 547 Sed
1145 501 1206 546 ante
1220 490 1362 561 Lycurgos
1377 495 1403 543 et
1422 487 1536 543 Solonas
1552 501 1670 554 omnes,
1696 486 1787 540 Moses

138 583 297 651 movebitur,
326 581 373 636 sed
410 593 465 635 non
504 584 650 634 evertetur.
693 577 790 633 Omnia
823 593 935 634 necesse
989 589 1015 635 ot
1030 582 1115 636 Deus.
1131 580 1209 635 Nulla
1234 577 1378 650 posteritas
1396 575 1651 647 nonaprimordiis
1677 574 1785 645 accipit.

136 681 178 730 est
198 671 325 728 adhibeat
352 676 464 742 propter
493 667 604 737 omnia;
630 674 668 722 tot
694 682 801 736 seusus,
822 674 887 740 quot
909 674 936 722 ot
989 670 1091 724 Tamen
1105 683 1187 724 nona
1201 674 1247 722 tuo
1260 667 1316 722 Deo
1332 665 1428 720 didicit
1440 665 1551 722 Creator
1572 680 1647 719 meus
1661 661 1786 733 praescri·

137 777 252 820 causas:
270 767 297 815 et
320 758 386 813 iram
415 763 523 829 propter
547 756 682 816 scelestos.
711 765 737 810 et
763 753 844 809 bilem
871 768 935 824 pro·
989 757 1086 814 bore88
1101 760 1161 815 Non
1171 754 1278 813 occides
1293 774 1302 822 ,·
1318 770 1374 810 raon
1389 753 1580 821 adulterabis;
1597 769 1654 810 nou
1673 754 1786 825 surore·

137 859 197 924 pter
211 851 350 926 ingratos,
364 857 392 903 et
406 845 604 902 aemulationem
628 852 738 916 propter
750 843 892 913 superbos,
908 849 936 898 el
988 846 1029 901 ris
1044 866 1054 913 ‚·
1069 858 1127 901 raon
1136 843 1242 915 salsum
1257 839 1455 899 testimonium
1468 840 1545 898 dices
1558 859 1568 909 ,·
1581 842 1710 899 alienum
1725 855 1785 898 uatt

138 939 269 1014 quiequid
292 952 347 994 uon
361 936 469 1008 expedit
490 934 578 990 malis.
602 932 646 989 Sic
672 941 699 989 et
720 932 934 988 misericordiam
988 935 1183 1006 concupisces,-
1199 932 1304 989 bonorn
1317 933 1430 1003 patrem
1444 935 1472 987 ct
1490 934 1613 986 matrem
1628 947 1634 996 ;
1650 937 1677 985 et
1691 946 1698 983 ι
1714 929 1785 987 niti·

138 1039 250 1103 propter
263 1033 397 1092 errantes,
413 1033 440 1082 et
468 1023 625 1097 patientiam
648 1031 760 1095 propter
784 1038 839 1079 non
864 1021 933 1078 resi·
987 1037 1033 1094 pes
1048 1023 1350 1095 prou-irnurntuumut
1367 1020 1556 1092 temetipsum.
1573 1016 1616 1073 lid
1632 1015 1784 1074 breciana-

139 1118 280 1191 piscentes,
302 1123 329 1173 ct
352 1113 535 1191 prestantium
559 1122 671 1185 propter
696 1120 833 1167 merentes
861 1109 933 1183 (15),
987 1113 1095 1183 centias,
1111 1108 1258 1182 pudicitiae,
1278 1116 1306 1164 et
1327 1106 1450 1177 justitiae,
1477 1118 1504 1164 et
1519 1106 1626 1178 pietatis
1646 1104 1784 1178 principa·

137 1216 165 1264 el
178 1205 308 1279 quidquid
321 1204 399 1260 bonis
413 1218 481 1274 opus
495 1211 545 1260 est.
564 1202 631 1270 Quae
649 1201 742 1257 omnia
764 1199 865 1271 patitur
884 1212 934 1254 suo
988 1200 1023 1256 lia
1037 1201 1181 1266 consulta,
1202 1199 1334 1256 accedunt
1361 1199 1443 1256 etiam
1469 1195 1641 1252 humanitatis
1663 1196 1786 1268 praescri·

138 1311 224 1361 more,
247 1308 302 1366 quo
314 1309 374 1350 eum
389 1293 445 1364 pali
465 1291 612 1355 eondeeot;
630 1297 741 1362 propter
758 1304 839 1361 quem
853 1287 933 1345 bomo
987 1298 1054 1362 pta:
1071 1305 1133 1346 cum
1162 1288 1278 1360 septimo
1301 1303 1411 1360 quoque
1433 1302 1503 1343 anno
1524 1285 1633 1343 servitia
1660 1283 1785 1343 libertate

138 1383 233 1440 eudem
247 1382 358 1454 patitur,
369 1397 446 1453 mque
461 1394 510 1436 suo
522 1394 607 1435 more.
986 1377 1129 1434 solvuntur
1147 1377 1157 1446 (
1166 1379 1262 1443 benit,
1278 1379 1341 1446 xxv)
1357 1394 1365 1444 3
1380 1391 1442 1432 cum
1461 1374 1557 1431 codam
1572 1380 1694 1445 tempore
1716 1387 1784 1447 agro

423 1468 537 1525 CAPUT
556 1467 644 1538 XVM.
986 1467 1117 1537 parcitur,
1132 1465 1224 1539 egenis
1238 1465 1359 1522 cedendo
1374 1464 1466 1521 locum
1482 1461 1564 1534 ;b0vi
1586 1461 1669 1519 etiam
1683 1460 1783 1519 tarenti

174 1562 236 1616 Mac
259 1559 349 1632 itaque
375 1559 495 1630 dispecta
518 1564 603 1613 totum
621 1555 744 1611 ordinem
763 1552 811 1608 Dei
833 1552 933 1622 judicis
985 1552 1353 1620 viuculaorisremittuutur,
1375 1553 1410 1608 ad
1434 1553 1550 1609 fructum
1578 1551 1720 1622 praesentis
1740 1551 1782 1606 la-

138 1648 294 1722 operarium
322 1653 349 1702 et
373 1648 423 1716 (ιιι
451 1645 562 1717 dignius
591 1642 717 1713 dixerim)
753 1648 932 1712 protectorem
985 1642 1070 1709 boris,
1084 1658 1138 1715 quo
1162 1641 1267 1699 facilius
1295 1642 1321 1698 in
1352 1642 1499 1713 pecudibus
1521 1638 1709 1711 premeditato
1732 1639 1784 1695 bn·

138 1736 278 1796 catholicae
300 1740 327 1789 et
344 1746 456 1787 summae
488 1731 560 1788 illius
596 1729 724 1785 bonitatis
749 1729 807 1802 (16)
839 1739 933 1785 oston—
950 1705 1101 1789 fimanitas
1115 1731 1296 1788 inhominum
1314 1729 1453 1803 refrigeria
1468 1730 1631 1788 erudiretur.

139 1825 319 1896 dunltquam
347 1826 478 1876 semotam
506 1817 683 1888 ajudicariis
702 1818 836 1886 sensibus,
852 1826 879 1874 et
905 1817 934 1874 in
1263 1819 1377 1876 CAPUT
1400 1818 1499 1874 XVIM.

137 1918 374 1982 anastatupuram
394 1908 491 1964 nolunt
508 1907 674 1964 Marcionitae
697 1909 725 1963 in
752 1907 849 1964 eodem
875 1907 933 1963 Deo
1022 1909 1075 1967 Sed
1086 1926 1146 1982 quae
1161 1909 1250 1982 potius
1264 1909 1334 1982 legis
1354 1909 1427 1963 bona
1444 1906 1600 1973 defendam,
1625 1920 1708 1978 qnam
1721 1919 1782 1977 quat

137 2014 296 2074 1811011111»
314 1999 450 2070 pluentem
465 2013 545 2069 111111
559 1997 648 2053 101101
662 2003 690 2053 el
704 1995 834 2062 malos,et
848 1995 932 2052 solem
988 2001 1099 2058 haeresis
1117 2000 1262 2072 concupiit,
1285 2008 1315 2054 ut
1335 1997 1442 2054 talionis
1456 1986 1658 2062 definitionem,
1674 1994 1783 2052 oculum

137 2105 218 2146 suum
232 2086 297 2145 oriri
324 2087 466 2144 facientem
488 2087 513 2125 11
536 2101 617 2158 super
646 2086 736 2156 justos
762 2088 793 2140 ul
818 2086 933 2156 injustos
986 2105 1036 2162 pro
1052 2091 1143 2162 oculo,
1155 2090 1263 2145 dentem
1278 2102 1328 2160 pro
1343 2088 1433 2154 deute,
1453 2092 1480 2142 et
1494 2085 1606 2142 livorem
1624 2099 1675 2155 pro
1695 2083 1783 2140 livore

138 2181 150 2252 (
164 2178 262 2238 Mottlr.
279 2192 307 2249 v,
323 2178 369 2248 15)
384 2193 392 2235 :
410 2176 481 2246 quod
496 2176 564 2231 alius
577 2176 653 2232 Deus
667 2175 776 2233 omnino
787 2188 840 2231 non
859 2189 931 2245 prae-
984 2179 1152 2252 repetentis(
1169 2178 1256 2237 duod.
1271 2192 1334 2244 xxi,
1350 2175 1421 2246 11)1
1435 2175 1496 2232 Non
1510 2173 1697 2243 eniminjuriae
1719 2188 1782 2228 nru-

137 2276 199 2324 81111.
215 2268 285 2323 Nam
299 2265 351 2320 etsi
365 2267 418 2322 hoc
445 2279 555 2337 quoque
578 2264 764 2320 testimonium
779 2262 880 2319 Christi
905 2263 931 2317 ἰ11
986 2277 1031 2325 tuo
1045 2269 1200 2324 exercendae
1227 2265 1367 2322 licentiam
1381 2265 1460 2336 sapit,
1476 2264 1523 2321 sed
1544 2265 1571 2320 ip
1596 2269 1684 2318 totum
1704 2260 1781 2318 cohi.

137 2357 291 2414 Creatorem
305 2354 424 2411 Marcion
438 2354 472 2410 de
490 2352 636 2427 Evangelio
651 2353 763 2410 eradere
781 2366 862 2407 ausos
879 2362 930 2418 est,
984 2358 1080 2415 hendae
1097 2357 1234 2414 violentia
1248 2355 1388 2427 prospicit,
1404 2361 1444 2422 ut,
1458 2353 1522 2426 quia
1536 2351 1685 2409 durissimo
1698 2360 1725 2407 si
1738 2351 1782 2407 in.

136 2445 186 2502 sau
205 2444 263 2517 epse
286 2443 406 2500 manuus
434 2442 583 2517 inserimus
607 2450 648 2498 est
670 2442 736 2516 (stt,
765 2450 792 2497 st
818 2441 932 2498 omiss
984 2446 1169 2503 fiuetrrnoeo
1183 2446 1283 2518 populo
1297 2446 1421 2518 ιοῃςιω,
1443 2443 1486 2500 ver
1514 2442 1593 2500 cuam
1625 2439 1782 2498 incantato

136 2533 301 2591 consolantia
311 2533 435 2608 legitur;
455 2538 482 2587 et
496 2533 547 2587 erit
559 2531 619 2588 baec
633 2532 691 2604 ipsa
709 2531 837 2602 pallentia
853 2531 932 2587 Crea-
984 2536 1089 2593 ridetur
1111 2552 1128 2591 a
1148 2536 1207 2592 Deo
1222 2542 1382 2608 exspectare
1410 2531 1550 2590 defensam
1567 2529 1636 2602 (19),
1666 2528 1781 2586 adicen-

137 2624 204 2681 loris
222 2623 250 2678 in
263 2622 395 2694 iudicium
418 2622 443 2660 ⁸⁵
460 2619 624 2678 Marcionis:
644 2621 690 2676 illa
710 2619 855 2692 menda,
869 2636 930 2690 quae
983 2625 1044 2682 darn
1060 2633 1164 2695 postea,
1180 2624 1401 2697 perproplretam
1417 2638 1424 2677 ε
1441 2621 1508 2679 Mitti
1526 2621 1718 2691 defensam,et
1732 2634 1781 2690 eno

135 2718 272 2786 exspectat
304 2711 489 2782 penitentiam
533 2709 624 2783 polius
651 2709 802 2781 peccatoris
850 2725 930 2780 quam
983 2713 1144 2786 defendam,
1160 2714 1376 2770 dicitbominur
1396 2711 1488 2784 (licut.
1503 2724 1605 2776 xxxn,
1625 2711 1659 2764 st
1675 2727 1684 2777 3
1702 2709 1780 2764 Mons.

135 2809 269 2867 1110111ῐῦ.
298 2807 326 2856 et
352 2799 454 2859 mavult
476 2798 689 2857 nusericordiam
715 2815 795 2872 quam
825 2799 928 2855 sacriti-
984 2818 1036 2873 xri,
1051 2803 1106 2876 19),
1122 2803 1229 2860 interim
1244 2802 1398 2860 commissio
1414 2800 1521 2872 injurias
1539 2807 1613 2855 metu
1642 2797 1711 2855 vicis
1730 2805 1783 2851 sta·

135 2888 421 2961 11111(011111,1);
440 2891 626 2961 stertensjsm
640 2887 801 2944 destinatum
820 2887 931 2945 exitium
985 2895 1033 2949 tint
1055 2908 1209 2950 occursura
1228 2894 1460 2968 repastinaretur,
1482 2900 1510 2947 et
1530 2890 1638 2947 licentia
1662 2888 1781 2944 retribu-

134 2979 268 3048 Ninivltia,
282 2989 309 3036 et
323 2979 442 3051 largiens
451 2979 565 3050 spatium
581 2978 642 3035 ritae
655 2978 780 3035 Ezechiae
794 2978 930 3052 lacrymis,
946 2999 968 3079 e
982 2981 1062 3041 tionis
1088 2983 1233 3055 prohibitio
1265 2992 1338 3039 esset
1365 2979 1583 3055 provocationis;
1608 2988 1639 3035 ut
1662 2977 1702 3033 sic
1731 2977 1781 3032 im·

135 3078 163 3125 et
176 3069 323 3125 restituens
333 3075 428 3123 statum
455 3068 533 3140 regni
546 3069 689 3140 Babylonis
704 3079 817 3142 tyranno
838 3070 928 3141 poeni-
983 3072 1101 3142 probitas
1116 3079 1202 3128 astuta
1215 3073 1240 3111 11
1254 3081 1382 3138 cessaret,
1398 3071 1474 3141 dum,
1487 3068 1606 3127 secunda
1632 3066 1779 3138 permissa,

145 3156 244 3213 entiam
258 3156 398 3214 86functo.
428 3156 506 3212 illam
524 3154 614 3214 3οὔ
628 3158 689 3215 dico
706 3159 930 3229 misericordiam,
982 3161 1069 3232 prima
1084 3159 1176 3219 808
1191 3170 1328 3229 terretur,
1347 3169 1374 3217 et
1402 3160 1488 3231 prima
1507 3157 1645 3229 deterrita,
1660 3171 1712 3212 nec
1734 3172 1780 3212 se-

135 3262 196 3318 qute
210 3245 335 3303 etlilium
351 3245 442 3302 Saulis
464 3247 624 3303 moriturum
646 3247 706 3320 (18)
729 3263 763 3304 ex
790 3248 932 3304 devotione
982 3252 1071 3306 cunda
1098 3250 1298 3319 committitur,
1323 3266 1375 3323 qua
1396 3250 1422 3288 11
1443 3259 1470 3306 et
1488 3247 1555 3303 alias
1578 3245 1682 3304 facilior
1700 3245 1780 3301 timor

135 3335 235 3409 populo
250 3335 385 3392 concessit
403 3353 410 3391 ι
426 3342 453 3392 et
463 3335 559 3402 Dauid,
576 3336 672 3392 delicta
685 3335 714 3391 in
737 3336 848 3395 domum
860 3337 931 3394 Uriae
983 3338 1090 3395 talionis
1109 3355 1158 3410 per
1172 3339 1295 3395 eumdem
1316 3354 1442 3410 saporem
1456 3334 1600 3409 passionis.
1615 3333 1688 3390 Nihil
1702 3349 1779 3389 ama·

135 3425 298 3495 confessum,
329 3424 408 3481 nenia
428 3424 571 3481 liberarit:
592 3432 620 3481 et
633 3424 722 3497 ipsum
745 3426 830 3482 lsrael
853 3426 931 3483 toties
982 3429 1039 3483 rius
1053 3443 1132 3500 quam
1157 3427 1185 3482 id
1210 3427 1297 3499 ipsum
1311 3427 1375 3498 pati,
1397 3425 1468 3498 quod
1488 3424 1585 3482 feceris
1610 3422 1680 3479 aliis.
1703 3423 1741 3479 Et
1755 3422 1779 3477 si

134 3515 263 3580 restituit,
278 3513 545 3587 quotiasjudicarit;
561 3513 639 3572 toties
657 3513 764 3583 refovit,
780 3514 886 3588 quoties
905 3524 933 3571 et
982 3516 1027 3575 lex
1050 3517 1150 3591 aliquid
1171 3516 1240 3573 cibis
1253 3516 1389 3590 detrahit,
1408 3525 1435 3573 et
1458 3513 1598 3571 immunda
1622 3511 1781 3586 pronuntiat

135 3603 277 3677 increpuit.
295 3603 461 3661 Mausolum
476 3604 559 3676 igitur
569 3604 686 3674 judicem
701 3603 846 3675 aspiciens,
866 3619 932 3662 con·
983 3606 1111 3663 animalia
1125 3623 1185 3680 quae
1199 3606 1344 3678 aliquando
1369 3605 1512 3663 benedicta
1525 3611 1587 3661 sunt
1602 3645 1610 3670 ,
1635 3601 1780 3659 consilium

133 3702 238 3751 vertere
253 3701 279 3749 et
292 3693 326 3749 ad
341 3692 435 3765 optimi
449 3694 582 3766 exempla.
597 3694 701 3750 Notans
715 3695 739 3733 11
751 3710 813 3751 cum
827 3694 933 3752 ulcisci·
976 3696 1141 3761 vexercendae
1160 3695 1331 3752 continentiae
1344 3695 1466 3769 intellige
1482 3737 1489 3763 ,
1504 3702 1530 3751 et
1552 3692 1645 3751 frenos
1659 3690 1778 3766 imposi-

135 3790 187 3849 tur,
211 3782 353 3838 considera
379 3797 440 3837 cum
468 3782 600 3858 indulget.
625 3784 755 3856 Repende
780 3784 932 3841 austeritati
983 3794 1026 3842 tos
1041 3785 1080 3840 illi
1094 3785 1165 3858 gulae
1179 3799 1308 3858 agnosce,
1327 3800 1388 3857 quae
1416 3800 1477 3841 cum
1504 3798 1599 3855 panem
1614 3781 1709 3838 ederet
1731 3796 1779 3837 an-

131 3871 271 3928 leuitalem
291 3888 297 3926 :
315 3886 376 3927 cum
399 3877 543 3944 utrumque
566 3873 724 3932 conveneris
743 3873 771 3930 in
795 3874 931 3946 creatore,
983 3875 1118 3947 gelorum,
1134 3889 1293 3931 cucumeres
1307 3883 1334 3931 et
1347 3889 1471 3947 pepones
1491 3871 1681 3946 AEgyptiorum
1703 3869 1779 3926 desi·

133 3958 256 4017 invenies
271 3962 297 4015 in
312 3975 345 4016 eo
365 3966 394 4017 et
408 3960 485 4030 illud,
500 3963 697 4035 propterquod
717 3963 833 4019 alterum
842 3965 931 4021 Deum
983 3965 1104 4021 derabat.
1120 3968 1246 4038 Agnosce
1259 3964 1342 4020 simul
1357 3972 1385 4020 et
1396 3962 1540 4021 comitibus
1555 3962 1643 4036 gulae,
1673 3959 1779 4016 libidini

132 4047 306 4106 credisllani
320 4048 438 4122 denique
451 4049 485 4105 ad
500 4050 723 4125 inspectationem
738 4052 933 4127 doctrinarum,
983 4053 1087 4112 scilicet
1100 4063 1180 4128 atque
1203 4054 1316 4111 luxuriae
1339 4054 1397 4126 (59)
1426 4060 1611 4126 prospectum,
1631 4066 1692 4124 quae
1723 4048 1780 4106 fere

132 4135 351 4211 disciplinarum,
377 4147 576 4212 praceptorum
607 4141 837 4215 consiliorumque
859 4145 931 4214 eius.
983 4143 1085 4202 ventris
1099 4143 1279 4217 castigatione
1289 4143 1451 4218 frigescunt.
1469 4141 1688 4200 Manducaverat
1703 4139 1779 4194 enim

791 4297 913 4361 'Variae
934 4301 1091 4363 lectiones.

166 4427 193 4466 11
205 4425 385 4485 AEmulabitur
398 4429 488 4487 inseri
504 4432 568 4489 uult
584 4432 649 4491 tun.
663 4430 689 4468 11
711 4430 816 4488 Pluenli
819 4471 873 4491 .....
894 4431 1002 4489 facienti
1026 4434 1129 4505 conjic.
1156 4433 1241 4491 Semi.
1265 4430 1291 4468 ⁸⁵
1312 4429 1442 4486 iudicium
1456 4430 1548 4484 Puris.
1574 4427 1599 4468 11
1618 4422 1780 4484 Poenitentia

132 4501 218 4559 Semi.
233 4500 257 4539 11
272 4501 340 4559 Nota
353 4502 445 4558 Poris.
458 4504 543 4558 Fran.
559 4501 584 4539 11
596 4503 767 4570 Proscribere
786 4505 879 4562 Vcnct.
896 4506 955 4576 llio.
971 4505 996 4544 11
1009 4505 1130 4561 AEstuata
1143 4505 1212 4561 olim
1223 4505 1378 4574 ferebatur.
1394 4499 1420 4539 ⁹⁰
1434 4499 1504 4569 Quia
1519 4502 1585 4557 ltin.

831 4656 1081 4722 Commentarius.

165 4790 222 4859 (15)
255 4789 291 4843 st
317 4791 520 4860 praestantiam
552 4794 668 4863 propter
695 4795 845 4850 inurentes.
870 4791 929 4860 Qua
946 4813 969 4890 n
985 4789 1119 4853 verbisct
1135 4788 1227 4860 ipsunt
1241 4787 1327 4843 lsrael
1343 4787 1425 4844 toties
1440 4784 1689 4853 restituinquortu
1698 4781 1780 4855 judi·

128 4859 234 4915 seilicet
247 4870 356 4930 prestat
373 4863 484 4930 praemia
497 4860 537 4918 rel
552 4877 603 4933 sup
624 4862 696 4918 licia.
712 4865 774 4920 ltro.
986 4862 1070 4926 ecrit,
1086 4859 1180 4915 alludit
1192 4858 1226 4912 ad
1240 4858 1288 4912 lib.
1313 4857 1437 4914 iudicum
1450 4872 1509 4927 cap.
1526 4869 1567 4922 ιιι,
1584 4870 1624 4917 tv,
1643 4870 1672 4909 vt
1695 4864 1722 4911 et
1750 4869 1779 4907 x.

165 4929 223 5003 (16)
240 4929 390 4987 Cctlrnlicoe
404 4933 649 4990 etsnmnaoeillrus
664 4935 814 4990 bonitalis.
833 4932 931 4989 Catho·
986 4933 1056 4987 Patr.

128 4999 211 5057 licam
229 5001 376 5058 bonitatem
394 5004 503 5074 proprie
526 5005 643 5076 accipit,
669 5020 719 5078 pro
742 5023 774 5062 ea
797 5020 857 5076 quae
881 5019 931 5076 per
1020 5003 1074 5074 (19)
1090 5003 1250 5074 Defensores.
1275 5000 1304 5056 ld
1326 5007 1377 5067 est,
1400 4998 1530 5055 ultionem
1549 5011 1598 5053 seu
1619 4994 1777 5052 vindictam.

128 5080 215 5126 totum
233 5072 326 5128 orbern
352 5085 483 5131 terrarum
507 5074 678 5141 diffussam,
702 5077 806 5148 dequo
822 5076 930 5131 nomine
982 5073 1055 5129 Eun.

127 5142 207 5197 latius
225 5143 274 5198 lib.
290 5145 324 5201 de
347 5147 467 5204 Proescri
488 5150 508 5201 t.
527 5148 596 5203 Part.
1019 5145 1076 5216 (bb)
1090 5146 1239 5202 comitibus
1255 5144 1328 5216 pulte
1344 5140 1569 5200 libidiniscr'licct
1587 5143 1673 5213 alque
1688 5138 1780 5195 luxu·

130 5284 135 5295 ¹
162 5215 219 5284 (11)
235 5214 287 5272 Sed
301 5217 360 5287 ipse
386 5163 509 5275 martyros
524 5219 681 5290 inscriptus
706 5221 758 5273 est.
790 5215 929 5272 calholica
983 5217 1045 5272 rioe.
1061 5216 1190 5285 Ejusdem
1214 5232 1310 5274 sensns
1337 5221 1377 5270 est
1401 5215 1626 5292 inter-praecepta
1642 5210 1781 5291 ‘Dionysii

128 5285 175 5340 rlla
198 5296 224 5341 et
243 5301 349 5343 summa
362 5287 413 5344 Dei
437 5289 543 5347 bonitas
570 5289 698 5359 inscripta
716 5295 757 5343 cst
777 5287 805 5342 in
835 5287 929 5342 mundi
984 5288 1112 5344 Catonis:
1149 5288 1318 5358 «indulgere
1340 5284 1412 5356 gulae
1431 5283 1572 5354 nolr,quae
1587 5297 1665 5353 penas
1694 5282 1781 5337 amica

128 5356 306 5417 tabulisltto.
983 5366 1034 5415 est.
1062 5381 1074 5410 ι
1099 5360 1162 5416 ilio.
1193 5357 1344 5416 comitibus
1366 5355 1445 5428 puloe
1468 5354 1580 5410 libidini
1597 5353 1711 5410 scilicet
1730 5355 1778 5408 ol·

160 5427 299 5501 (19)(1ιιο.ν
314 5434 342 5487 ct
354 5429 447 5500 filium
461 5429 555 5487 Soulia
570 5431 753 5487 moriturum.
773 5428 823 5485 Mic
836 5428 863 5484 lo
883 5429 928 5484 ui·
982 5446 1035 5504 que
1049 5430 1186 5488 lanurioe.
1214 5430 1257 5486 En
1276 5428 1357 5485 ctiam
1370 5426 1403 5481 ab
1428 5435 1538 5482 auctore
1551 5426 1665 5482 usitatas
1678 5424 1778 5496 pulum

127 5508 170 5554 tur
189 5500 223 5554 da
249 5499 365 5557 lonatlra
385 5514 464 5570 quem
487 5501 605 5571 populus
632 5499 755 5559 liberavit
772 5517 787 5557 e
806 5503 877 5556 mani
897 5519 929 5560 us
982 5507 1011 5560 et
1027 5504 1190 5572 luxuriam,
1205 5501 1274 5558 sient
1288 5499 1368 5554 bodie
1388 5496 1587 5570 accipiuntura
1605 5495 1778 5554 scholasticis

126 5568 214 5625 Saulis
227 5572 333 5642 patris,
357 5569 438 5630 sicuti
462 5571 593 5628 habeturl
608 5571 676 5645 fleg.
691 5588 752 5629 stu.
769 5574 824 5630 illis
838 5580 927 5631 autern
982 5575 1147 5644 doctoribus,
1168 5588 1231 5630 oum
1246 5573 1281 5628 de
1299 5569 1416 5642 peccatis
1431 5569 1580 5642 loquuntur
1606 5567 1777 5640 capitalibus.
