3840 6134
136 302 214 372 rote·
477 306 697 369 mamuuuuu
720 302 853 367 oreauu
867 298 951 366 rsus
978 285 1193 364 1'1.-saaras
1221 302 1256 378 u,
1279 301 1440 364 uomuu.
1719 292 1791 365 roeo

133 428 299 501 admiserat,
309 440 336 491 et
356 438 429 491 serta
442 430 465 473 ⁹¹
481 446 544 490 mox
556 435 594 490 'de
610 431 713 490 'delicto
729 431 765 488 sit
782 431 932 501 traductus,
947 423 1182 521 [judicabuntur
1197 428 1272 500 apud
1296 418 1347 484 nes
1364 440 1462 488 omnes
1484 429 1558 489 unici
1582 427 1633 488 Ilei
1651 429 1793 488 Crantoris

131 524 219 581 etvir
233 538 281 596 per
300 538 405 595 precem
420 523 515 595 populi
536 522 660 596 periculo
679 528 840 594 exemptus3
862 519 932 594 gulae
986 516 1027 576 et'
1044 511 1142 575 Christi
1175 518 1235 590 ejus
1266 517 1413 587 antistites,
1441 519 1565 593 adeoque
1596 517 1790 578 indifferenter

133 612 215 683 enim,
239 612 301 668 lieet
323 611 465 687 simplicis,
489 627 552 668 reus
575 611 671 668 luerat.
697 611 751 667 Sed
774 615 802 666 et
825 606 930 665 Daniel.
985 605 1054 664 hano
1075 615 1183 680 partem
1203 605 1329 673 deiende,
1356 606 1410 665 iliis
1433 605 1551 666 oiierens
1572 607 1602 664 iu
1626 621 1684 682 quo
1703 608 1789 667 veiint

131 714 203 759 anuo
220 695 309 772 primo
332 701 406 774 regis
431 701 515 770 ilarii,
530 715 594 757 oum
616 701 745 771 jejunans
763 699 791 754 iu
806 713 885 754 saeco
904 702 931 753 et
984 696 1099 771 gradum
1121 695 1215 768 figere.
1238 694 1358 768 Spiritus
1381 696 1484 754 diaboli
1507 705 1558 764 est,
1577 691 1655 763 dicis,
1678 710 1696 752 o
1719 698 1788 770 Psy·

132 790 223 846 cinere
241 789 444 864 exomologesin
464 790 523 844 Deo
544 796 645 862 ageret.
662 788 695 844 Et
715 787 812 854 adhue,
832 786 928 858 inquit,
983 787 1068 843 obice.
1097 787 1130 844 Et
1150 786 1287 859 quomodo
1309 785 1358 842 Dei
1379 786 1464 844 nostri
1491 784 1580 844 officia
1602 780 1709 856 indicit,
1734 800 1785 843 neo

132 878 261 950 loquente
282 892 326 935 me
349 879 376 933 in
400 878 530 946 oratione,
552 893 616 936 eeoe
636 878 678 936 vir
703 893 785 950 quem
808 875 928 933 videram
983 876 1028 932 alii
1058 876 1197 932 ollsrenda
1225 890 1305 946 quam
1337 876 1395 932 Deo
1423 876 1536 932 nostro?
1566 872 1623 930 Aut
1648 873 1785 932 contenda

131 967 160 1024 in
184 967 288 1024 somnis
311 967 398 1036 initio,
423 971 553 1026 velociter
580 968 677 1025 volans
702 967 930 1041 adpropinquavit
982 966 1119 1023 diabolum
1137 981 1197 1023 eum
1218 965 1278 1023 Deo
1302 964 1388 1022 lacere
1405 971 1508 1031 nostro,
1528 971 1577 1021 aut
1596 963 1711 1020 Satanas
1729 964 1783 1020 Pa·

131 1056 198 1112 mihi
221 1057 298 1129 quasi
322 1059 390 1113 hors
412 1056 560 1129 vespertini
587 1056 721 1114 saenfioii.
745 1058 809 1113 iimo
829 1055 881 1112 erit
903 1056 928 1096 ⁹²
983 1056 1097 1112 raoletus
1136 1054 1275 1111 habeatur.
1315 1055 1368 1112 Sed
1409 1053 1546 1110 hominem
1584 1051 1783 1109 antichristum

131 1143 212 1202 statio
230 1159 300 1215 sera,
316 1160 378 1216 quae
402 1145 435 1200 sd
450 1161 590 1217 vesperam
606 1145 743 1217 ieiunans,
761 1145 936 1220 pinguiorem
981 1145 1126 1217 adfirmaa3
1163 1146 1215 1201 hoo
1251 1144 1323 1200 enim
1354 1150 1484 1200 vacentur
1512 1141 1635 1199 heretici
1671 1141 1783 1200 nomino

131 1232 279 1290 orationem
294 1234 352 1290 Deo
365 1233 494 1292 immolat.
981 1251 1065 1307 penes
1085 1235 1225 1291 loannem.
1250 1234 1284 1292 Et
1306 1233 1444 1307 quemodo
1471 1231 1594 1306 quisquis
1615 1230 1664 1287 iile
1686 1238 1731 1288 est
1754 1232 1781 1288 ia

441 1320 557 1379 CAPUT
566 1322 616 1378 xl.
980 1324 1086 1381 christo
1101 1332 1203 1389 nostro,
1220 1325 1277 1379 haeo
1296 1339 1361 1395 erga
1375 1321 1521 1379 bominum
1541 1327 1664 1377 nostrum
1693 1316 1785 1376 oilieia

166 1405 264 1464 Omnia
277 1417 368 1465 antem
388 1409 440 1467 ista
454 1411 535 1469 oredo
549 1411 643 1486 ignota
659 1414 707 1480 eis,
727 1408 774 1486 qui
787 1411 822 1468 ad
836 1418 928 1468 nostra
980 1413 1122 1486 disposuit,
1147 1427 1208 1469 eum
1235 1420 1264 1468 et
1276 1410 1436 1468 antichristi
1459 1425 1525 1482 erga
1546 1409 1636 1466 Deum
1654 1408 1665 1448 ¹
1684 1408 1783 1466 edam·

131 1496 277 1554 turbantur
290 1498 359 1571 (35),
375 1508 421 1557 aut
435 1500 492 1557 sola
511 1499 623 1558 forsitan
639 1502 762 1571 lectione,
777 1516 832 1558 nou
844 1501 927 1557 etiem
982 1519 1029 1559 sus
1057 1510 1181 1560 nostrum
1205 1501 1389 1573 processerint
1413 1500 1574 1557 Christum?
1602 1496 1665 1567 Quo
1690 1497 1782 1570 itaqua

130 1583 279 1643 intentione
294 1597 443 1660 comperta,
460 1591 607 1646 secundum
628 1592 757 1661 majorem
769 1591 824 1646 vim
838 1589 926 1662 impe·
980 1601 1058 1665 putas
1085 1591 1199 1647 laterem
1231 1587 1418 1647 confirmatum
1449 1587 1520 1658 apud
1553 1601 1604 1643 nos
1639 1585 1780 1657 spiritum,

130 1673 253 1742 aiterum,
269 1677 343 1748 apud
366 1676 590 1748 gloriosissimam
606 1678 707 1734 seilicet
726 1677 924 1735 multitudinem
979 1696 1042 1738 eum
1062 1680 1186 1751 imperat,
1209 1682 1244 1735 an'
1266 1694 1328 1735 oum
1347 1678 1444 1748 probat
1467 1691 1529 1748 quae
1546 1676 1623 1732 Deus
1644 1684 1739 1731 noster
1755 1668 1793 1732 σι’

130 1764 331 1836 Psychicorum.
365 1766 512 1836 Propterea
547 1781 597 1835 per
626 1765 748 1838 singulas
779 1765 925 1822 direvimus
978 1769 1120 1841 imperavit
1141 1783 1248 1840 semper
1271 1773 1298 1824 et
1320 1765 1468 1840 probarit?
1495 1765 1550 1821 Sed
1577 1779 1676 1821 rursus
1705 1766 1781 1837 palos

130 1853 236 1923 species
257 1850 470 1924 J'ejuualiouum,
499 1854 739 1924 xerophagiarum,
768 1854 925 1926 stationum,
979 1857 1134 1914 terminales
1156 1855 1237 1930 figitis
1256 1857 1312 1910 Deo
1331 1853 1399 1926 (38),
1419 1853 1490 1910 sicut
1507 1853 1542 1908 de
1561 1852 1666 1926 gratia,
1688 1853 1726 1910 ita
1746 1853 1781 1910 de

130 1950 158 1996 ut
184 1941 247 1995 dum
279 1954 453 1997 recensemus
481 1945 629 1999 secuudum
663 1944 803 2016 utriusque
829 1946 926 2001 Teste·
979 1946 1144 2018 disciplina;
1164 1943 1281 2000 sicutde
1309 1943 1526 2008 charismatibus,
1545 1941 1625 1997 itaet
1645 1941 1658 1980 ⁹
1676 1941 1712 1997 de
1738 1955 1781 1998 so·

129 2028 214 2082 menti
239 2037 400 2099 paraturam,
426 2040 554 2104 quantum
574 2031 713 2103 proficiant
736 2034 860 2100 recusati,
884 2033 928 2090 vel
979 2029 1127 2105 lemuibus;
1149 2040 1179 2091 ut
1197 2032 1308 2104 proinde
1331 2030 1422 2088 officie
1443 2029 1619 2095 cessaverint,
1644 2032 1780 2100 quemad-

129 2115 220 2181 reoisi,
239 2118 280 2174 vel
305 2119 430 2175 retardati
451 2120 545 2192 pabuli
563 2119 662 2192 oldris,
683 2137 732 2178 eos
750 2123 926 2179 retundemus
980 2125 1088 2182 modum
1110 2132 1138 2180 et
1162 2121 1289 2179 beneficia
1313 2123 1383 2192 ejus,
1404 2127 1487 2193 atque
1506 2119 1544 2175 ita
1566 2120 1672 2192 negetis
1696 2134 1781 2193 usqua

130 2203 176 2276 qui
200 2205 258 2263 haee
280 2208 352 2264 velut
374 2210 497 2266 vacantia
520 2211 657 2266 infirmant
679 2212 747 2284 (36).
772 2213 837 2268 item
861 2211 924 2266 dum
978 2214 1067 2269 adhuc
1091 2228 1153 2268 eum
1177 2212 1267 2268 munia
1294 2211 1438 2281 imponere,
1464 2208 1529 2280 qnia
1552 2215 1580 2264 et
1602 2207 1647 2266 hic
1669 2207 1728 2265 Lex
1753 2217 1779 2279 et

130 2293 245 2365 pariter
259 2297 426 2354 ostendimus
453 2314 507 2370 quc
523 2315 633 2370 semper
656 2300 683 2355 in
708 2300 802 2355 ordine
829 2299 927 2355 luerint
978 2303 1118 2375 prophete
1145 2300 1286 2372 usquead
1309 2301 1464 2355 ioannem:
1486 2303 1612 2367 superest
1640 2303 1669 2353 nt
1692 2304 1778 2354 totum

130 2383 281 2456 religionis,
297 2399 346 2442 eos
368 2386 537 2444 revincamus
555 2387 602 2459 qui
624 2389 683 2445 haee
705 2390 735 2445 ut
754 2403 823 2444 nove
845 2405 925 2446 aceu-
979 2391 1116 2455 auferetis,
1132 2396 1263 2463 quantum
1277 2386 1391 2442 invehis
1404 2392 1458 2440 tam
1473 2384 1601 2442 otiosum.

131 2481 205 2543 sant3
223 2489 272 2530 nee
291 2490 390 2533 nevum
412 2476 485 2532 euim
509 2477 583 2551 quod
601 2493 718 2549 semper,
740 2494 790 2535 uec
811 2495 925 2537 vacuum
1284 2474 1394 2533 CAPUT
1414 2473 1476 2529 xli.

130 2562 204 2633 qnod
222 2563 299 2621 utile.
317 2564 373 2621 Sed
391 2572 419 2620 et
436 2566 503 2621 illud
518 2565 544 2621 in
569 2567 659 2622 medio
679 2576 729 2636 est,
749 2570 872 2640 quaedem
892 2585 928 2626 ea
1014 2568 1159 2624 tamenim
1177 2573 1203 2622 et
1217 2565 1245 2620 in
1258 2565 1307 2620 ista
1323 2563 1415 2636 speeie
1429 2562 1520 2619 ditati
1536 2561 1718 2634 saturatique
1730 2574 1778 2618 re-

131 2647 173 2705 bie
198 2649 321 2708 ciliciise
345 2653 399 2709 ileo
422 2654 525 2710 honuni
549 2654 690 2728 imperata,
715 2656 804 2729 legem
827 2658 928 2714 eonsti'·
980 2658 1077 2732 gnatis
1097 2656 1121 2727 (l
1147 2657 1208 2714 Cor.
1224 2669 1265 2721 av,
1276 2653 1315 2725 8),
1329 2649 1423 2708 910
1437 2666 1491 2707 nou
1506 2649 1602 2705 delicta
1626 2648 1778 2706 incusantes

130 2737 234 2806 tuisse;
265 2742 391 2814 quaedam
423 2742 457 2797 ab
486 2743 595 2800 homine
626 2745 683 2802 Deo
711 2745 810 2819 oblata,
836 2754 928 2802 votum
980 2761 1040 2820 quae
1067 2742 1176 2815 jejuniis
1199 2741 1353 2807 elimentur,
1377 2756 1427 2797 neo
1448 2737 1642 2797 revelationum
1664 2735 1777 2795 scientia

130 2829 308 2901 apernisse
330 2839 418 2887 tamen
442 2839 469 2888 et
492 2841 596 2904 vetum,
610 2848 671 2890 eum
691 2835 778 2890 abeo
800 2845 926 2907 accepta·
980 2834 1141 2909 indigentes,
1174 2846 1235 2903 quae
1267 2829 1438 2902 xerophagiis
1470 2833 1694 2898 extorqueantur,
1727 2840 1778 2882 neo

131 2923 188 2971 tarn
200 2924 251 2983 est,
267 2918 358 2991 legem
379 2920 407 2976 in
428 2929 564 2991 posterum
586 2921 648 2980 feeit
661 2923 696 2991 ⁹³,
714 2939 763 2993 per
782 2924 928 2981 auctorite·
942 2901 966 2983 0
980 2924 1050 2981 bella
1083 2920 1191 2996 propria
1219 2927 1380 2987 metuentes,
1407 2932 1469 2990 qum
1501 2915 1663 2973 stationibus
1691 2912 1778 2972 uisse

130 3013 185 3060 mm
211 3008 405 3078 assentatorie
429 3008 527 3066 exinde
552 3010 625 3066 enim
652 3009 801 3069 iaciendum
817 3013 927 3068 manda·
981 3015 1090 3070 tiaatur.
1110 3012 1144 3067 Ut
1165 3010 1200 3065 ab
1220 3010 1324 3064 Joanne
1348 3007 1498 3063 Paracletus
1516 3004 1706 3073 obmutuisset,
1727 3003 1778 3076 ipsi

100 3134 111 3149 .
129 3092 178 3159 vit,
198 3094 245 3165 qui
267 3094 367 3153 iactum
395 3100 592 3171 comprobavit.
619 3100 709 3174 ltaque
736 3108 764 3157 et
786 3101 831 3158 hie
849 3102 874 3141 99
898 3103 926 3158 in
980 3101 1060 3158 nobis
1078 3101 1217 3172 prophetae
1231 3097 1259 3152 in
1273 3098 1342 3152 hano
1360 3094 1477 3151 maxime
1491 3107 1614 3150 caussam
1629 3091 1779 3149 exstitisse-

128 3182 182 3238 alia
217 3184 306 3255 specie
329 3187 466 3244 altercatio
503 3188 618 3245 diversae
662 3190 746 3262 partia
772 3190 924 3257 obducitur,
980 3208 1040 3248 mus
1056 3208 1063 3246 ε
1078 3192 1134 3262 jam
1153 3203 1207 3245 nen
1225 3188 1287 3243 dioo
1307 3185 1342 3242 ad
1363 3183 1527 3241 exorandam
1551 3181 1602 3238 Dei
1626 3181 1705 3252 iram,
1727 3195 1779 3237 neo

128 3285 189 3326 eum
204 3273 298 3330 dieunt
310 3291 317 3331 :
329 3276 689 3348 lintpseudoprophstiaest
702 3278 925 3350 sispiritalisaos
979 3280 1013 3337 ad
1032 3278 1228 3352 impetrandam
1249 3276 1357 3331 tutelam
1378 3276 1438 3344 ejus
1459 3279 1506 3328 eut
1526 3270 1652 3345 gratiam,
1674 3270 1725 3326 sed
1745 3268 1778 3324 ad

130 3363 266 3419 solemnia
286 3364 336 3419 iste
361 3365 513 3436 eonstituit;
540 3373 586 3422 aut
619 3367 741 3438 haeresis,
766 3367 791 3423 si
811 3370 927 3425 humana
979 3367 1207 3444 praemuniendam
1227 3378 1273 3436 per
1288 3364 1469 3432 nosmetipsos
1482 3358 1693 3417 novissimorum
1708 3364 1777 3413 tem·

128 3453 305 3525 praesumptio
320 3454 465 3514 edinvenit.
483 3455 549 3512 Eam
563 3456 637 3512 enim
652 3456 766 3513 iormam
780 3460 926 3530 reprohen·
980 3475 1076 3531 porum
1095 3454 1288 3524 conditionem,
1307 3451 1455 3508 indicentes
1482 3463 1590 3507 emnem
1613 3448 1780 3520 rmsvoppd·

130 3541 294 3615 dentesque
314 3551 447 3602 etvetera
462 3544 683 3617 decucurrerunt,
699 3555 770 3601 etex
789 3561 819 3601 ea
840 3556 926 3604 reter-
979 3568 1060 3617 mera,
1080 3561 1141 3603 cum
1168 3560 1259 3602 carcer
1286 3541 1465 3607 ediscendus,
1492 3547 1518 3595 et
1548 3537 1635 3594 iames
1662 3552 1698 3593 ae
1721 3536 1781 3592 sitis

129 3641 244 3703 queatea
269 3646 329 3701 quae
351 3633 376 3672 ⁹⁵
401 3633 548 3688 adversarii
576 3644 699 3689 aeterum
727 3633 855 3691 adversus
880 3637 926 3694 illa
981 3637 1150 3701 exercendae,
1164 3643 1192 3689 et
1210 3644 1261 3689 tam
1281 3632 1380 3687 inediae
1400 3645 1482 3702 quam
1509 3628 1581 3684 anxii
1596 3627 1686 3684 vietus
1713 3625 1780 3683 tole·

128 3724 256 3789 poteraut
278 3718 304 3757 99
327 3727 486 3786 retractare,
516 3729 563 3778 aut
585 3728 611 3777 et
625 3722 670 3776 illa
698 3736 821 3779 recusare
846 3726 926 3782 riebe-
983 3727 1072 3785 rautia
1093 3723 1249 3797 usurpanda
1269 3721 1355 3789 sieut
1378 3721 1406 3776 in
1426 3734 1560 3777 carcerem
1586 3717 1648 3774 talis
1666 3717 1782 3773 introeat

129 3804 197 3860 bunt
224 3805 259 3875 ⁹⁹,
288 3814 334 3861 aut
366 3813 439 3863 certo
465 3806 491 3846 ⁹⁹
518 3808 569 3864 ista
600 3810 736 3880 srrsoipere
763 3814 924 3888 necessario,
981 3817 1157 3879 Christianus,
1168 3812 1255 3886 qualis
1264 3812 1327 3868 inde
1339 3810 1477 3883 prodisset
1491 3826 1500 3877 ;
1516 3823 1571 3864 non
1593 3821 1703 3879 poenam
1726 3804 1783 3861 illic

131 3892 245 3948 maxime
267 3892 293 3932 ⁹⁹
320 3908 382 3949 oum
405 3904 432 3951 et
458 3895 521 3966 ista,
544 3912 559 3951 a
589 3911 752 3969 quecunque
775 3899 928 3960 institutore
981 3920 1120 3980 passurus,
1137 3903 1184 3959 sed
1199 3901 1369 3974 disciplinam
1387 3915 1394 3970 3
1411 3895 1780 3965 necsaeeulitormenta,sed

130 3982 195 4048 sint,
219 3983 276 4040 sive
301 3982 424 4054 spiritali,
446 3985 502 4042 sive
525 3993 626 4042 tentum
655 3987 738 4056 fideli,
763 3990 851 4047 eidem
870 3994 926 4051 Deo
981 3992 1146 4061 sueolficia3
1171 4006 1258 4062 eoque
1282 3990 1409 4044 tidentior
1432 4001 1608 4057 processurus
1625 3985 1661 4041 ad
1691 3993 1781 4042 certa-

130 4067 222 4128 wal
240 4083 349 4130 currant
368 4072 435 4146 (37),
457 4074 501 4132 oui
519 4083 547 4133 et
568 4085 669 4133 vetera.
690 4078 840 4136 Indubitate
854 4085 926 4140 enim
943 4060 967 4138 fl
983 4101 1044 4142 meu
1059 4099 1074 4139 e
1088 4080 1208 4139 custodia
1222 4076 1402 4150 abususltel,
1418 4076 1483 4132 nihil
1498 4074 1601 4130 habens
1618 4074 1720 4143 carnis,
1741 4073 1782 4130 sie

126 4156 157 4219 'et
178 4163 289 4220 haeresis
302 4168 328 4219 et
344 4166 592 4238 pseudoprophetia
606 4167 753 4225 divinitatis
771 4169 925 4231 diversitate
980 4185 1010 4232 ut
1032 4188 1083 4229 neo
1104 4170 1223 4228 habeant
1248 4174 1380 4225 tormenta
1403 4165 1564 4238 materiam3
1592 4179 1653 4222 oum
1677 4163 1735 4222 sola
1757 4171 1786 4218 et

811 4316 906 4384 Variae
936 4322 1094 4397 lectiones.

167 4438 191 4479 ⁹¹
207 4439 242 4496 Ut
257 4447 329 4498 sorte
342 4442 410 4498 lura.
434 4442 460 4482 ⁹²
482 4443 547 4499 Erat
569 4459 622 4502 ms.
654 4445 754 4504 Woew.
775 4447 801 4487 ⁹³
814 4449 904 4509 Saucit
921 4455 984 4512 iet.
1000 4453 1026 4493 ⁹⁹
1042 4452 1112 4506 ilinc
1133 4448 1218 4509 Semi.
1233 4446 1259 4487 ⁹⁵
1272 4445 1306 4502 Et
1321 4444 1385 4502 add.
1402 4443 1486 4502 Semi
1505 4443 1531 4483 99
1552 4445 1683 4503 Poterant
1696 4447 1781 4509 Semi.

131 4509 347 4570 ⁹⁹P0tuemut...
375 4513 524 4571 debuerunt
549 4516 611 4572 Lei.
635 4513 661 4554 ⁹⁸
674 4516 772 4576 Eterta
785 4520 964 4582 Semiexerta
986 4527 1073 4583 Fron.
1101 4521 1126 4562 ⁹⁹
1150 4518 1265 4596 hamme
1289 4518 1368 4578 obest
1394 4531 1413 4572 a
1441 4514 1502 4574 eod.
1537 4517 1638 4577 Woew.
1665 4519 1674 4557 ¹
1698 4522 1779 4597 Erga.

134 4580 218 4641 Deum
234 4581 317 4643 delet.
327 4584 389 4643 bet.
404 4585 417 4624 ²
430 4586 463 4643 Et
477 4586 559 4646 delei.
576 4586 662 4645 Semi.

830 4744 1079 4814 Commentarius.

169 4870 230 5015 Q
246 4874 367 4956 Carnem
380 4874 559 4944 refrigerari.
579 4873 736 4944 Quiesoere.
751 4878 814 4935 lire.
986 4882 1109 4941 ordinata
1123 4888 1150 4937 et
1164 4879 1291 4952 praedicta
1304 4876 1420 4933 luerent.
1433 4874 1498 4932 ure.

184 4944 218 4999 35
247 4946 300 5025 Qua
314 4943 351 4998 ed
364 4944 638 5024 nostraturbenter.
654 4948 812 5006 Paracletiea
825 4951 928 5009 scilieet
1018 4954 1075 5024 (hel
1092 4952 1351 5012 Polestermineles
1364 4948 1452 5020 figitis
1465 4949 1529 5007 Deo.
1544 4947 1782 5008 Auctoresfinium

133 5013 358 5095 iiontamstarum
373 5023 504 5070 rnstrtuta.
523 5015 585 5072 ltro.
982 5024 1165 5095 regundorum
1179 5024 1256 5094 palos
1270 5038 1320 5095 pre
1334 5017 1457 5075 terminis
1471 5017 1498 5072 iu
1517 5018 1680 5092 quibusdam
1695 5023 1782 5094 regie·

134 5153 141 5166 .
169 5083 228 5166 (aa)
241 5085 294 5152 Qua
307 5083 368 5166 haee
375 5084 454 5166 velet
466 5090 602 5145 vocantia
615 5090 781 5160 infirment.
797 5091 936 5166 Tanquam
991 5095 1071 5153 nibus
1089 5096 1154 5166 poni
1168 5094 1274 5163 docent,
1297 5091 1399 5155 iliceos,
1425 5088 1593 5161 oleagineos,
1611 5092 1782 5163 juniperees,

133 5156 238 5210 enutrita
251 5161 369 5236 etupretu
384 5155 493 5212 nullius.
507 5158 568 5213 Rue.
991 5175 1053 5231 etc,
1070 5167 1146 5233 palos
1160 5167 1194 5221 de
1207 5165 1269 5222 ilice
1286 5163 1400 5236 picatos.
1417 5161 1477 5217 uin.

169 5225 228 5298 (37)
242 5225 352 5307 ‘sedem
378 5227 430 5284 ileo
452 5235 582 5287 current.
612 5230 668 5288 lieo
699 5239 742 5288 est
762 5234 850 5290 eidem
878 5235 936 5292 Deo
1026 5238 1084 5309 (39)
1092 5240 1276 5295 Processnrne
1290 5234 1653 5292 edemtemeraeeustodic
1667 5235 1783 5296 αὸιιιιιι.

133 5305 305 5380 cour-emant.
322 5297 476 5378 illoteodem
491 5299 548 5356 Deo
574 5300 644 5357 diota
669 5300 782 5374 intelligi
807 5303 934 5361 debeant.
991 5307 1111 5375 Abusus,
1128 5309 1208 5376 lonpo
1224 5325 1275 5364 usu
1290 5305 1485 5377 propemodum
1499 5303 1662 5379 absumptus
1674 5307 1785 5365 coniec-

133 5367 178 5425 Sre
192 5370 306 5452 Baeticus
321 5368 438 5450 derude
453 5368 538 5451 Deo:
570 5390 583 5421 ι
612 5371 716 5427 Vanum
739 5383 781 5430 est
802 5384 936 5447 praecepta
990 5386 1096 5450 tueque.
1112 5379 1142 5435 Si
1197 5378 1225 5434 id
1246 5379 1373 5449 jurarent
1395 5375 1568 5446 exemplaria,
1583 5376 1704 5444 mallem,
1725 5380 1785 5440 eie·

133 5439 199 5497 dara
213 5442 313 5514 quibus
331 5440 454 5522 hommes
475 5447 603 5523 urerent,
627 5450 655 5498 et
680 5441 772 5515 ipsum
794 5446 848 5516 jam
873 5449 936 5520 quie
990 5467 1048 5517 sear,
1083 5466 1142 5507 uem
1181 5451 1293 5506 modurn
1307 5456 1383 5505 vetus
1396 5448 1553 5530 poetaapud
1565 5449 1703 5519 Gellium,
1723 5453 1785 5513 eia·

135 5511 216 5594 homo
242 5527 304 5568 esse
326 5511 453 5595 dignatus
484 5520 535 5580 est,
553 5527 612 5569 erae
633 5522 829 5588 praeceptorum
843 5517 937 5576 obser-
990 5539 1055 5582 sem
1088 5522 1136 5580 'xit
1151 5537 1201 5595 pro
1215 5521 1279 5580 exili
1293 5521 1490 5593 etgraorlente.
1503 5520 1568 5578 Bae.

134 5590 241 5641 vaenue
255 5599 418 5643 cucurrisse.
441 5605 452 5637 ι
478 5584 535 5642 Hoc
548 5594 604 5654 ast,
619 5584 756 5663 peregisse
773 5604 834 5662 quae
857 5590 892 5648 de
902 5606 935 5650 eo
