3840 6134
169 289 220 351 811
265 302 268 308 ·
515 274 734 339 rihtdhhllltt
753 274 887 337 ortuum
906 274 989 337 Plus
1007 274 1040 334 lt.
1060 303 1096 315 -
1114 272 1228 333 strutus
1252 274 1273 341 l,
1295 272 1468 334 Poththcl.
1760 282 1817 345 812

169 413 228 472 esui
243 408 342 485 populo
366 406 473 464 inisse:
490 407 608 472 Ponam,
634 402 720 475 iuquit
735 402 820 474 (Psoi.
841 401 962 474 sanun),
979 406 1094 501 Αιεεεε
1116 402 1198 467 esset,
1215 415 1250 456 an
1275 415 1354 472 non3
1378 400 1402 456 si
1415 401 1488 458 enim
1502 404 1554 461 hoo
1567 407 1676 479 negavit
1694 423 1814 484 respon·

168 493 524 576 orrpclorumeditbom013
540 510 594 550 non
611 501 699 547 tamon
714 490 963 563 inlrirrgitursemel
1017 488 1057 545 sio
1073 489 1144 559 ejus,
1166 491 1219 547 hoc
1245 490 1360 561 captavit
1394 492 1526 550 nuntiatio
1563 497 1713 554 tentatoris.
1754 498 1810 557 Sed

169 598 295 665 separata
318 586 435 644 conditio
459 581 607 639 Dominicae
628 580 726 650 carnis,
743 595 777 634 err
796 594 876 635 causa
894 579 963 635 alte·
1016 579 1089 636 nulla
1112 579 1223 637 tentatio
1251 579 1363 636 tendens
1386 582 1420 637 ad
1440 583 1605 654 agnitionem
1621 589 1691 657 ejus,
1707 589 1742 647 dc
1756 607 1813 664 quo

168 681 225 738 rius
253 673 448 749 dispositionis.
479 673 565 727 llomo
594 684 657 724 vere
686 668 793 722 iuturus
820 667 962 739 usquead
1016 669 1162 726 dubitando
1180 676 1271 739 tentat,
1298 670 1335 725 ita
1359 672 1450 727 subito
1471 673 1600 743 procedit,
1616 684 1646 731 ut
1668 692 1723 734 non
1748 690 1815 740 anta

168 781 283 830 mortem
298 784 359 825 eom
373 781 479 824 carnem
495 763 637 836 oportebat
651 770 682 816 ει
696 760 720 798 55
735 761 867 825 indueret,
883 760 962 830 eujus
1016 759 1150 829 pracedat
1171 759 1285 832 quaestio
1312 756 1394 816 161
1418 777 1488 833 quae,
1516 763 1711 823 dubitationem
1740 767 1814 827 ints.

168 870 292 919 estmors
308 877 315 912 ι
329 873 389 914 eom
405 851 491 911 too
506 867 585 924 porro
599 865 716 917 earnem,
731 849 809 920 cujus
823 861 865 906 est
879 863 960 916 mors,
1016 863 1089 918 rens,
1109 855 1191 919 eoqot
1207 847 1394 906 tentationem.
1417 849 1510 919 Porro,
1526 852 1549 906 si
1565 869 1698 926 nusquam
1710 855 1748 912 de
1760 872 1813 914 ns.

167 943 450 1007 ¹1⁵⁵ti⁵⁵⁵⁵¹¹⁵⁵⁵⁵d⁵⁵
1015 937 1118 994 tivitate
1135 937 1234 994 Christi
1246 939 1392 995 volutatum
1407 946 1456 1007 est,
1473 940 1536 1012 quid
1551 950 1579 999 tu
1598 949 1811 1021 argumentaris,

478 1029 592 1087 CAPUT
611 1028 666 1086 tlt.
1013 1025 1134 1085 voluisse
1148 1026 1211 1083 illos
1224 1042 1272 1099 per
1295 1027 1469 1086 tentationem
1487 1029 1620 1087 sciscitari
1643 1035 1720 1107 qnod
1735 1051 1812 1094 uun.

202 1124 256 1182 Sed
279 1124 405 1197 quotiens
430 1120 465 1176 de
494 1118 634 1176 nativitate
661 1113 841 1184 contenditur,
866 1128 962 1172 omnes
1014 1131 1096 1188 qnam
1110 1116 1333 1190 produxeruntin
1346 1117 1543 1190 questionem?
1556 1119 1595 1177 Eo
1609 1121 1755 1193 adjicimus
1768 1126 1810 1186 ⁵³:

166 1214 215 1288 qui
243 1221 375 1287 respuunt
396 1226 455 1267 earn
478 1217 507 1265 ut
527 1207 749 1282 praejudicantem
768 1205 804 1263 de
821 1205 910 1262 earnis
932 1204 960 1260 in
1014 1204 1119 1261 etiamsi
1133 1204 1276 1262 tentandus
1290 1214 1361 1264 esset
1370 1206 1404 1263 de
1417 1206 1563 1275 nabutate,
1578 1225 1632 1267 non
1647 1212 1744 1286 ntique
1758 1215 1811 1274 hoe

166 1303 271 1361 Christo
290 1303 411 1366 veritate,
436 1300 524 1371 ipsum
552 1298 638 1354 Deum
658 1296 754 1354 volunt
778 1310 878 1369 negare
900 1310 961 1351 esse
1014 1294 1096 1352 modo
1112 1298 1279 1361 tentaretur,
1294 1311 1384 1352 earum
1400 1311 1576 1368 personarum
1592 1301 1809 1373 adnuntiatione,

165 1400 269 1458 nalum,
285 1390 358 1464 (1⁵0⁵
381 1387 477 1444 dixerit
499 1387 681 1459 (Mami-1¹1,
706 1383 775 1454 4⁸)ss
799 1385 866 1454 Qttae
887 1380 961 1439 mibi
1014 1400 1074 1455 qua
1086 1392 1219 1456 poterant,
1233 1384 1314 1440 etiam
1328 1392 1390 1443 nato
1404 1384 1522 1456 Christo,
1536 1387 1809 1451 noniuissc.0mnss

164 1486 305 1546 moderat
315 1478 441 1553 qnimibi
451 1475 575 1548 fratres?
585 1474 684 1531 lindiat
693 1473 774 1548 igitur
784 1485 811 1528 et
834 1471 958 1543 Apelles,
1012 1471 1157 1541 nascimur,
1174 1482 1200 1527 et
1219 1477 1309 1528 maron
1323 1488 1378 1528 non
1393 1488 1489 1530 omnes
1502 1481 1548 1530 aut
1562 1474 1661 1534 iratres
1675 1479 1808 1538 habemus

164 1572 230 1644 quid
251 1571 308 1642 jam
334 1583 492 1642 responsum
506 1564 572 1621 sita
594 1563 673 1618 nobis
695 1563 752 1633 (36)
776 1560 904 1617 ldareioni
924 1574 959 1617 eo
1011 1568 1059 1616 aut
1072 1569 1196 1617 matrem.
1212 1559 1310 1616 hdhuc
1325 1569 1415 1632 potest
1438 1570 1465 1619 et
1483 1570 1587 1634 patrem
1602 1566 1689 1640 magis
1707 1569 1808 1627 habers

164 1661 267 1728 55555550,
293 1672 348 1731 (1¹10
371 1658 406 1713 ad
428 1654 454 1692 ⁵⁶
483 1652 663 1724 Evangelium
690 1649 775 1722 ipsius
802 1647 958 1719 provocavi-
1011 1665 1092 1722 quam
1102 1652 1807 1725 matrem,etauuneulosmagisqunmiratresddao

163 1765 225 1807 mus
253 1749 320 1817 (37),
348 1740 572 1801 considerandam
600 1737 704 1796 scilieet
731 1737 870 1793 materiam
897 1752 959 1809 pro·
975 1735 997 1812 Β
1011 1754 1066 1795 non
1097 1738 1226 1812 competit
1249 1740 1360 1796 tentatio
1388 1740 1544 1808 naucitatis,
1560 1757 1641 1815 quam
1666 1745 1765 1803 licebat
1780 1757 1808 1806 et

162 1835 339 1895 nuntiationis
359 1831 445 1888 istius.
472 1831 561 1885 Primo
575 1827 694 1902 quidem,
723 1843 862 1899 nunquam
885 1825 956 1900 qnis-
1011 1827 1070 1883 sine
1093 1827 1194 1895 matris,
1210 1834 1238 1883 et
1258 1827 1316 1885 sine
1339 1827 1453 1886 fratrum
1467 1830 1649 1890 nominatione
1670 1845 1804 1894 consum,

162 1942 245 2001 quarn
265 1920 452 1979 adnuntiasset
474 1918 513 1975 illi
531 1926 645 1974 matrem
668 1926 695 1975 et
718 1917 813 1974 iratres
836 1917 895 1988 ejus
914 1916 955 1972 io·
1011 1915 1129 1974 Facilius
1145 1915 1223 1988 plane
1238 1923 1288 1984 est,
1304 1925 1344 1986 nt,
1359 1916 1426 1975 certi
1441 1918 1516 1973 illum
1535 1927 1561 1974 et
1574 1928 1690 1978 matrem
1704 1929 1732 1978 et
1746 1922 1801 1981 [ra-

161 2016 200 2073 ris
223 2023 293 2071 stare
311 2013 348 2079 55,
369 2010 416 2082 qui
434 2026 488 2067 non
510 2018 601 2066 certus
623 2015 694 2064 esset
717 2006 742 2046 55
765 2007 864 2063 hahere
880 2007 954 2064 illurn
1008 2013 1065 2062 tres
1074 2005 1360 2070 habere,divinitatem
1372 2006 1463 2080 potius
1473 2009 1712 2081 tentaverinteJus,
1723 2030 1803 2086 qnam

160 2107 273 2162 matrem
287 2110 313 2158 et
327 2101 432 2171 iratres,
454 2105 481 2157 ει
497 2098 571 2172 ipsos
595 2113 666 2166 osse,
682 2113 751 2170 quos
765 2104 830 2153 tunc
844 2096 954 2153 nuntia·
1009 2094 1176 2150 nativitatem
1192 2111 1200 2151 r
1216 2111 1249 2149 an
1263 2095 1335 2151 intus
1351 2111 1444 2169 agens,
1460 2096 1541 2154 sciret
1554 2097 1620 2170 qnid
1634 2099 1702 2157 loris
1716 2111 1800 2170 esset,

159 2193 215 2265 bat,
227 2191 268 2251 vel
283 2199 355 2247 retro
366 2188 500 2262 cognitos,
515 2186 559 2243 vel
570 2196 632 2243 tune
643 2185 743 2241 ibidem
755 2192 907 2256 compertos
917 2185 952 2253 ⁵⁹,
1008 2185 1148 2240 mendacio
1165 2185 1263 2257 petitus
1275 2184 1300 2224 ⁵⁵
1313 2185 1457 2258 prasentia
1469 2187 1494 2226 ss
1519 2202 1615 2244 ,mum
1632 2191 1678 2262 qui
1695 2190 1722 2247 in
1734 2209 1801 2263 pm,

159 2283 222 2341 licet
258 2288 401 2354 propterea
438 2276 600 2334 abstulerint
636 2275 754 2331 haereses
788 2273 840 2330 ista
866 2273 892 2312 55
919 2272 953 2330 de
1007 2274 1077 2330 senti
1090 2273 1117 2313 ⁵⁵
1131 2290 1184 2330 non
1203 2281 1300 2330 erant:
1326 2275 1379 2331 nisi
1399 2277 1482 2346 qnod,
1497 2278 1549 2334 etsi
1582 2278 1606 2319 or
1629 2281 1802 2338 „guimas

159 2368 318 2441 Evangelio,
342 2366 414 2440 quod
431 2371 459 2421 et
480 2363 612 2421 creditum
641 2374 745 2434 patrem
768 2363 828 2432 ejus
852 2360 950 2433 loseph
1006 2363 1161 2420 tentationis
1196 2363 1360 2436 ingenium,
1389 2372 1495 2438 poterat
1521 2367 1652 2441 evenire,
1682 2378 1713 2427 ut
1736 2386 1803 2444 qum

157 2459 273 2527 labrum,
298 2464 325 2515 et
353 2462 467 2511 matrem
491 2452 613 2523 hieriam,
629 2460 657 2507 et
676 2451 772 2507 iratres
793 2458 820 2507 et
842 2465 951 2507 sorores
1004 2451 1043 2507 illi
1062 2451 1221 2508 nuntiabant
1243 2451 1311 2508 ioris
1333 2461 1416 2524 stare,
1437 2453 1482 2509 iile
1500 2471 1547 2513 eos
1572 2456 1653 2514 sciret
1677 2459 1803 2517 absentes

156 2551 216 2622 ejus
229 2547 328 2620 optime
342 2555 422 2600 notos
435 2542 487 2598 sibi
510 2555 571 2598 esse
589 2540 727 2610 dicebant,
752 2539 797 2612 qui
811 2539 949 2595 mirabnn·
1003 2555 1063 2596 csse
1088 2539 1147 2612 (39)
1169 2541 1211 2598 vel
1234 2540 1395 2598 valetudinis
1409 2541 1434 2582 55
1457 2542 1502 2598 vel
1526 2544 1640 2621 negotii,
1655 2547 1699 2607 vel
1722 2563 1800 2616 We.

155 2645 199 2695 tur
227 2635 376 2695 doctrinam
402 2634 470 2704 ejus.
491 2650 504 2683 c
523 2629 575 2686 Sed
597 2628 719 2685 tentandi
733 2627 817 2702 grana
844 2628 949 2684 nuntia·
1001 2628 1161 2703 grinationis
1175 2637 1239 2685 nota
1262 2628 1356 2699 '¹⁰jarn
1380 2633 1548 2689 necessitate.
1562 2634 1649 2692 Nemo
1663 2642 1795 2696 tenum

154 2737 248 2789 verant
260 2726 282 2766 ⁵¹
299 2733 326 2783 et
340 2732 452 2780 matrem
466 2731 493 2778 et
507 2721 613 2788 iratres,
633 2733 701 2791 quos
717 2732 771 2772 non
791 2718 946 2773 habebat.»
1001 2717 1096 2783 modo,
1118 2733 1173 2789 qno
1195 2733 1275 2790 posse
1299 2733 1329 2774 se
1344 2720 1412 2777 seint
1432 2723 1559 2778 ruborem
1584 2724 1798 2783 tentationisfe.

154 2819 212 2874 Hoc
232 2816 339 2888 quidem
363 2811 504 2884 Scriptura
518 2823 574 2865 non
588 2807 662 2875 dicit,
678 2805 744 2863 alias
771 2822 825 2864 non
844 2814 945 2873 tacens,
1001 2806 1079 2864 ierre.
1100 2807 1183 2864 Nulla
1197 2806 1281 2880 igitur
1302 2810 1416 2866 materia
1435 2810 1593 2870 tentationis
1615 2823 1797 2886 competente,

151 2923 212 2965 curn
240 2903 306 2977 quid
337 2898 492 2958 tentationis
516 2897 602 2972 gratia
625 2895 725 2954 laetum
754 2903 794 2953 est
821 2895 894 2954 cirea
921 2896 947 2936 55
1001 2896 1127 2954 liberatur
1146 2895 1302 2969 simplicitas
1323 2898 1486 2955 nuntiatoris
1500 2898 1535 2968 tt,
1559 2901 1633 2972 quod
1656 2917 1797 2961 mm„

149 3011 230 3063 cum,·
247 2995 325 3057 Ecce,
348 2989 436 3063 inquit
449 2988 657 3060 (Mottiana),
671 2986 801 3044 surrexit
819 2985 886 3059 lepis
901 2985 949 3044 do·
999 2994 1042 3043 ter
1056 2995 1083 3042 et
1098 2985 1194 3043 iratres
1218 2987 1279 3057 ejus
1302 2988 1532 3057 supervenissent.
1559 2989 1624 3060 Sed,
1645 3007 1710 3066 quoe
1732 2993 1796 3051 racio

147 3094 416 3153 ctoricotcrrseom.
431 3084 537 3141 litalibi
550 3083 661 3156 (narrt.
676 3081 738 3155 εει)
755 3102 761 3138 :
778 3085 946 3142 dtaccesrc-
998 3073 1133 3148 responsi,
1155 3081 1266 3130 matrem
1290 3083 1318 3130 et
1336 3076 1435 3132 iratres
1456 3077 1491 3133 ad
1518 3094 1640 3150 presens
1661 3084 1795 3156 naqmris,

149 3187 220 3239 runt
233 3182 270 3238 od
279 3197 345 3238 cnm
357 3175 508 3243 Pharisaei,
525 3177 683 3232 tentandos.
699 3170 780 3240 Quod
791 3187 871 3228 nemo
887 3187 946 3244 pro
961 3141 983 3221 ὓ
999 3164 1084 3220 diseat
1112 3163 1192 3221 etiam
1223 3163 1344 3235 Apelles.
1373 3164 1479 3222 Fratres
1499 3166 1607 3223 Domini
1627 3183 1683 3226 non
1707 3172 1794 3229 credi.

147 3269 429 3341 hibebathicqnoqne
442 3263 588 3338 significari
605 3260 724 3318 tentandi
738 3259 823 3333 qratia
838 3258 946 3317 lactum.
1000 3255 1094 3311 derant
1115 3253 1140 3291 55
1162 3252 1189 3308 in
1213 3252 1299 3320 illum,
1322 3253 1391 3313 sient
1414 3261 1441 3310 ει
1464 3255 1491 3310 in
1514 3255 1539 3295 rs
1558 3256 1709 3332 Evangelio
1733 3268 1793 3317 ,me

146 3361 208 3419 Non
222 3358 322 3431 recipio
341 3357 415 3430 quod
428 3360 504 3410 ostra
532 3352 697 3423 Scriptorum
712 3350 770 3420 (38)
786 3348 819 3404 de
840 3357 887 3406 tuo
901 3349 946 3406 in·
999 3344 1164 3399 Marcionem
1188 3341 1261 3399 edito
1283 3343 1444 3400 continetur.
1470 3346 1555 3402 llater
1568 3361 1644 3419 aque
1666 3363 1724 3406 non
1746 3352 1793 3408 de·

146 3449 212 3508 iers.
242 3448 355 3518 Dehine,
383 3445 500 3501 materia
527 3438 683 3498 tentationis
710 3438 791 3495 debet
818 3438 943 3497 subesse.
998 3440 1163 3491 monstratur
1176 3431 1322 3488 adhaesisse
1345 3433 1384 3490 illi
1405 3434 1474 3507 (do),
1489 3450 1551 3492 cum
1574 3438 1680 3495 hiartha
1694 3447 1722 3498 et
1733 3440 1791 3497 lla.

146 3539 217 3609 Quid
241 3536 399 3595 tentandum
422 3529 628 3606 putaveruntin
652 3527 727 3585 illo‘i
757 3526 862 3599 Utique,
888 3542 940 3583 nn·
996 3523 1037 3580 ria
1060 3522 1112 3580 alia
1132 3523 1157 3562 55
1179 3521 1208 3579 ἰε
1232 3523 1396 3581 commercio
1418 3525 1480 3596 eius
1503 3524 1718 3602 frequentantur,
1737 3531 1793 3589 11oe

821 3640 916 3705 Variae
938 3645 1094 3708 lectiones.

189 3760 214 3799 ⁵⁵
233 3760 268 3815 Ut
290 3757 385 3814 orsiti.
407 3753 497 3811 Rhea.
520 3748 607 3808 Semi.
630 3747 656 3788 55
675 3745 719 3803 hd
741 3748 836 3804 omitt.
860 3749 941 3804 Pam.
965 3747 1055 3804 liban.
1077 3747 1102 3786 55
1132 3746 1239 3803 Stantes
1262 3746 1325 3804 eod.
1351 3748 1433 3820 Apob.
1452 3749 1477 3789 55
1497 3749 1530 3807 Ει
1552 3751 1617 3808 odd.
1639 3754 1700 3826 Rip.
1730 3754 1790 3813 Vera,

151 3833 177 3871 ⁵⁹
204 3832 337 3901 Repertos
370 3826 431 3881 olii.
460 3825 486 3861 ⁵⁰
513 3821 573 3876 lstae
598 3820 688 3876 Rhea.
719 3819 804 3875 Semi.
832 3816 855 3856 ⁵¹
884 3818 1079 3875 Nuntiaverunt
1111 3821 1197 3874 Fron.
1226 3817 1250 3856 55
1279 3819 1350 3891 Erga
1377 3820 1435 3878 cod.
1469 3821 1550 3894 Λευ),
1586 3823 1612 3862 or
1637 3825 1791 3895 Adjecimu,

144 3906 233 3958 'Pom
258 3903 343 3955 Fron.
364 3898 431 3951 Por.
447 3894 472 3932 ⁵⁵
495 3893 587 3949 Potius
607 3893 695 3948 libera.
720 3889 804 3947 Scral.
824 3889 849 3928 ⁵⁵
870 3890 1044 3947 adnuntiatae
1068 3888 1131 3946 ado.
1156 3891 1217 3962 ιιι).
1244 3891 1305 3948 Vera.
1331 3890 1356 3928 ⁵⁵
1376 3892 1520 3948 Praesentia
1541 3895 1601 3965 κιρ,
1624 3896 1688 3953 vm,
1704 3895 1727 3935 or
1749 3895 1790 3952 510

148 3974 209 4031 cod.
235 3970 316 4042 Apob.
341 3969 367 4006 55
389 3963 525 4023 Valuisset
552 3966 620 4020 Par.
645 3962 670 4001 55
694 3960 853 4042 valetudine
880 3962 940 4033 liip.
966 3962 1029 4020 Vere.
1056 3962 1082 4001 55
1103 3963 1177 4019 Notae
1202 3962 1261 4035 (ιι).
1291 3962 1355 4018 Vcn.
1380 3961 1402 4002 ιι
1429 3963 1610 4023 Nunfiafionis
1637 3967 1700 4040 ΜΩ.
1728 3968 1789 4027 Vm

150 4046 175 4084 55
190 4044 371 4100 Crediderunt
384 4040 465 4095 Pom.
478 4038 565 4094 Fron.
579 4036 646 4091 Por.
662 4030 687 4072 55
700 4032 733 4088 Ει
748 4048 775 4087 ιε
789 4033 882 4090 omit-i.
899 4033 958 4106 Rip.
977 4035 1040 4095 Van,

835 4138 1087 4216 Comm'ehtarins.

180 4269 237 4341 (33)
263 4265 333 4338 Quid
341 4265 405 4338 jum
421 4274 589 4335 responsam
604 4259 643 4316 rit
659 4256 770 4315 anobis
790 4256 933 4339 ilorciooi,
951 4281 974 4360 n
989 4257 1121 4333 periatur,
1142 4264 1173 4313 ut
1200 4255 1300 4315 scilicet
1327 4256 1486 4316 traditiones
1511 4257 1637 4318 Ecclesia
1660 4260 1788 4319 amanda·

143 4341 270 4413 iutelligit
284 4335 448 4394 hauddubie
464 4334 549 4389 libros
567 4348 594 4388 rv
609 4330 672 4387 odo.
688 4331 791 4410 llore.,·
810 4328 848 4384 rbi
864 4330 935 4386 enim
992 4334 1062 4388 rent.
1086 4329 1125 4386 Lu
1149 4329 1199 4410 lfn.
1221 4329 1316 4388 -Ne
1347 4330 1416 4387 iorte
1440 4329 1502 4403 quis
1529 4331 1599 4388 istud
1628 4332 1788 4406 detorqueat

143 4414 224 4470 etiam
248 4411 345 4465 iisdem
393 4422 452 4474 ene,
482 4405 530 4462 sod
563 4403 642 4475 paulo
670 4401 843 4472 paucioribus
870 4402 939 4457 hauc
991 4410 1086 4458 contra
1100 4401 1258 4458 traditiones
1280 4400 1492 4468 ecclesiasticas,
1512 4403 1666 4461 meminerit
1684 4405 1787 4466 Auaro-

144 4486 307 4556 scripturam
320 4425 436 4552 cxpfieat
450 4477 553 4541 verbis,
577 4473 658 4547 paulo
682 4480 744 4545 post
766 4471 936 4545 adlegandis.
991 4489 1050 4530 rem
1064 4472 1199 4538 docuisse,
1223 4474 1244 4528 l.
1261 4473 1294 4531 de
1314 4475 1377 4530 Cor.
1401 4475 1491 4530 milii.
1507 4489 1532 4530 e.
1554 4478 1581 4540 3,
1608 4475 1691 4535 etiam
1704 4476 1786 4534 aradi.

145 4555 261 4612 Proinde
277 4554 356 4608 ctiam
372 4551 435 4607 bine
455 4553 560 4605 constat
575 4561 668 4605 uorum
683 4560 744 4600 esse
759 4544 855 4600 eodem
869 4558 938 4670 pene
991 4546 1093 4602 tionem
1108 4561 1161 4602 non
1175 4543 1303 4614 scriptam
1317 4544 1415 4601 dehere
1428 4545 1522 4616 recipi.
1539 4545 1611 4603 Pru.

144 4625 325 4699 temporescri
349 4631 389 4678 tos
406 4622 477 4675 harno
492 4626 518 4675 et
532 4625 691 4691 sequentem
706 4615 806 4673 librum
825 4629 856 4696 ac
879 4614 935 4671 ibh.
1026 4617 1084 4688 (39)
1109 4615 1161 4696 llic
1176 4631 1227 4697 ‚eor
1249 4617 1333 4698 sciret
1354 4615 1572 4698 abrentes'esac.
1591 4618 1632 4676 De
1653 4626 1743 4678 matre
1761 4629 1786 4677 et

139 4714 170 4756 rv
190 4699 292 4771 primos
306 4640 369 4751 agn.
390 4693 558 4750 diarcioncm
571 4708 581 4746 .·
595 4689 638 4745 his
651 4688 865 4755 ueroabsolntrs‚
880 4695 936 4742 turn
989 4702 1197 4760 consanguineis
1214 4686 1314 4744 Chrrsn
1336 4696 1378 4744 est
1418 4699 1522 4755 uaestro,
1547 4704 1617 4760 quos
1640 4699 1688 4747 aut
1713 4707 1787 4764 spre-

140 4772 249 4827 dcmum
278 4783 338 4823 esso
366 4763 548 4835 conscriptum
576 4760 700 4832 quintum
724 4759 772 4815 lib.
806 4757 937 4815 adsersus
989 4759 1068 4824 visse,
1097 4766 1143 4812 εει
1165 4774 1199 4814 ne
1221 4757 1320 4814 lesisse
1347 4760 1408 4815 dice
1428 4767 1475 4816 ant
1502 4758 1542 4815 illi
1573 4761 1785 4836 vitilitiqatores.

139 4843 274 4898 eumdem,
292 4839 362 4894 pu,
989 4828 1089 4885 Probat
1114 4843 1178 4887 vero
1201 4774 1250 4885 iric
1271 4846 1305 4885 err
1330 4832 1360 4886 ll.
1387 4831 1459 4887 Luca
1478 4831 1659 4890 Tertullianus
1688 4843 1786 4892 contu·

177 4914 234 4985 (37)
250 4905 483 4980 riddecrrpelr'om
505 4907 594 4978 ipsias
608 4917 828 4977 provocabamus.
845 4899 936 4959 Utitur
989 4900 1128 4956 mellosum
1153 4900 1181 4957 in
1205 4908 1331 4973 parentes
1354 4918 1389 4957 nn
1437 4918 1497 4958 nana
1522 4901 1614 4972 luisse,
1639 4904 1690 4962 sed
1715 4921 1788 4963 sem·

142 4982 290 5055 aliquando
322 4977 505 5035 Tertullianus
532 4975 672 5048 evangilio
702 4973 843 5030 dlareionis
872 4973 934 5028 adv.
989 4973 1215 5043 permoriqernm
1230 4973 1416 5030 etsubditum.
1454 4975 1534 5030 nPn.

142 5054 290 5111 eunrdcm:
314 5060 386 5107 retor
407 5061 452 5106 net
476 5048 612 5112 nlmimrn,
632 5056 662 5103 ει
675 5046 772 5119 quavis
788 5044 936 5117 sponsione
1025 5044 1185 5115 (immoler
1194 5059 1336 5116 oeqoenorr
1345 5045 1784 5106 demomtratnrcdtastrsetttt.

140 5125 230 5199 ipsum
253 5130 366 5196 premat.
388 5069 422 5178 i.
441 5123 519 5177 Lucae
542 5119 735 5191 Evangelium,
752 5114 935 5186 rejectisaliis
988 5113 1056 5171 illud
1082 5124 1169 5186 potest
1196 5115 1311 5190 intelligi
1346 5118 1380 5174 de
1407 5117 1561 5174 adbaesione
1596 5127 1730 5193 perpetua
1757 5121 1785 5176 in

140 5198 237 5263 trihus,
263 5197 291 5251 in
305 5196 396 5251 multis
409 5192 560 5258 recusabat,
587 5199 614 5247 ct
628 5189 751 5263 quintum
778 5203 833 5242 sure
853 5186 936 5242 latui·
987 5186 1094 5267 Christi·
1124 5188 1308 5255 concionibus,
1336 5205 1404 5262 quas
1439 5188 1642 5261 frequentabant
1681 5192 1786 5250 mibi

134 5269 181 5327 tati
208 5283 363 5341 congruens
400 5275 426 5321 ει
455 5264 594 5323 couiorme
620 5266 789 5320 commentus
815 5264 865 5314 est.
894 5258 935 5313 De
989 5268 1018 5314 ει
1031 5259 1123 5316 Μειιε.
1139 5258 1243 5316 Deinde
1258 5261 1285 5316 id
1294 5260 1368 5333 quod
1381 5260 1516 5332 seqnitur,
1531 5261 1784 5323 increduiitatem·

134 5341 187 5400 hoc
204 5340 302 5415 agitur.
318 5339 358 5394 Ln
378 5337 427 5393 Pn.
988 5345 1066 5402 ram,
1093 5329 1126 5384 ad
1148 5330 1242 5388 iratres
1268 5330 1386 5401 Domini,
1410 5347 1466 5389 non
1484 5332 1519 5389 ad
1536 5332 1658 5403 Mariam,
1688 5333 1784 5393 reterri

172 5415 215 5484 (38
244 5414 303 5470 lion
328 5410 435 5481 recipio
449 5404 521 5479 qaod
535 5407 619 5461 extro
640 5402 833 5474 Scriptorum.
857 5403 930 5457 Inter
988 5401 1079 5458 debet.
1095 5402 1165 5458 Pars.
1181 5430 1217 5445 -
1231 5402 1278 5459 Vel
1292 5403 1434 5460 dicendum
1449 5414 1490 5461 est
1504 5404 1559 5475 hic,
1576 5414 1607 5461 ει
1618 5406 1785 5489 quaudoque

131 5426 261 5543 arnonius
288 5479 467 5555 quadraginta
489 5475 523 5532 ab
550 5472 683 5530 hereticis
720 5469 856 5553 superiori
878 5486 929 5526 sae·
985 5471 1064 5545 alias,
1075 5471 1235 5531 dormitasse
1249 5475 1352 5531 bonnm
1366 5475 1569 5532 Tertullianum.
1584 5477 1686 5534 Annon
1695 5492 1785 5536 earm·

131 5557 196 5613 cnlo
224 5561 361 5623 exaratos,
388 5563 461 5606 unns
496 5553 548 5628 est,
573 5557 627 5618 quo
652 5560 682 5602 sc
716 5542 783 5600 nihrl
817 5541 927 5600 credere
983 5559 1049 5603 vero
1063 5543 1238 5603 Christofilio
1260 5545 1425 5615 adherebat,
1440 5561 1501 5621 qna
1516 5548 1651 5620 usquead
1670 5563 1785 5609 crum

129 5636 178 5683 ant
192 5628 290 5684 docere
314 5620 480 5696 profitentur,
496 5617 550 5676 uisr
573 5615 600 5674 in
615 5617 699 5675 sacris
721 5614 861 5675 codicibus
884 5630 926 5674 re·
983 5616 1150 5690 compatiens
1168 5619 1402 5690 prosequebatur,
1417 5624 1445 5677 et
1458 5625 1602 5694 postquam
1621 5621 1784 5682 sssmderrr
