3840 6134
68 393 124 462 8¹7
678 404 776 466 LIBER
795 404 838 465 DE
856 402 962 467 CARNE
980 402 1117 466 cettan.
1667 400 1721 479 818

71 545 145 587 rcaae
162 529 315 587 testimonia
330 527 419 584 carnis
437 535 510 596 suat,
522 537 552 584 ut
566 536 711 586 ctuostrae.
728 531 781 587 Sed
802 531 871 588 nibil
888 531 949 625 nsit
963 531 1043 599 iacta,
1064 538 1171 605 ergoet
1194 530 1256 590 caro
1274 530 1372 602 anima,
1394 536 1421 586 et
1443 530 1513 589 sicut
1533 548 1596 591 cara
1619 535 1723 598 anime-

71 635 184 685 norum,
195 617 261 674 nihil
278 616 448 691 peregrinum
463 617 645 688 deprehendo.
658 619 789 693 Denique,
804 637 869 677 ver·
926 620 969 686 lis,
988 619 1025 676 ita
1040 627 1066 676 et
1079 621 1169 676 anima
1181 618 1309 677 carnalis.
1325 621 1357 676 Et
1375 619 1420 677 hic
1443 621 1532 695 itaque
1553 639 1649 681 causas
1678 644 1721 684 ra·

72 709 114 765 bis
131 707 319 764 tantummodo
341 713 368 763 et
393 705 478 773 iactis,
493 707 617 764 doctrina
638 715 665 766 et
691 708 790 765 virtuto
812 707 870 766 sela
924 710 1015 782 quire.
1032 708 1070 775 Si,
1086 716 1115 764 ut
1133 707 1249 765 animam
1263 710 1365 765 salvam
1391 709 1501 777 taceret,
1525 710 1553 767 in
1576 714 1722 786 semetipso

72 797 184 867 Christi,
204 797 329 853 homines
356 795 379 834 ²¹
407 797 645 866 obstupescebant.
671 799 817 855 Notaretur
844 799 869 838 ²²
923 799 1040 868 suscepit
1055 796 1171 853 animam
1191 798 1322 866 Christus,
1338 797 1402 869 quia
1416 798 1490 856 salva
1504 813 1559 854 non
1582 808 1655 856 esset
1669 803 1722 861 nisi

73 887 154 943 eriam
173 886 261 943 carnis
285 882 314 940 in
342 884 388 942 illo
418 886 523 940 navins
551 886 680 943 miraculo
699 888 800 944 habita.
817 889 870 946 sed
923 901 974 959 per
987 885 1086 954 ipsun,
1103 884 1167 941 dun
1181 885 1209 941 in
1224 885 1284 957 ipso
1295 906 1302 959 ;
1314 902 1370 942 non
1384 885 1463 943 video
1478 903 1525 944 cur
1539 903 1598 944 eam
1613 904 1722 947 carnem

75 972 165 1031 earnis
180 982 292 1029 terrenae
313 988 368 1028 aon
393 971 461 1028 mira
483 974 616 1030 conditio:
640 975 697 1046 ipsa
720 983 790 1043 erat,
809 994 870 1049 quae
924 973 1017 1030 iecerit
1044 973 1194 1042 animalem,
1230 974 1366 1031 induendo
1391 991 1506 1047 carnem,
1535 977 1614 1048 quasi
1646 977 1723 1035 aliter

75 1071 174 1119 cetere
188 1061 247 1131 ejas
262 1061 386 1116 miranda
406 1059 528 1117 iaciebat.
549 1064 617 1118 Cum
640 1064 776 1123 dicerent:
797 1067 870 1125 Unde
924 1063 1041 1118 animam
1066 1062 1168 1122 salvam
1196 1063 1286 1121 iacere
1313 1079 1368 1121 non
1388 1073 1490 1136 posset,
1513 1065 1566 1122 nisi
1595 1081 1723 1139 carneam

77 1150 143 1207 baia
156 1148 289 1206 doctrina
311 1154 339 1206 ct
364 1151 446 1221 signa
459 1149 545 1206 iata?
567 1151 647 1208 etiam
670 1153 872 1225 despicientium
924 1152 1031 1210 tactam.
1047 1156 1115 1211 Cum
1130 1155 1201 1210 enim
1217 1165 1324 1212 nostras
1345 1155 1449 1210 animas
1464 1171 1519 1212 nen
1534 1163 1640 1214 tantum
1667 1173 1722 1215 non

76 1238 191 1295 formam
206 1240 266 1310 ejus
281 1239 340 1295 haec
354 1247 409 1294 crat
423 1254 484 1298 vex.
499 1238 575 1297 aneo
600 1257 650 1297 nec
672 1241 796 1299 humanae
818 1245 871 1300 ho-
924 1257 1046 1308 carneas,
1076 1242 1124 1298 sed
1152 1243 1267 1318 etiams
1295 1243 1320 1283 ³²
1348 1259 1429 1301 carne
1451 1245 1604 1316 disjunctas
1629 1245 1723 1303 saluas

77 1327 191 1383 aestatis
205 1341 305 1399 corpus
326 1325 374 1382 tuit
388 1327 456 1399 (52),
477 1328 577 1382 nodum
593 1329 708 1385 coelestis
732 1331 869 1389 claritatis.
924 1336 1051 1402 prastet3
1066 1340 1166 1403 quanto
1191 1331 1275 1405 magis
1302 1330 1387 1399 illem,
1402 1348 1483 1404 quarn
1499 1333 1559 1406 ipse
1584 1333 1720 1407 suscepit,

76 1415 240 1472 Tacentibus
249 1414 321 1486 apud
334 1429 384 1470 nos
397 1414 422 1452 22
436 1431 543 1487 quaque
554 1412 692 1490 prophetis
707 1418 739 1474 de
758 1417 871 1492 ignobili
924 1419 1006 1476 etiam
1029 1435 1084 1477 non
1111 1436 1236 1476 carneam
1263 1420 1386 1493 redigere
1411 1421 1498 1493 potuit
1520 1422 1549 1477 in
1586 1421 1720 1481 salutem!

79 1513 189 1576 aspectu
214 1504 284 1574 ejus,
300 1503 366 1575 ipsae
388 1505 542 1576 passiones,
562 1505 682 1578 ipsaeque
702 1508 872 1564 contumeliae
924 1509 992 1565 Item
1015 1523 1074 1563 curn
1099 1517 1262 1580 praesumant
1291 1509 1315 1548 ³³
1342 1525 1396 1567 non
1416 1511 1516 1578 carnis,
1546 1510 1594 1565 sed
1621 1511 1721 1567 animae

77 1590 241 1666 loquuntur:
268 1591 408 1663 passiones
434 1591 543 1665 quidem
574 1595 719 1652 humanam
750 1611 870 1668 carnem,
926 1604 1024 1654 nostrae
1050 1598 1107 1671 (56)
1140 1598 1224 1655 solius
1253 1598 1402 1655 liberandae
1433 1614 1515 1657 causa
1554 1601 1722 1674 processisse

79 1679 248 1737 contumeliae
278 1696 341 1737 vero
368 1681 535 1737 inhonestam
561 1682 617 1754 (53)
658 1684 807 1755 probavere
835 1686 871 1742 22.
926 1687 1080 1755 Christum
1103 1687 1203 1760 primo,
1217 1703 1299 1761 quarn
1313 1687 1461 1743 absurdum
1484 1693 1535 1755 est,
1551 1696 1582 1743 ut
1605 1690 1722 1747 animam

82 1774 220 1824 Anansus
238 1777 308 1826 essct
331 1770 428 1843 aliquis
450 1787 542 1845 ungue
561 1789 665 1829 summo
689 1776 872 1851 perstringere
926 1775 1010 1831 solam
1024 1776 1200 1848 liberaturus,
1216 1775 1244 1831 id
1270 1792 1356 1850 genus
1379 1775 1504 1848 eorporis
1528 1792 1587 1832 eam
1615 1777 1721 1846 iecerit,
1805 1824 1809 1839 .

84 1871 184 1927 eorpus
204 1871 302 1914 norum
325 1858 397 1931 (51),
415 1860 441 1898 ²⁵
463 1860 662 1933 sputaminibus
690 1864 874 1921 contaminare
890 1828 912 1905 Β
928 1866 1000 1936 quod
1028 1880 1084 1921 non
1108 1873 1166 1922 erat
1188 1862 1361 1921 liberaturus!
1388 1864 1499 1933 Deinde,
1511 1864 1534 1920 si
1562 1867 1650 1921 anima
1677 1882 1724 1924 ne·

81 1945 190 2013 taciem,
212 1946 264 2003 nisi
285 1955 433 2004 merentem
449 1951 534 2022 (55)1
554 1949 626 2019 Quid
646 1952 713 2009 dieis
735 1953 873 2010 coelestem
928 1962 997 2009 stras
1011 1953 1150 2024 perillam,
1167 1969 1247 2026 qnam
1268 1952 1391 2030 gestarit,
1413 1954 1527 2011 liberare
1556 1962 1722 2026 susceperat,

79 2051 198 2104 carnem,
218 2051 301 2109 quam
323 2039 395 2095 unde
422 2039 559 2096 coelestem
579 2041 726 2118 intelligas,
742 2058 795 2099 nan
823 2043 873 2100 ha·
928 2043 1001 2097 illam
1037 2059 1154 2114 quoque,
1181 2059 1261 2116 quarn
1297 2043 1420 2116 gestavit,
1450 2051 1569 2100 nostram
1601 2050 1724 2115 gestasse

79 2124 145 2181 hes?
159 2124 230 2195 Quid
244 2133 377 2183 terrenam
392 2144 486 2202 negas,
501 2145 582 2203 quarn
600 2131 671 2187 unde
696 2140 830 2188 terrenam
848 2134 874 2174 22
926 2131 1066 2200 debuerat,
1087 2130 1113 2186 id
1137 2138 1187 2199 est,
1204 2138 1302 2188 nostrae
1318 2131 1422 2202 iormae,
1443 2131 1640 2205 cujuscumque
1665 2131 1723 2189 ior-

79 2231 221 2288 agnescas,
250 2217 360 2274 habes?
384 2219 486 2277 Esuriit
510 2222 560 2277 sub
589 2221 708 2291 diabolo,
728 2221 796 2279 sitiit
822 2224 873 2280 sub
928 2236 980 2274 mae
994 2229 1035 2276 est
1049 2219 1076 2273 in
1090 2219 1194 2276 occulto
1209 2220 1298 2274 anima
1313 2228 1415 2285 nestra,
1431 2234 1486 2276 non
1501 2228 1590 2277 tamen
1605 2235 1713 2277 carneae

81 2314 247 2383 Samaritide,
264 2315 426 2389 lacrymatus
441 2326 578 2390 estsuper
597 2320 739 2392 Lazarum,
754 2320 873 2394 trepida·
927 2307 1071 2374 0222222212,
1095 2315 1290 2364 ²0¹¹110³²r²¹¹¹
1316 2306 1432 2362 22222222
1457 2306 1591 2376 libertina
1619 2310 1643 2364 Sl
1669 2324 1726 2366 222·

79 2404 116 2461 ,q
127 2404 153 2443 aa
167 2404 201 2462 ad
217 2413 342 2462 mortem,
360 2405 443 2464 ⁷⁷8
458 2409 526 2466 Ca„
540 2409 622 2475 enim,
633 2409 730 2483 inquit,
745 2413 872 2482 infirma,
927 2414 1005 2454 neam
1019 2396 1129 2468 habuit3
1144 2405 1238 2453 nostra
1252 2396 1324 2452 enirn
1338 2410 1437 2453 carnea
1455 2412 1510 2454 non
1526 2405 1576 2453 est.
1600 2398 1684 2455 Porro
1700 2398 1725 2456 si

82 2491 247 2566 Sanguinem
272 2493 343 2551 fudit
368 2503 507 2567 pestremo
534 2497 560 2535 22
587 2498 649 2554 Haec
676 2509 749 2565 sunt,
764 2499 872 2572 opinor,
928 2511 984 2552 non
1011 2502 1128 2552 nostram
1151 2495 1288 2563 liberavit,
1304 2494 1368 2568 quia
1395 2510 1522 2552 camaem
1543 2494 1666 2554 liberavit
1687 2497 1723 2570 22,

81 2582 156 2656 signa
173 2584 302 2641 coelestia.
319 2585 372 2641 Sed
393 2586 538 2658 quomode,
554 2586 664 2658 inquam
680 2586 715 2656 ²⁹,
736 2589 873 2645 contemni
929 2583 995 2639 nihil
1023 2583 1057 2639 ad
1084 2597 1135 2639 nos
1161 2583 1195 2650 ³⁵,
1210 2585 1274 2656 quia
1301 2592 1420 2639 ⁰⁰⁵²t²ffl
1446 2583 1581 2640 122212122-
1597 2586 1650 2641 Sed
1675 2604 1726 2644 nec

82 2681 106 2726 et
123 2671 180 2743 pati
194 2681 297 2744 posset,
313 2673 381 2729 sicut
404 2682 430 2729 et
448 2674 514 2740 dixi,
534 2675 558 2730 si
584 2676 648 2746 quid
672 2677 698 2730 in
722 2676 770 2732 illa
793 2693 874 2736 carne
928 2672 1067 2730 liberanda
1081 2679 1148 2743 erat,
1163 2688 1223 2744 quaa
1237 2687 1292 2728 non
1305 2681 1362 2727 erat
1380 2679 1481 2741 nostra,
1495 2680 1523 2727 ut
1543 2672 1645 2728 scilcet
1662 2690 1725 2729 ear·

83 2759 114 2814 de
128 2761 154 2800 ³⁰
167 2760 272 2818 coelcsti
288 2750 471 2836 generositate
494 2763 654 2820 radiasset?
676 2765 714 2821 lix
737 2766 788 2823 hoc
807 2783 874 2841 ergo
929 2779 997 2818 nea:
1014 2778 1067 2818 non
1082 2761 1155 2817 enim
1168 2759 1377 2834 periclitabatur,
1393 2759 1415 2814 si
1430 2774 1485 2816 aon
1507 2769 1566 2816 erat
1580 2768 1681 2828 nestra,
1698 2762 1726 2816 id

83 2848 346 2906 conuincimusnilril
362 2852 388 2907 in
410 2851 453 2906 illa
469 2853 501 2908 de
523 2853 599 2909 caelis
623 2853 716 2926 fuisse,
733 2864 876 2927 propterea
930 2861 981 2916 est,
997 2866 1051 2907 nou
1065 2865 1171 2906 carnea.
1187 2849 1241 2906 Sed
1253 2848 1394 2904 liberatam
1409 2854 1514 2907 constat
1535 2846 1619 2905 illam.
1648 2850 1725 2924 Ergo

85 2944 113 2992 ut
127 2939 261 2994 contemni
277 2947 305 2996 et
319 2940 372 3012 pati
387 2950 490 3013 posset.
930 2958 984 2999 non
1008 2941 1057 2997 luit
1083 2956 1198 3011 carnea3
1227 2948 1254 2996 et
1273 2938 1322 2997 tuit
1346 2947 1447 3006 nostra,
1463 2940 1486 2995 si
1511 2955 1544 2995 ea
1557 2939 1583 2978 22
1598 2938 1647 2995 luit
1664 2956 1725 3010 quae

398 3029 510 3088 CAPUT
524 3029 559 3086 X.
928 3032 1094 3097 liberaretur,
1114 3031 1240 3103 queniam
1261 3028 1286 3069 ³²
1301 3029 1509 3100 periclitabatur.
1531 3029 1591 3085 Jam
1605 3043 1682 3100 erge,
1699 3028 1723 3086 si

114 3114 263 3174 Convertor
281 3116 314 3172 ad
337 3117 405 3174 alios
428 3116 451 3157 ³¹
472 3135 548 3191 aeque
568 3118 621 3175 sibi
650 3118 807 3191 prudentes,
829 3120 874 3192 qui
928 3121 1017 3175 anima
1031 3135 1085 3176 nen
1104 3118 1154 3175 tuit
1168 3118 1281 3175 carnalis
1304 3117 1332 3174 in
1346 3117 1463 3188 Christo,
1478 3133 1530 3176 nec
1548 3133 1612 3175 care
1637 3122 1727 3188 potest

82 3217 188 3260 earnem
201 3203 300 3262 Christi
309 3204 455 3262 animalem
468 3206 614 3278 affirmant,
625 3207 699 3280 quod
708 3208 797 3264 anima
811 3224 875 3266 caro
891 3185 1049 3265 cerrimalis
1063 3207 1159 3266 tuisse.

765 3325 862 3390 Variae
878 3330 1034 3391 lectiones.

113 3426 135 3465 ²¹
156 3425 295 3483 Christum
316 3426 453 3485 hominem
472 3431 616 3503 litatae.
635 3430 660 3469 22
681 3429 777 3487 Autem
795 3431 859 3488 add.
885 3432 945 3504 Rip.
973 3434 1036 3490 Vea.
1062 3431 1087 3470 ²³
1109 3430 1162 3486 Vos
1185 3430 1274 3493 Rhea.
1295 3427 1382 3486 Semi.
1407 3428 1432 3466 22
1456 3427 1607 3485 Probarere
1628 3428 1724 3486 amitt.

80 3496 139 3570 Hip.
159 3499 224 3555 Vera.
245 3499 269 3536 ²⁵
291 3496 365 3553 illam
388 3499 453 3556 add.
470 3502 538 3556 tea.
555 3501 633 3556 ullam
650 3501 737 3558 Rhea.
753 3503 777 3540 22
790 3503 935 3560 Terrenarn
958 3503 1054 3559 aberat
1079 3502 1173 3560 acad.
1189 3501 1270 3574 dpab.
1293 3499 1316 3538 22
1336 3499 1510 3571 lacrymatur
1524 3515 1548 3552 s.
1562 3498 1592 3553 L.
1610 3499 1727 3571 trepidat

80 3569 168 3626 Rhea.
182 3571 264 3626 Pam.
289 3570 314 3608 22
328 3571 467 3627 Postrema
482 3571 549 3627 ludit
563 3573 623 3632 cod.
639 3573 722 3646 epod.
748 3572 772 3611 ²³
795 3573 911 3646 inquitis
925 3575 984 3631 cad.
1001 3574 1081 3646 ¹ipah.
1101 3573 1126 3612 ³⁰
1147 3572 1186 3628 De
1205 3574 1300 3630 omitt.
1326 3571 1414 3628 ntea.
1442 3570 1526 3627 Semi.
1553 3569 1575 3652 ³¹
1593 3569 1649 3625 Hos
1663 3570 1723 3626 aad.

79 3641 158 3766 mh.
177 3639 263 3697 Rhea.
280 3641 364 3699 Semi.
383 3641 494 3700 Obertb.
511 3643 535 3680 22
549 3644 579 3698 ln
597 3645 683 3701 iliaca.
696 3646 782 3703 scmt.
801 3646 910 3703 Obertlt.
926 3645 951 3685 ³³
968 3647 1115 3701 Praesumat
1138 3644 1225 3702 ilica.
1242 3640 1327 3701 Semi.
1347 3639 1457 3698 Obertlt.
1474 3641 1499 3726 22
1513 3640 1582 3709 Quia
1600 3655 1725 3697 carneam

91 3709 96 3721 “
132 3713 202 3769 rarit
217 3713 319 3770 absunt
334 3731 351 3770 a
367 3712 453 3770 libera.
474 3714 499 3753 ³⁵
518 3715 619 3770 Camea
638 3730 694 3772 non
709 3723 760 3785 cst,
775 3717 841 3773 add.
857 3718 946 3775 Rhea.
963 3717 988 3756 22
1000 3717 1061 3773 Non
1075 3719 1152 3773 inser
1166 3716 1229 3771 alii.
1245 3715 1268 3754 22
1283 3712 1429 3783 Quomodo
1447 3712 1509 3768 atat.

773 3815 1031 3880 Commentarius.

80 3923 257 3987 presentant.
268 3915 405 3991 Vergilia,
433 3934 493 3991 quae
521 3928 548 3976 et
580 3919 698 3977 Pleiades
735 3919 869 3991 dicuntur,
924 3921 1055 3992 aposteli;
1072 3936 1121 3977 aec
1134 3919 1181 3991 qni
1199 3918 1234 3975 ad
1247 3913 1531 3986 comprehendendum
1546 3930 1609 3971 eum
1638 3931 1726 3972 vene·

79 3995 184 4057 septem
212 3995 275 4043 sunt
299 3990 384 4045 eteltae
408 3999 468 4046 ante
490 3990 569 4047 Tauri
594 4008 691 4065 genua,
708 4007 763 4048 una
781 3998 872 4048 tamen
926 4001 987 4047 rant
1013 3992 1222 4048 corruissent.»
1254 3989 1516 4070 h.Chrysostemns
1543 3986 1670 4069 homile
1694 3988 1727 4069 ia

80 4058 245 4128 occultatum
261 4074 301 4115 ere
315 4060 423 4115 ineunte
438 4077 501 4118 vere
519 4071 662 4133 apparent,
683 4063 754 4118 unde
776 4064 874 4134 Vergi-
929 4064 1048 4118 aaran:
1066 4081 1078 4112 a
1094 4064 1161 4116 Nam
1175 4066 1205 4115 ut
1217 4060 1347 4115 iaciendis
1362 4074 1447 4183 fflfims
1460 4065 1517 4112 erat
1527 4058 1727 4123 mirabiliasrc

81 4128 122 4184 liae
135 4128 272 4186 dieantur.
294 4131 399 4188 Suculae
423 4149 483 4203 quae
505 4134 621 4202 Hyades,
637 4134 733 4188 eodem
751 4141 874 4207 tempore
927 4133 987 4188 risu
1002 4131 1214 4211 gratiosissimus
1238 4130 1320 4210 lauisse
1336 4137 1387 4209 ‘tra
1408 4129 1501 4208 itur.)
1527 4128 1725 4194 Beneventum,

83 4199 213 4267 oriuntur,
238 4210 354 4274 suntque
376 4203 456 4258 etiam
485 4213 590 4275 septem
618 4204 644 4258 in
671 4202 759 4260 fronte
774 4204 869 4262 Tauri.
928 4203 956 4259 ia
985 4205 1074 4275 Spem,
1107 4209 1171 4256 catat
1201 4203 1343 4272 Augustam
1371 4199 1452 4257 rerba
1475 4198 1589 4253 inhunc
1605 4213 1723 4280 sensum.

83 4269 184 4327 LssPfl·
928 4273 1131 4331 Deformitatem
1160 4285 1240 4340 quam
1274 4269 1345 4324 inter
1384 4268 1541 4336 patiendum
1580 4276 1723 4338 contrariu,

116 4342 875 4418 (52)Adceacchumaatehonestatiacorpussait.Sie
929 4346 1031 4416 optime
1052 4342 1165 4414 explicat
1194 4341 1225 4395 B.
1256 4337 1514 4403 Bemarduatract.
1530 4338 1563 4394 de
1591 4339 1668 4397 Pars,
1687 4340 1727 4395 hrr

82 4411 153 4468 libro
166 4414 296 4471 aduersus
314 4417 437 4476 tndaeos:
456 4433 492 4473 ac
514 4420 631 4489 aspecta
654 4416 767 4490 quidem
791 4417 876 4475 heae·
930 4416 982 4474 Pn.
1321 4482 1326 4493 Ι
1369 4482 1375 4495 ‚

83 4487 154 4540 stas.
170 4481 234 4553 Qaee
246 4489 328 4542 verba
347 4489 504 4544 confirmant
518 4488 590 4560 quod
610 4504 691 4558 supra
714 4487 875 4554 natavimus,
965 4488 1020 4559 (51)
1039 4488 1081 4543 Aa
1095 4501 1181 4542 ausas
1198 4486 1268 4541 essct
1285 4481 1389 4554 aliquis
1412 4493 1506 4558 aeque
1524 4495 1644 4561 stamma
1656 4498 1725 4566 par·

83 4556 215 4612 numisma
229 4557 319 4614 risum
333 4559 426 4615 Romae
440 4575 526 4631 penes
544 4558 656 4615 Laelium
677 4559 875 4630 Pasqualinum,
930 4561 1070 4632 strinperc
1085 4572 1186 4631 corpas
1200 4552 1329 4634 accurat
1340 4552 1446 4632 Corpus
1464 4560 1597 4629 inusitatae
1610 4551 1726 4635 alicujus

84 4625 143 4680 dein
158 4642 242 4695 penes
255 4630 334 4688 Card.
351 4631 536 4702 altempsium,
552 4632 586 4685 ad
608 4630 655 4686 lih.
670 4635 707 4688 Dc
721 4631 875 4687 Patientia.
930 4628 1150 4703 pulchritudinis,
1167 4633 1214 4681 aut
1228 4626 1343 4703 coelestre
1356 4621 1498 4677 claritatrs.
1515 4623 1681 4704 Augustanus
1694 4639 1727 4704 aa

85 4696 233 4770 Gregorius
254 4701 379 4766 Baeticus,
391 4703 447 4758 sive
470 4701 531 4783 quis
554 4701 624 4756 alius
651 4712 744 4758 auctor
768 4702 814 4756 lib.
841 4704 878 4758 De
932 4704 1005 4758 Psat.
1022 4716 1130 4756 cxxrrt:
1151 4720 1162 4749 r
1184 4698 1215 4778 tit
1229 4695 1281 4751 nisi
1296 4693 1398 4749 loedum
1418 4698 1553 4774 putarent,
1580 4705 1633 4745 non
1659 4708 1728 4747 rnsr-

84 4767 145 4839 fiete,
161 4768 237 4824 lsaiae
254 4773 335 4828 verba
347 4773 387 4828 sic
406 4773 512 4830 reddit:
528 4776 589 4831 Noa
604 4775 757 4846 cstspeciea
777 4775 812 4838 ei,
830 4789 878 4830 nc·
931 4774 1019 4842 lirant,
1032 4788 1084 4828 non
1099 4766 1367 4842 ssagellrscaederent‚
1381 4779 1435 4848 nen
1450 4779 1537 4844 spinis
1553 4770 1728 4828 coronarent,

84 4839 368 4914 qucbanersormae:
385 4845 637 4911 cteidimaseum,
654 4844 879 4903 etaoahabebat
933 4860 987 4901 non
1017 4842 1104 4915 sputis
1127 4841 1342 4919 inhonestarent.
1375 4834 1504 4918 birrabrhs
1537 4834 1624 4916 torma
1639 4848 1732 4917 ‚exar-

82 4912 206 5039 tpecietfit
219 4928 307 4988 nepae
329 4917 466 4986 decorem,
489 4916 537 4975 aad
549 4917 652 4990 species
672 4917 732 4990 ejas
751 4918 813 4972 sine
831 4914 879 4972 ha·
932 4925 1031 4970 masset
1046 4921 1260 4983 tartareamque
1274 4919 1356 4967 etiam
1374 4923 1434 4964 stne
1448 4921 1515 4963 voce
1539 4918 1732 4962 remissionem

84 4995 159 5040 aare.
204 4998 241 5039 re.
933 4987 969 5042 im
991 4994 1143 5042 etrasset.»

118 5054 176 5125 (53)
199 5055 375 5116 Contumelia
397 5076 461 5117 vera
478 5058 668 5116 inhonestam.
688 5058 823 5134 Rigaltius
847 5055 878 5111 ad
971 5003 1027 5126 fite)
1043 5053 1258 5167 Sputarninihus
1273 5051 1664 5132 contaminaretacicm,aisi
1674 5065 1733 5133 rne-

86 5127 180 5195 capa
207 5127 289 5197 hujus
315 5130 376 5186 libri
400 5129 550 5187 deformem
573 5129 708 5187 Christum
739 5136 824 5199 putat,
853 5136 880 5184 et
895 5117 918 5196 Β
934 5132 1060 5186 rcrrtcm.
1083 5126 1149 5196 Quis
1161 5141 1214 5179 non
1230 5126 1371 5205 exhorreat
1380 5121 1596 5205 audacrarndrcu
1611 5119 1732 5204 tinctam

87 5192 148 5250 item
167 5199 291 5253 nonnulli
307 5200 353 5255 alii
374 5202 426 5257 hee
445 5203 505 5258 loco
521 5202 675 5256 abutuntur.
695 5200 801 5270 Quibus
819 5215 881 5271 pas·
938 5200 1036 5260 Christi
1054 5205 1201 5254 merentem
1219 5193 1351 5267 conspuit
1374 5194 1482 5264 dignam
1507 5208 1568 5276 quae
1596 5201 1732 5274 sputami-

87 5264 170 5321 sionis
194 5269 347 5327 Dominicae
370 5274 555 5328 memoriane
586 5275 714 5327 obturare
738 5279 839 5343 posset,
860 5269 883 5326 si
937 5288 1002 5326 aum
1027 5271 1124 5339 jaculis
1144 5263 1386 5326 contaminaretur!
1413 5264 1585 5346 Davenram,
1611 5264 1731 5341 Chrrste.

87 5335 140 5393 hoc
153 5352 169 5391 e
182 5339 348 5397 Tertulliano
364 5343 416 5399 dici
437 5343 682 5399 animadverterent
705 5343 740 5398 de
762 5348 884 5414 tempore
935 5344 993 5399 Hoc
1009 5342 1129 5399 deforme
1144 5350 1216 5397 tuum
1231 5337 1421 5394 deosculamur
1435 5336 1584 5417 supplices.
1599 5333 1632 5386 Et
1647 5338 1734 5401 prosit

86 5406 219 5466 dolorum.
235 5411 302 5467 Nam
324 5414 475 5472 formosum
492 5416 576 5472 tuisse
594 5411 709 5486 plurima
726 5420 885 5487 argumenta
938 5416 1017 5471 nobis
1031 5415 1131 5470 dixisse
1144 5423 1265 5468 nostrum
1278 5408 1421 5478 essequod
1432 5407 1623 5463 debitanestra
1637 5401 1734 5459 iecere.

87 5479 259 5539 convincunt.
292 5484 369 5542 Mitto
401 5487 519 5558 picturas
550 5503 566 5540 a
593 5487 623 5543 B.
653 5485 723 5539 Luca
750 5492 882 5540 exaratas.
938 5487 1001 5542 Hie.
1377 5550 1383 5562 ,

88 5550 203 5608 Sanctam
234 5554 416 5628 Hieronymus
443 5559 522 5631 epist.
548 5559 597 5612 tao
626 5555 662 5612 ad
686 5555 883 5628 Principiam:
976 5557 1032 5627 (bh)
1055 5556 1116 5612 Noa
1143 5550 1311 5621 coritiana
1333 5549 1577 5628 antmoenaostra’.
1600 5543 1737 5601 Hactenus

89 5623 176 5681 «Nisi
189 5625 262 5681 enim
280 5627 420 5684 habuisset
433 5636 460 5684 et
477 5630 504 5685 in
529 5629 602 5685 vultu
616 5627 743 5701 quiddam
763 5624 885 5682 occulis·
938 5625 1076 5698 exemplar
1090 5623 1238 5751 Agohardi.
1253 5622 1346 5703 ltaque
1360 5634 1404 5700 res
1412 5618 1507 5698 dernce
1528 5624 1651 5686 sagetur
1670 5623 1736 5707 tan·

88 5709 138 5767 que
152 5695 453 5772 sidereum,nnnquam
476 5716 537 5759 eum
556 5700 644 5757 statim
663 5698 747 5758 secuti
769 5696 887 5756 tuissent
938 5706 1068 5755 tumeam
1083 5711 1115 5753 eo
1136 5695 1222 5752 icibus
1230 5692 1323 5750 Ursini
1335 5696 1362 5746 et
1371 5690 1479 5746 Prthoer.
1520 5702 1559 5742 re.
1707 5702 1713 5710 ·
