3840 6134
159 312 211 372 titt
496 296 720 365 tantillum
739 298 872 362 ornabit
910 294 1462 386 rthstl.-sbltlltsl,eonttt1lch.
1752 298 1804 358 780

157 437 210 492 Sed
242 441 288 491 aut
313 431 434 491 ebriosos
462 431 551 488 reddit
578 431 772 503 Lyncestarum
800 442 867 486 rena
895 427 952 496 (34)
1004 425 1097 494 Jacob,
1119 433 1231 482 mortem
1261 442 1309 499 per
1335 426 1491 498 martyrium
1513 442 1623 499 quoquo
1645 426 1801 499 flagitantis,

156 526 259 591 vinosa,
275 531 321 579 aut
352 523 531 595 lymphaticos
559 520 642 577 eflicit
670 516 835 589 Colophonis
863 527 951 572 scatu-
1007 531 1089 586 quam
1103 514 1138 572 de
1153 515 1260 573 Christo
1274 515 1354 572 etium
1364 531 1413 573 suo
1423 515 1516 589 exigit.
1526 517 1585 572 Nec
1595 516 1692 588 magiae
1702 522 1802 572 tantum

156 615 216 687 rigo
247 613 305 686 (34)
326 610 483 676 daemonica,
507 617 553 664 aut
570 608 723 664 Alexandro
744 605 842 663 accidit
859 605 953 661 Nona·
1006 604 1078 661 dabit
1101 604 1254 678 quisquam,
1268 613 1299 662 ut
1317 605 1418 662 eximat
1441 614 1565 674 mortem,
1586 613 1634 662 aut
1654 605 1803 677 repastinet

155 705 209 760 eris
230 704 288 775 (36)
308 700 431 757 Arcadiae
453 708 592 757 venenata.
618 696 677 753 Fuit
699 704 725 751 et
749 696 849 751 444444
878 694 951 750 14444
1005 693 1067 751 ritis
1094 694 1176 750 modo
1202 696 1295 767 ritem,
1321 703 1399 751 atate
1428 703 1565 751 renovata.
1590 696 1647 751 lloc
1670 694 1745 750 enim
1768 709 1802 750 ne

155 793 278 850 medicus
292 790 385 861 (4444.
400 790 430 861 ν)
447 788 654 844 antechristum
669 785 735 857 (34).
749 784 829 840 Plane
841 784 952 856 Stygias
1006 784 1107 839 Medeae
1133 783 1243 855 quidem
1271 783 1346 841 licuit
1371 785 1399 838 in
1422 783 1569 851 hominem,
1595 783 1644 839 etsi
1673 782 1753 839 licuit
1772 783 1802 838 in

154 882 270 956 paludes
291 881 347 952 (33)
364 885 442 951 poeta
467 877 576 932 tradidit
604 883 718 931 mortem
738 873 880 930 diluentes.
896 872 951 928 Sed
1004 888 1151 929 servecem.
1175 873 1331 930 Translatus
1352 879 1393 930 est
1415 873 1511 929 Enoch
1538 871 1594 944 (41)
1617 872 1697 942 (den.
1723 871 1754 941 ιι)
1775 882 1803 930 et

155 978 182 1027 ct
195 969 289 1025 Thetis
307 966 395 1023 filium
409 964 523 1038 planxit.
540 964 700 1035 Quanquam
725 961 749 1016 si
765 970 792 1018 et
806 960 951 1018 Menander
1004 961 1079 1017 litias
1102 963 1151 1033 (ll'
1171 965 1233 1035 Rep.
1259 964 1301 1034 u),
1325 979 1376 1019 nec
1398 978 1472 1019 mors
1498 977 1593 1018 eorum
1618 968 1726 1035 reperta
1748 971 1800 1031 est,

154 1062 183 1117 in
197 1060 306 1134 Stygem
336 1055 445 1126 mergit,
460 1055 629 1111 moriendum
649 1053 701 1110 erit
724 1051 905 1117 nihilominus,
922 1058 951 1106 ut
1004 1051 1087 1107 diluta
1110 1051 1213 1109 scilicet
1228 1071 1235 1107 :
1251 1061 1377 1109 catarum
1396 1051 1519 1109 morituri
1537 1051 1631 1124 (Apcc.
1648 1051 1685 1123 ιιι)
1708 1066 1802 1108 44444-

155 1148 189 1206 ad
205 1148 317 1220 Stygem
330 1143 422 1200 venias
437 1160 444 1200 :
461 1143 533 1214 apud
547 1141 650 1197 inferos
662 1139 734 1196 enim
748 1139 855 1196 dicitur.
867 1138 950 1209 Quae-
1004 1146 1100 1198 rantur
1122 1139 1190 1212 (44),
1206 1147 1237 1196 44
1256 1140 1450 1197 antichristum
1471 1139 1602 1213 sauguine
1625 1153 1676 1196 suo
1698 1137 1802 1197 exstin-

155 1243 263 1291 namet
286 1232 398 1291 ubinam
421 1229 474 1285 ista
504 1228 620 1285 felicitas
646 1244 786 1299 aquarum,
805 1243 873 1300 quas
901 1243 952 1285 nac
1005 1239 1097 1302 guent.
1113 1229 1187 1287 Obiit
1204 1230 1370 1300 etJoannes,
1385 1247 1464 1302 quem
1486 1229 1514 1285 in
1529 1229 1673 1286 adventum
1693 1228 1800 1287 Domini

154 1326 273 1381 loannes
305 1319 456 1392 baptizator
487 1317 715 1390 praministrarit,
748 1333 799 1375 uec
830 1317 952 1375 Christus
1005 1334 1190 1374 remansumm
1214 1316 1313 1374 frustra
1336 1319 1423 1375 fueret
1436 1334 1499 1390 spes
1513 1319 1603 1389 (4444.
1626 1320 1698 1388 aar).
1717 1315 1803 1376 m

154 1414 213 1485 4444
223 1409 366 1484 discipulis
377 1407 591 1491 demonstrarit?
603 1404 686 1464 7445
696 1404 773 1475 Quod
784 1407 836 1463 hoc
845 1407 954 1462 Menan·
1005 1407 1070 1463 Tere
1097 1408 1169 1463 enim
1189 1407 1309 1463 hareses
1331 1407 1365 1461 ad
1389 1414 1479 1463 nostre
1501 1406 1623 1477 exempla
1645 1403 1798 1477 prosiliunt,

155 1500 337 1559 dribalueum
363 1492 592 1570 (ial‘imagicum
606 1495 631 1532 7⁸
645 1495 737 1552 eredo.
763 1493 814 1550 Sed
829 1508 879 1551 cur
897 1503 950 1549 tam
1005 1496 1068 1551 inde
1097 1503 1233 1552 sumentes
1260 1495 1388 1566 praesidia
1415 1509 1468 1566 quo
1491 1503 1624 1570 puguant.
1648 1495 1798 1563 Postremo,

154 1590 324 1661 infrequens,
349 1594 403 1642 4444
424 1583 646 1654 occultumque
669 1581 822 1654 paucissimi
842 1581 951 1637 lavanti
1005 1585 1196 1656 compendium
1220 1592 1272 1656 est,
1287 1584 1333 1639 ubi
1351 1593 1414 1640 suut
1436 1582 1492 1655 (43)
1512 1582 1551 1638 4114
1564 1597 1634 1656 quos
1654 1582 1801 1641 Menander

155 1679 315 1749 Suspectam
331 1675 403 1731 enim
417 1671 513 1728 faciam
522 1677 625 1726 tantam
640 1669 776 1725 raritatem
787 1669 952 1726 securissimi
1004 1672 1063 1746 ipse
1073 1670 1286 1745 perfuditiquos
1296 1672 1323 1727 in
1334 1673 1446 1747 Stygem
1460 1687 1536 1728 suam
1550 1671 1665 1728 mersit?
1675 1671 1799 1745 Apostoli

155 1774 236 1840 atque
251 1760 375 1820 tutissimi
389 1757 561 1827 sacramenti,
576 1757 647 1829 apud
675 1758 747 1828 quod
762 1772 814 1815 nec
828 1772 878 1829 pro
893 1758 951 1814 Deo
1005 1777 1139 1834 perennes
1150 1760 1260 1819 ueniant
1280 1761 1349 1834 (44),
1365 1761 1510 1827 adsistant,
1527 1760 1616 1817 rideat
1640 1762 1702 1818 illos
1723 1777 1799 1819 meus

156 1857 215 1929 ipso
230 1853 299 1910 mori
312 1851 355 1906 hx
370 1856 411 1906 est
427 1848 500 1920 (441);
516 1852 695 1917 cumcontra,
722 1862 816 1903 omnes
828 1847 885 1918 jam
899 1863 950 1903 na·
967 1840 990 1920 Β
1004 1852 1133 1921 Τ1ιοιιι44;
1151 1851 1250 1922 audiat,
1265 1856 1423 1917 contrectet,
1437 1860 1464 1907 et
1478 1850 1569 1906 credat
1585 1851 1642 1921 (45)
1655 1850 1692 1905 49.

157 1943 244 1999 tiones
257 1938 403 1996 4444441444
417 1935 445 1991 14
458 1941 579 1992 montem
593 1933 712 2001 Domini,
724 1943 750 1991 et
762 1936 789 1992 in
802 1935 888 1991 aedem
902 1935 952 1992 Dei

841 2034 938 2098 Varia
958 2039 1115 2105 lectiones.

191 2119 216 2158 ⁷⁸
229 2118 366 2176 Conricum
381 2117 469 2175 liltcn.
485 2117 564 2172 Pam.
582 2115 700 2173 Seraler.
719 2114 829 2173 044444.
844 2112 869 2151 ⁷⁹
883 2116 1002 2174 Credidit
1016 2121 1082 2175 Par.
1100 2120 1162 2178 444.
1179 2121 1238 2193 atq.

849 2185 1099 2255 Commentarius.

192 2274 246 2344 (34)
272 2273 397 2330 Ebriosus
411 2269 503 2328 recidit
528 2271 727 2341 Lyncestarum
740 2283 821 2323 crena.
838 2266 950 2324 Fontem
1003 2287 1072 2328 cem.
1093 2271 1216 2341 »ltaque
1231 2272 1330 2341 rejecta
1344 2267 1446 2326 codicis
1464 2265 1633 2341 Agebardini
1651 2266 1793 2339 scriptura,

155 2344 320 2402 Macedoniae
335 2342 490 2398 auctoribus
512 2341 678 2398 celebratum
692 2339 773 2404 dieit;
799 2353 861 2393 nam
874 2338 949 2409 Lyn·
1003 2341 1128 2413 Septimii
1148 2342 1296 2396 uranumin
1312 2341 1402 2399 Ursini
1425 2340 1494 2397 libro
1517 2347 1648 2396 4444444444
1670 2343 1795 2414 agnosci·

156 2424 236 2473 cestae
263 2414 425 2470 Macedoniae
444 2420 507 2468 sunt
526 2410 626 2483 populi.
649 2410 728 2466 Tanti
750 2408 850 2465 dicitur
867 2410 949 2480 hujus
1001 2427 1062 2468 mus
1077 2422 1103 2468 et
1117 2412 1267 2483 sequimur;
1286 2435 1296 2463 4
1320 2412 1399 2481 Quod
1418 2412 1471 2468 hoc
1490 2412 1627 2467 Menandri
1647 2411 1794 2470 balneum‘t

156 2503 234 2560 aquae
252 2484 390 2549 violentia,
409 2490 438 2538 44
456 2483 587 2552 majorem
606 2495 686 2552 quam
712 2481 804 2538 riuum
823 2495 949 2550 saporem
1000 2484 1134 2557 Magicum
1148 2484 1239 2540 eredo.
1261 2485 1352 2539 ultra.

156 2560 276 2614 inducat.
304 2557 407 2612 Seneca
430 2555 477 2610 lib.
504 2568 535 2609 ιιι
558 2555 659 2610 Matar.
685 2555 783 2624 44444.
809 2566 870 2623 444.
895 2554 948 2620 43;
1035 2557 1093 2628 (40)
1107 2555 1188 2626 Apud
1203 2554 1333 2628 quodnee
1345 2570 1397 2627 pro
1412 2556 1465 2611 Deo
1480 2553 1540 2626 ipso
1554 2553 1795 2610 444414444414-

155 2630 224 2686 Plin.
239 2630 285 2684 lih.
305 2644 337 2692 ιι,
357 2642 417 2699 444.
442 2628 508 2692 103;
532 2623 611 2683 Ouid.
635 2623 682 2678 lib.
703 2624 839 2680 tiletum.
862 2623 949 2693 Prope
1001 2629 1088 2683 sinuat
1110 2627 1292 2682 Alexandrum
1316 2642 1400 2681 unum
1422 2624 1506 2681 fuisse
1520 2640 1553 2680 ea
1567 2625 1690 2696 martyrii
1709 2624 1795 2682 refra-

156 2704 291 2776 Brganem
304 2698 416 2756 fluvium
429 2697 545 2755 similem
559 2711 655 2767 aquam
670 2694 754 2750 fuisse
768 2695 851 2751 refert
863 2694 948 2751 Athe·
1001 2697 1149 2771 galeribus,
1169 2714 1229 2755 cum
1254 2699 1351 2770 quibus
1370 2697 1489 2768 disputat
1510 2695 1538 2750 in
1563 2697 1711 2766 Scorpiacc
1733 2697 1793 2754 adu.

156 2790 231 2829 naeus
244 2788 277 2826 ex
291 2771 476 2841 Theopompo,
491 2769 538 2823 lio.
556 2782 577 2822 ιι
590 2767 718 2838 11444444.
735 2766 774 2820 44
789 2765 837 2821 Ριι.
1004 2770 1157 2828 6444444444.
1172 2768 1254 2841 Atqui
1268 2769 1369 2826 Medea
1387 2768 1513 2824 renellcae
1537 2765 1648 2822 historia
1671 2770 1794 2825 omnibus

191 2842 423 2917 (35)44444144444
433 2840 523 2912 efficit
538 2837 949 2910 44144444444444444441414-
1001 2847 1065 2898 4444
1079 2847 1129 2897 est.
1145 2839 1230 2896 Addit
1243 2851 1342 2909 autem,
1358 2841 1411 2896 etsi
1425 2841 1506 2896 licuit
1520 2841 1552 2895 44
1564 2854 1716 2907 vervecem,
1731 2854 1794 2911 pro·

156 2916 228 2985 phun
243 2914 373 2984 oppidum
396 2920 439 2967 est
461 2912 532 2966 haud
552 2911 696 2990 obscurum
709 2909 741 2991 'in
760 2908 850 2990 lunia,
864 2907 950 3034 Apol·
965 2893 987 2974 ὓ
1004 2921 1063 2985 4444
1075 2912 1233 2982 4414444444
1246 2912 1279 2966 ab
1293 2928 1325 2967 ea
1339 2913 1425 2966 vellus
1439 2925 1564 2966 aureum.
1582 2910 1652 2966 Patr.

156 2985 217 3041 linis
236 2984 317 3040 Clarii
333 2982 442 3038 oraculo
456 2981 594 3053 quondam
618 2979 740 3048 illustra,
757 2980 830 3052 quod
844 2996 871 3035 ιιι
897 2997 948 3037 444
1050 2984 1095 3055 41)
1110 2983 1278 3040 Translatus
1298 2988 1338 3039 444
1356 2982 1459 3039 Enoch.
1480 2981 1543 3037 ilaec
1566 2982 1648 3038 verba
1670 2996 1793 3053 expresse

155 3057 328 3120 reddebatur,
345 3054 391 3108 ubl
405 3054 466 3109 lons
478 3053 522 3108 ille
535 3050 660 3108 celebris.
681 3052 721 3107 44
733 3054 781 3108 Pa.
1002 3055 1116 3111 miltant
1148 3054 1279 3109 adversus
1311 3054 1490 3124 judaizantem
1525 3053 1600 3107 Abeu
1630 3053 1715 3119 Essa,
1750 3053 1792 3126 qui

191 3127 249 3200 (36)
273 3124 433 3183 Alexandro
454 3123 558 3180 accidit
582 3123 727 3188 Nonacris,
749 3129 798 3181 etc.
822 3120 947 3178 Arcadiae
1001 3126 1078 3195 illud,
1095 3127 1247 3183 transtullt
1261 3126 1345 3182 illam
1363 3125 1499 3181 Dominus
1512 3123 1592 3193 (Gen.
1609 3128 1646 3190 4),
1662 3124 1697 3178 de
1712 3135 1793 3180 morte

154 3215 218 3273 pars
231 3206 272 3254 est
299 3213 349 3252 seu
364 3195 439 3269 regio
461 3193 603 3262 Nonacris,
619 3192 646 3248 in
660 3209 714 3265 qua
729 3206 802 3265 aqua
816 3194 948 3263 reperitur
1000 3196 1138 3271 intelligit,
1171 3212 1216 3251 um
1237 3204 1329 3252 contra
1353 3195 1469 3250 sentiant
1491 3209 1552 3249 cum
1575 3201 1695 3252 Auctore
1720 3195 1791 3251 Philo

153 3286 215 3342 quae
229 3284 293 3327 rasa
319 3267 409 3323 omnia
433 3266 618 3348 frangitque
645 3265 740 3320 hausta
765 3263 946 3320 Alexandrum
999 3268 1119 3333 iudaeus,
1136 3212 1182 3323 rii.
1208 3267 1242 3322 de
1270 3269 1322 3325 444.
1348 3268 1425 3338 444,
1440 3266 1568 3333 lrenaeus,
1584 3264 1630 3320 lib.
1652 3282 1673 3333 r,
1687 3281 1712 3321 c.
1728 3270 1756 3332 li,
1769 3272 1791 3323 et

153 3343 236 3399 fuisse
251 3341 441 3409 interemptum
455 3337 575 3395 scribunt
588 3335 707 3408 quidam.
724 3334 762 3390 44
777 3335 825 3390 Pa.
998 3337 1046 3395 lib.
1063 3355 1101 3406 rr,
1116 3354 1141 3395 4.
1158 3342 1201 3403 41),
1213 3338 1404 3409 Hieronymus,
1420 3337 1483 3393 adr.
1498 3338 1676 3408 Pelcqicnos,
1690 3337 1738 3394 lio.
1754 3353 1791 3403 ιιι,

188 3414 246 3485 (34)
261 3414 350 3469 lacae
363 3411 568 3468 medicanunis
584 3407 737 3466 Christum.
755 3404 896 3463 Probatica
909 3406 947 3478 pi·
999 3419 1025 3466 et
1039 3413 1131 3466 Patres
1145 3424 1252 3467 omnes.
1269 3411 1325 3466 lmo
1345 3409 1403 3481 ipse
1425 3409 1564 3479 apostolus
1586 3411 1697 3474 Paulus,
1713 3409 1789 3467 44444.

152 3485 237 3543 44144.
252 3484 322 3540 Pau.
998 3496 1029 3536 ar
1044 3499 1052 3536 :
1069 3482 1143 3547 Fide,
1159 3480 1257 3552 inquit,
1274 3480 1435 3538 translatas
1454 3484 1497 3535 est
1516 3479 1620 3548 Enoch,
1635 3496 1673 3538 ne
1686 3480 1790 3538 uideret

187 3555 246 3628 (38)
259 3555 348 3611 Plane
362 3553 472 3625 3444444
484 3549 613 3624 paludes.
629 3548 730 3606 Carens
744 3547 838 3604 sedulo
853 3563 888 3605 ne
900 3548 945 3607 hic
996 3557 1126 3611 44441444.
1142 3553 1211 3608 Pau.

149 3625 238 3682 lacum
266 3625 390 3695 Stygium
419 3622 576 3682 Nonacridis
607 3621 733 3692 accipias,
757 3621 803 3676 sed
840 3627 944 3677 tantum
1033 3625 1091 3697 (44)
1115 3625 1245 3681 Moritari
1269 3629 1464 3680 reservantur.
1484 3620 1585 3677 Alludit
1605 3619 1640 3675 ad
1660 3623 1748 3693 Apoc.
1765 3637 1788 3678 e.

150 3696 300 3754 inferomm
319 3695 452 3765 paludem,
479 3709 566 3764 aqua
585 3692 701 3762 Cocytus
728 3697 755 3748 et
775 3689 943 3763 Phlegethon
997 3710 1038 3751 ιιι.
1059 3696 1127 3752 41444
1149 3703 1223 3766 44444
1243 3696 1333 3752 verior
1354 3704 1409 3749 tum
1432 3695 1568 3758 Auctoris,
1592 3700 1649 3748 tum
1672 3693 1704 3750 Β.
1729 3693 1788 3750 llic·

151 3767 284 3830 oriuntur,
304 3773 334 3819 ut
361 3765 470 3821 tradunt
496 3765 542 3835 qui
559 3762 705 3818 inferorum
734 3762 942 3835 topographiam
996 3766 1101 3834 ronymi
1128 3765 1207 3836 epist.
1238 3768 1298 3834 148,
1324 3766 1360 3822 444
1389 3764 1559 3829 Marcellam,
1584 3773 1610 3821 44
1636 3765 1786 3838 Augustini,

150 3837 248 3894 callere
262 3851 292 3890 se
307 3833 475 3904 profitentur.
491 3836 531 3890 44
545 3834 594 3888 Pa.
994 3837 1024 3892 in
1040 3839 1106 3894 (lea.
1129 3837 1166 3892 ad
1181 3838 1224 3893 tit.
1241 3838 1259 3891 l.
1274 3851 1315 3891 vu
1331 3843 1358 3891 44
1379 3837 1412 3892 de
1425 3838 1608 3894 Peccatornrn
1629 3851 1703 3893 mer.
1718 3851 1743 3893 c.
1762 3839 1786 3904 3,

185 3908 244 3978 (39)
261 3906 336 3974 Quod
359 3905 408 3962 444
423 3904 570 3961 Menandri
593 3903 744 3962 balneum?
765 3905 941 3962 Menandrum
995 3908 1365 3979 sententia,quodmoritnri
1379 3908 1787 3977 reservantur,quamautl’rc·

149 3979 305 4034 haereticum
334 3974 469 4048 significat
497 3976 647 4032 Samariten
671 3991 793 4049 magum,
821 3977 941 4033 Simonis
994 3980 1074 4052 copii,
1090 3980 1136 4052 qui
1151 3979 1349 4035 immortalitate
1368 3978 1482 4034 donatos
1503 3984 1586 4049 putat,
1603 3988 1652 4035 aut
1666 3977 1786 4052 Gregorii

148 4050 221 4120 Magi
237 4047 414 4118 discipulum;
438 4063 518 4119 quem
533 4045 584 4103 hoc
607 4048 666 4119 ipso
681 4046 750 4104 libro
763 4048 939 4106 Menandrum
961 4050 1153 4107 *Nazianzeni
1167 4050 1249 4106 dubia
1263 4052 1313 4106 hec
1330 4050 1364 4105 de
1380 4067 1408 4106 re
1424 4050 1524 4119 opinio.
1541 4050 1609 4104 Ριιι.

148 4120 325 4176 simoniacum
340 4126 485 4191 nuncupat.
500 4117 539 4173 Lrs
558 4119 606 4176 Pa.
1030 4122 1088 4195 (43)
1111 4123 1158 4181 titt
1180 4125 1251 4178 4444
1279 4122 1327 4178 4114
1349 4137 1416 4196 qnos
1441 4119 1592 4178 Menander
1610 4120 1672 4192 ipsc
1685 4122 1784 4195 persa·

183 4222 220 4233 -
241 4191 316 4261 Quod
328 4189 377 4247 hoe
389 4189 535 4246 Menandri
542 4189 694 4248 balneum?
704 4191 840 4264 4144444444
850 4192 940 4250 credo.
996 4192 1049 4261 dit,
1063 4205 1114 4250 eta.
1131 4193 1261 4266 baptismi
1276 4193 1357 4250 rerba
1371 4201 1433 4248 sunt
1446 4193 1605 4265 perfundere
1617 4201 1643 4247 et
1653 4208 1785 4276 mergara

147 4262 339 4334 inexemplum
357 4260 496 4333 Agebardi
515 4261 621 4333 legitur,
638 4262 793 4320 4444444444.
808 4265 890 4332 Quasi
907 4263 941 4318 ad
957 4251 980 4331 ss
995 4265 1093 4322 Mersio
1112 4275 1138 4320 et
1157 4266 1276 4337 perfusio
1299 4263 1355 4322 sire
1376 4263 1507 4334 aspersio,
1523 4262 1570 4319 ubi
1594 4268 1636 4319 cst
1656 4263 1750 4321 dantus
1761 4270 1786 4320 et

146 4335 323 4391 Menandrum
355 4332 513 4399 fabularum,
547 4334 606 4390 sive
638 4335 840 4401 comoeiiarum,
870 4335 940 4391 scri·
993 4336 1149 4410 accipientis
1162 4337 1229 4393 tides
1242 4336 1357 4411 integra,
1376 4350 1450 4407 aeque
1474 4335 1507 4390 ad
1529 4333 1694 4405 baptismum
1717 4335 1786 4392 (ibri-

146 4417 252 4487 plorem
293 4405 439 4473 Septimius
465 4404 605 4476 adluserit,
635 4411 832 4477 proptereaque
863 4405 941 4463 istius
993 4409 1110 4464 stianum
1139 4407 1282 4480 pertinent.
1311 4407 1360 4464 llla
1384 4403 1696 4472 exordinationibus
1721 4408 1786 4464 beno

146 4475 301 4547 impostoris
320 4475 455 4548 baptismo
487 4476 620 4532 fabulosae
638 4476 730 4548 Stygis
748 4491 848 4531 nomen
868 4477 939 4532 indi·
993 4479 1160 4546 ualentibus;
1195 4479 1245 4534 ista
1273 4494 1307 4534 ex
1333 4477 1509 4544 necessitate,
1534 4477 1662 4532 fidelihus
1689 4478 1781 4537 morbo

145 4549 227 4620 derit,
242 4547 308 4620 quin
331 4553 358 4603 44
379 4548 504 4603 balneum
523 4562 584 4605 csse
602 4546 709 4615 dixerit,
730 4546 778 4602 sed
795 4547 937 4609 comicum.
992 4550 1145 4634 implicitis,
1172 4551 1294 4623 adeoque
1324 4549 1427 4606 clinicis
1458 4549 1515 4603 sire
1546 4548 1717 4619 grabatariis.
1745 4550 1783 4606 414

144 4618 326 4677 Nihilominus
353 4618 448 4675 falsam
467 4633 527 4675 esse
554 4620 622 4673 hane
645 4617 804 4687 scripturam
821 4620 938 4675 arbitra·
992 4626 1088 4694 quibus
1101 4631 1141 4676 est
1156 4624 1285 4691 praeclara
1300 4620 1425 4692 Cypriani
1446 4621 1572 4694 Epistola
1587 4619 1623 4674 nd
1645 4620 1781 4694 44444444,

143 4707 213 4748 mur.
242 4690 348 4747 Etenim
367 4690 412 4745 hic
430 4692 464 4746 de
481 4690 628 4745 Menandro
647 4696 752 4745 tantum
770 4688 938 4749 Samaritano
990 4704 1017 4752 et
1039 4692 1157 4750 notanda
1179 4691 1206 4747 in
1232 4692 1325 4764 primis
1347 4700 1388 4749 est
1401 4692 1460 4748 haee
1473 4691 1636 4748 sanctissimi
1660 4694 1782 4766 martyris

142 4763 305 4835 Septimium
337 4763 482 4835 cogitasse,
517 4760 696 4829 praecedentia
732 4759 860 4829 indicant,
894 4779 937 4820 se·
990 4763 1121 4821 sententia
1145 4778 1153 4817 ε
1181 4783 1193 4814 ι
1218 4764 1246 4818 44
1269 4762 1441 4820 sacramentis
1465 4761 1638 4833 salutaribus,
1663 4763 1781 4821 4444444·

161 4834 252 4890 444444
279 4834 360 4913 plane
387 4829 557 4887 confirmant.
584 4833 619 4887 th
650 4832 797 4888 Menandro
828 4833 936 4904 quidem
989 4841 1042 4891 tata
1064 4843 1177 4908 cogente
1199 4841 1226 4891 et
1248 4835 1306 4891 Deo
1328 4833 1524 4908 indulgentiam
1551 4848 1626 4890 suam
1657 4834 1781 4921 largiente

141 4851 181 4959 iili
195 4903 307 4993 magicus
325 4902 427 4958 artibus
443 4900 549 4970 infami,
565 4918 645 4975 quem
665 4911 807 4975 propterea
826 4905 936 4961 Menan·
988 4913 1073 4962 totum
1100 4904 1270 4963 credentibus
1302 4906 1412 4964 confero
1445 4905 1535 4962 divina
1565 4908 1739 4988 compendia.
1767 4924 1777 4958 ι

139 4975 219 5031 drum
233 4974 414 5030 simoniacum
438 4975 614 5047 supradixit,
639 4973 708 5031 bene
722 4977 849 5033 conuenit
875 4974 934 5031 bal-
986 4977 1138 5034 Notandum
1166 4988 1253 5034 autem
1279 4977 1414 5051 baptismo
1436 4976 1560 5048 perfundi
1584 4980 1681 5035 sohtcs
1704 4976 1779 5036 simul

138 5062 220 5103 neum
239 5046 387 5118 magicum,
408 5047 485 5119 quale
505 5047 622 5103 ahenum
645 5046 728 5103 fuisse
748 5048 855 5103 tradunt
872 5049 934 5104 Me·
987 5056 1014 5104 44
1034 5049 1134 5122 mergi3
1155 5065 1188 5105 ex
1211 5050 1255 5105 bis
1278 5049 1435 5106 Tertulliani
1458 5049 1547 5105 verbis
1572 5046 1721 5108 obsecrare
1741 5057 1778 5107 est

138 5118 196 5173 deae
215 5120 351 5174 4444444444.
380 5119 448 5172 Nam
471 5117 542 5174 inter
568 5125 666 5174 caetera
693 5117 793 5174 furoris
812 5117 933 5175 haretici
986 5119 1120 5192 duplicem
1143 5120 1170 5175 iu
1195 5120 1327 5192 baptismo
1351 5129 1445 5189 ntum,
1471 5120 1633 5191 perfundere
1657 5130 1685 5179 et
1708 5137 1776 5179 mer·

136 5189 324 5259 deliramenta,
356 5190 408 5244 hoc
441 5187 522 5245 etiam
552 5187 737 5262 promittebat,
768 5189 929 5246 immortalia
984 5207 1060 5264 gere.
1083 5192 1204 5249 Perfusio
1228 5193 1390 5250 lavauonem
1413 5199 1588 5263 peccatorum
1609 5193 1774 5251 indicabat:

134 5259 243 5319 foreba
264 5262 343 5317 tismo
374 5260 432 5317 sire
449 5261 546 5316 balneo
565 5274 615 5315 sno
638 5260 783 5317 lavantium
801 5273 926 5330 corpora.
982 5263 1078 5318 mersio
1120 5275 1233 5327 mortem
1274 5273 1300 5320 et
1342 5267 1512 5336 sepulturam
1551 5272 1776 5323 commorthoruat

133 5333 212 5389 Unde
234 5279 381 5406 inparatus
406 5341 501 5388 nester
521 5329 774 5411 demagicobalneo
785 5338 927 5411 poetarum
981 5343 1009 5390 et
1023 5335 1240 5402 consepultorum
1257 5336 1372 5392 Christo.
1389 5337 1450 5391 ihc.

131 5404 235 5461 balneis
248 5403 334 5461 nobili
349 5403 485 5474 subjecit:
504 5421 516 5452 ‹
537 5402 594 5457 Nec
609 5415 705 5471 magrae
716 5408 819 5455 tantum
835 5401 925 5474 heere,
1017 5406 1075 5479 (ll)
1089 5409 1213 5480 Apostoli
1220 5422 1357 5480 44444444
1376 5409 1504 5465 vestiunt.
1516 5405 1592 5478 Quos
1610 5409 1716 5467 seilicet
1724 5408 1776 5467 144·

130 5487 162 5532 ut
189 5478 289 5533 eximat
321 5483 445 5541 inertem,
476 5479 522 5528 aut
550 5471 633 5528 ritem
663 5471 704 5553 44Ι
725 5470 835 5527 modum
863 5473 927 5530 vitis
981 5483 1084 5536 nander
1107 5479 1259 5551 baptizarit,
1282 5488 1309 5534 et
1332 5480 1415 5556 Styge
1438 5479 1483 5535 illa
1504 5494 1554 5536 sua
1581 5494 1687 5539 mersos
1713 5480 1775 5540 red·
1825 5531 1828 5537 .

129 5549 283 5619 repastinet,
304 5552 382 5602 atate
408 5550 547 5611 renouata;
577 5543 629 5599 boc
662 5556 735 5600 eorm
762 5558 797 5601 ne
824 5544 926 5604 Medeae
979 5550 1047 5610 uidit
1060 5550 1313 5608 immortaleshm.

127 5617 239 5693 quidem
257 5616 365 5680 licuisse
391 5614 588 5691 inhominem,
611 5612 660 5675 etsi
678 5613 754 5677 licuit
776 5615 804 5679 iu
831 5631 926 5681 terre·
1013 5620 1784 5705 tto)Videatr'ttrsneasTltemar,aadiat,contrcetctct'
