3840 6134
799 118 823 169 ni

488 321 710 386 ulfllmlllltl
727 313 860 384 oeluutl
878 315 962 384 PARS
979 315 1014 381 ll.
1033 354 1069 370 -
1086 321 1200 384 sullus
1220 322 1243 394 Ι,
1261 320 1432 387 minutal.

731 599 890 691 LIBER
923 600 1191 711 QUARTUS.

946 916 970 996 Α
1020 927 1057 985 X.
1073 927 1114 985 Ex
1125 927 1222 986 eodem
1238 931 1272 989 de
1280 929 1431 1005 paralytico
1444 939 1547 1001 curato,
1562 940 1589 989 et
1603 931 1785 1006 appellatione

985 1015 1181 1074 Filiihomiuis.

138 1133 304 1206 sumpturos
321 1127 651 1186 uotuttunmooocrcar
741 1122 934 1183 noemam
1020 1104 1072 1162 Χῖ·
1087 1105 1282 1204 neptunum
1296 1108 1393 1167 altem
1408 1111 1424 1166 t
1438 1109 1597 1177 numanae
1621 1109 1656 1168 oe
1666 1110 1783 1184 ieiunio.

173 1204 412 1261 contrarietatum
427 1196 654 1273 oppositionibus·
791 1211 819 1254 sa
828 1210 933 1279 coquo·
985 1208 1017 1250 ac
1031 1193 1138 1250 Gitrtsto
1155 1209 1269 1267 sponso,
1283 1204 1310 1253 et
1325 1197 1453 1270 parabola
1473 1198 1528 1257 vini
1543 1198 1604 1257 novi
1618 1213 1651 1255 ac
1669 1199 1784 1270 veteris,

172 1270 594 1342 minatum,adscporotiooem
603 1266 720 1339 meoet
733 1266 791 1333 lloa
831 1265 935 1325 clrtco·
986 1299 1018 1341 0¹
1034 1283 1130 1341 ,odem
1141 1270 1242 1358 appe,

172 1348 281 1411 atium,
297 1359 352 1416 quo
372 1342 442 1425 ,dm
456 1339 518 1398 Μ*
531 1337 801 1424 ἅῗΨΨΜΜΜ
853 1337 932 1404 'm’
1022 1370 1206 1430 Xll.Deinex
1220 1363 1360 1449 capient,
1375 1375 1409 1435 de
1432 1375 1573 1449 discipulis
1595 1377 1788 1452 colligentibus

171 1417 297 1474 uberum
310 1413 377 1470 lloot
389 1413 560 1470 Testamenta
569 1408 718 1468 dividebat.
986 1460 1084 1534 'pm'
1098 1477 1130 1519 ac
1143 1470 1238 1520 mm
1252 1480 1335 1524 mm
1348 1464 1423 1524 uida
1436 1465 1465 1522 in
1477 1466 1605 1526 sabbato·

172 1560 195 1616 l.
209 1559 239 1615 ln
253 1555 347 1630 primia
366 1553 551 1613 diversitatem
574 1559 774 1624 praceptorum
801 1559 829 1608 et
854 1550 934 1608 disci·
1022 1546 1097 1604 Xlll.
1109 1549 1150 1605 Ex
1163 1550 1269 1620 eodem,
1285 1554 1320 1610 de
1338 1568 1451 1612 maenaa
1464 1561 1493 1612 et
1511 1554 1635 1614 oratione
1650 1561 1788 1615 nodarat

136 1648 267 1724 plinorum
295 1658 350 1700 uon
375 1658 500 1716 aegane,
524 1641 551 1697 iu
576 1655 659 1697 uuum
687 1638 813 1697 eumdem
848 1640 935 1696 mom
986 1633 1015 1690 iu
1040 1644 1133 1694 monte
1155 1639 1344 1713 apostolorum
1365 1640 1513 1701 duodecim
1537 1640 1654 1704 numero
1688 1653 1785 1704 muta·

65 1786 68 1791 .
136 1742 293 1808 competere
310 1731 497 1797 demonstrat3
513 1744 546 1785 ex
566 1743 599 1785 eo
614 1725 686 1802 quod
699 1723 759 1801 ipae
772 1726 847 1785 Deua
861 1739 936 1786 crem
987 1723 1060 1784 tione
1074 1725 1192 1784 nominis
1206 1727 1289 1800 Petri3
1310 1744 1342 1790 ao
1358 1741 1493 1790 mnreutn
1514 1733 1635 1807 gentium
1658 1731 1693 1791 sd
1707 1731 1786 1793 ctu·

137 1837 180 1886 tor
193 1840 240 1899 per
255 1823 402 1896 Prophetas
416 1833 482 1876 suos
496 1816 576 1874 aliam
599 1816 689 1890 legem
711 1831 819 1887 uotam,
844 1818 936 1875 Evau-
988 1824 1072 1874 atum.

136 1917 202 1992 gelli
221 1925 331 1984 nempe,
360 1908 489 1966 orituram
517 1905 672 1979 predixerit
698 1920 748 1978 pro
779 1906 882 1976 Veteri,
904 1921 936 1964 ao
1023 1904 1097 1964 XIV.
1113 1907 1153 1964 De
1172 1907 1392 1981 beatitudinibus,
1409 1924 1459 1972 seu
1477 1927 1602 1971 sermone
1623 1910 1738 1972 Domini
1754 1913 1783 1973 ia

138 2011 327 2064 testamentum
336 2005 466 2056 eternum
481 2010 530 2070 pro
544 1992 696 2067 temporali.
989 2003 1091 2064 monte,
1100 2013 1133 2055 ex
1146 1998 1249 2055 eodeni.

172 2092 207 2152 ll.
218 2088 333 2159 Deinde,
355 2101 406 2145 uos
433 2084 521 2143 solum
539 2083 618 2140 Luae
644 2081 820 2156 Euangelium
847 2081 934 2157 (quod
1022 2086 1083 2145 XV.
1098 2086 1139 2143 De
1157 2087 1239 2144 uaria
1258 2086 1502 2163 maledictionibus,
1520 2089 1620 2166 quibus
1648 2091 1698 2150 Ve
1711 2093 1787 2152 Pha·

137 2182 257 2240 llarcion
278 2175 456 2235 adulteratum
482 2173 648 2239 admittebat,
676 2171 750 2227 nullo
773 2178 862 2228 emen
882 2171 933 2228 ad·
987 2175 1247 2247 riaeisimprecatua
1261 2186 1311 2246 est,
1327 2194 1360 2236 ex
1374 2179 1482 2237 codam.

137 2271 238 2344 scripto
253 2267 352 2340 titulo),
371 2263 421 2322 aed
444 2264 527 2320 etiam
552 2259 663 2320 loannis
683 2269 711 2318 et
730 2260 847 2317 llatthaei
865 2275 932 2333 apo·
1022 2265 1096 2322 xvl.
1111 2265 1152 2322 lle
1176 2275 1311 2340 precepto
1343 2268 1495 2328 dilectionis
1518 2277 1573 2328 tam
1614 2269 1788 2331 inimicorum

137 2361 278 2426 stolorum,
294 2363 321 2413 et
348 2352 429 2409 llarci
457 2348 598 2424 apostolici
619 2346 681 2418 riri,
706 2362 762 2405 nou
788 2346 877 2407 miuus
899 2363 933 2406 ao
989 2369 1070 2427 quam
1081 2353 1205 2425 proximi,
1221 2349 1371 2415 excedam.

136 2454 225 2518 Luce,
241 2444 431 2505 auctoritatem
443 2440 545 2497 hahere
558 2436 721 2511 prescribit.
1021 2430 1105 2501 xvir.
1122 2444 1161 2500 lie
1180 2441 1283 2500 ioeuore
1293 2444 1445 2516 interdicto,
1455 2446 1569 2522 aliisque
1579 2449 1789 2510 Domiuiverbia

171 2540 217 2596 lll.
229 2538 321 2607 Neque
335 2546 398 2589 vero
412 2530 520 2588 obstare
535 2526 608 2600 quod
622 2525 761 2598 apostolus
782 2526 884 2585 Paulus
898 2526 932 2584 ad
984 2550 1053 2608 pene
1065 2535 1098 2591 ad
1113 2533 1194 2591 tinem
1207 2550 1293 2606 usque
1302 2533 1424 2606 eiusdem
1433 2536 1539 2610 capitis.

137 2623 247 2684 Galatas
258 2617 397 2692 apostolos
410 2612 611 2686 reprehendat;
633 2625 689 2668 uon
703 2609 775 2669 euim
789 2611 825 2668 de
843 2611 933 2668 livan-
1021 2623 1120 2682 xvm,
1136 2623 1177 2679 131
1195 2624 1285 2696 eapite
1304 2625 1385 2683 eptam
1399 2641 1437 2683 pp
1451 2626 1529 2684 [ηοω
1554 2626 1587 2684 (10
1608 2625 1663 2686 fid,
1692 2635 1787 2687 centu.

137 2713 202 2793 gelli
215 2706 407 2783 depravatione
430 2709 476 2758 aui
497 2698 717 2772 ῑΰῑθψθῑθῧθῦθ,
741 2699 789 2758 led
812 2699 847 2756 (10
870 2713 934 2756 00¹1·
985 2711 1080 2781 rionis,
1109 2711 1269 2769 resuscitato
1297 2713 1352 2770 lilio
1375 2713 1474 2785 vidue,
1493 2715 1598 2775 loanue
1615 2716 1738 2792 Baptista
1761 2726 1789 2776 et

136 2802 403 2864 versatiouetantum
416 2790 502 2847 luisse
520 2789 673 2860 denotatos,
687 2789 742 2847 imo
762 2788 821 2861 ipsa
838 2803 932 2847 eorum
984 2799 1097 2857 muliere
1111 2801 1269 2872 peoeetfioe,

135 2887 275 2963 Evangelii
306 2883 450 2955 digestas
479 2875 725 2951 pseudo-apostolis
757 2877 841 2935 luisse
865 2892 932 2952 per·
1020 2889 1100 2945 xlx.
1115 2889 1239 2948 Posthac
1256 2905 1294 2947 ex
1317 2889 1404 2964 capite
1421 2907 1473 2949 vttr
1489 2891 1578 2965 buce,
1593 2893 1628 2951 de
1655 2894 1791 2960 divitibus

136 2995 225 3040 pem,
985 2974 1145 3034 mulieribus
1157 2977 1356 3035 adherentibus
1371 2977 1490 3052 Christo,
1506 2978 1541 3038 de
1559 2981 1651 3041 rerhia
1674 2983 1777 3042 Domita

171 3068 217 3126 Ν.
241 3060 332 3136 Amul,
357 3059 423 3116 dum
446 3055 597 3127 disputatur
621 3054 655 3113 de
678 3053 754 3112 titulo
781 3053 930 3128 Evangelii.
985 3064 1019 3120 ad
1034 3065 1184 3138 discipulos
1197 3066 1270 3123 etde
1283 3073 1410 3124 matreae
1423 3066 1551 3126 lratdhus
1570 3067 1670 3126 Christi

138 3156 210 3231 quod
222 3148 312 3211 858
324 3145 446 3206 llaroion
463 3159 555 3209 suum,
569 3144 671 3201 bucer
693 3142 758 3200 ilem
785 3158 876 3216 tuum,
905 3143 933 3200 id
1021 3154 1087 3210 XX.
1113 3154 1155 3211 De
1170 3153 1306 3212 miraculis
1324 3155 1430 3225 Christi,
1444 3157 1544 3229 quibua
1561 3159 1648 3215 venda
1662 3172 1698 3217 ac
1718 3175 1775 3217 mar

138 3254 180 3304 est
194 3245 283 3313 Luce,
298 3236 417 3297 affirmat
443 3234 645 3303 adulteratum3
668 3230 695 3288 ei
719 3231 858 3305 prescribi
881 3247 932 3288 au·
986 3240 1139 3316 imperavit,
1154 3241 1289 3315 legionem
1303 3243 1456 3301 daemonum
1471 3243 1559 3316 eiecit,
1576 3253 1603 3303 et
1611 3243 1786 3305 lluxumsau-

135 3337 299 3405 ctoritatem,
317 3328 392 3405 quod
406 3324 542 3399 antiquius
563 3321 714 3395 reperiatur
734 3362 742 3392 r
769 3331 795 3379 ei
809 3322 847 3378 illi
860 3321 935 3378 iiiit-
988 3330 1080 3405 guinis
1092 3329 1198 3388 curavit
1211 3332 1239 3388 iu
1254 3321 1377 3402 muliere,
1393 3347 1427 3389 ex
1440 3333 1546 3390 eodem.

136 3428 237 3488 pionem
271 3419 345 3496 quod
369 3413 526 3490 posterius,
552 3410 688 3482 maxime,
717 3426 780 3468 oum
812 3409 933 3469 narciae
1023 3419 1101 3476 XXI.
1117 3419 1158 3476 Er
1171 3434 1203 3476 tx
1224 3418 1290 3477 item
1316 3421 1403 3493 capite
1428 3421 1519 3495 luce,
1533 3421 1568 3481 de
1594 3422 1736 3498 discipulis
1749 3424 1784 3482 sd

136 3516 272 3588 aliquanto
291 3504 431 3566 catholicae
459 3499 588 3560 Ecclesia
612 3499 769 3572 crediderit,
796 3506 824 3556 et
838 3506 933 3573 postea
947 3480 970 3560 ὓ
986 3509 1191 3586 predicandum
1206 3509 1294 3566 missis
1315 3550 1322 3579 ,
1347 3521 1425 3581 pasto
1439 3511 1542 3585 populo
1569 3512 1598 3569 iu
1624 3512 1803 3584 solitudine,

135 3606 163 3660 iu
176 3601 301 3660 heresim
314 3591 450 3655 descierit.
983 3598 1153 3658 confessione
1176 3597 1265 3656 Petri:
1294 3601 1331 3657 lu
1358 3616 1388 3658 cs
1418 3599 1573 3673 Christos,
1602 3612 1630 3659 et
1653 3603 1785 3675 predicta

169 3689 331 3759 V.Quippe,
353 3698 415 3740 cum
445 3680 525 3737 luce
545 3676 721 3751 Evangelium
744 3673 931 3735 auctoritatem
984 3687 1173 3764 pepsecutione
1187 3683 1318 3745 fidelium,

133 3779 234 3836 haheat
259 3776 293 3832 eh
316 3767 446 3828 Ecclesiis
466 3764 641 3840 apostolicis,
667 3765 739 3837 apud
765 3781 831 3838 quta
858 3766 931 3839 quod
1019 3773 1108 3834 86⁰
1124 3774 1217 3833 xxll,
1231 3776 1272 3833 De
1295 3777 1450 3837 ostensione
1468 3777 1568 3836 chrispi
1594 3795 1657 3837 eum
1689 3780 1783 3856 ηομ.

134 3872 335 3926 sacrosanctum
358 3866 420 3928 est,
449 3856 484 3912 ab
502 3853 632 3928 apostolis
657 3853 785 3910 traditum
797 3862 901 3912 constat
920 3875 929 3928 ς
983 3877 1011 3926 01
1024 3864 1083 3923 Elia
1097 3866 1124 3922 in
1138 3880 1247 3923 secessu
1261 3867 1371 3936 monus,
1386 3883 1419 3926 εχ
1433 3868 1538 3926 eodem,

133 3966 159 4016 a
173 3956 290 4031 protum
311 3950 392 4011 etiam
407 3949 505 4004 eaeaa
530 3943 687 4018 atingani,
702 3943 834 4012 renna,
863 3944 930 4002 uae
1018 3956 1121 4014 xxru.
1138 3956 1443 4015 nevernaoomtnaa
1458 3958 1618 4028 Phariaene,
1633 3957 1784 4020 ulmeam

133 4045 207 4117 ffiaei,
221 4053 248 4102 et
261 4040 365 4110 hiaroi3
384 4036 432 4095 sed
446 4044 474 4093 et
492 4032 730 4108 Apocalypsis,e1
754 4032 850 4092 ordine
867 4033 928 4107 epi·
982 4030 1167 4102 parvulorum,
1182 4036 1209 4086 et
1221 4027 1403 4101 increpatione
1414 4029 1528 4106 ejusqui
1538 4032 1654 4089 dixerat:
1670 4033 1784 4108 Sequar

131 4149 276 4209 scaporum
290 4131 324 4189 ad
338 4127 469 4203 originem
478 4138 598 4183 recenso.
983 4123 1011 4176 te
1025 4132 1193 4192 quocunque
1205 4118 1282 4187 ieris,
1297 4133 1330 4174 ex
1344 4116 1450 4175 eodem.

167 4225 211 4283 vt
226 4224 310 4280 Porro
324 4216 357 4276 ad
382 4214 534 4273 institutum
561 4211 675 4271 ueniens
693 4211 807 4285 Auctor,
826 4210 929 4269 nullam
1017 4207 1120 4267 XXIV.
1133 4209 1217 4266 Porro
1232 4215 1260 4265 et
1271 4223 1305 4264 ex
1320 4208 1409 4280 capite
1424 4223 1443 4265 x
1458 4209 1551 4278 Lucae,
1575 4210 1609 4268 de
1635 4210 1784 4271 allectione

131 4329 192 4372 esse
208 4309 315 4369 Veteris
329 4314 356 4365 et
373 4303 444 4363 Noui
466 4300 633 4361 Testamenti
659 4301 866 4372 diversitatem,
885 4300 929 4360 vel
983 4311 1041 4356 unx
1056 4295 1262 4368 discipulorum,
1277 4303 1305 4354 et
1317 4304 1447 4368 potestate
1462 4299 1515 4357 illis
1529 4299 1599 4357 data.

403 981 671 1041 leodoaldum.-
712 1014 719 1023 ·

4 4410 7 4416 '
131 4401 195 4462 inde
222 4395 398 4472 praeseribit,
423 4391 496 4466 quod
518 4389 640 4447 Christus
664 4398 756 4448 noster
776 4388 928 4464 inpleverit
1017 4386 1109 4444 XXV.
1126 4385 1165 4442 De
1178 4385 1301 4443 oratione
1313 4383 1423 4442 Domini
1443 4387 1478 4444 ad
1500 4390 1602 4446 Patrem
1619 4433 1626 4459 ,
1642 4388 1736 4448 verbis
1748 4388 1782 4447 ad

130 4488 286 4568 prophetias
310 4482 470 4553 creatoris,
494 4487 521 4538 et
547 4481 782 4552 representaoerit
808 4480 927 4552 promia·
983 4465 1141 4542 discipulos,
1156 4473 1184 4524 et
1210 4480 1342 4539 responso
1369 4465 1440 4526 lacto
1468 4467 1667 4544 legisdoctori,
1682 4487 1717 4528 ex
1732 4485 1783 4530 eo-

130 4581 224 4640 aiones
240 4575 440 4650 ejus,aclegea
453 4569 598 4642 adjuverit.
746 4645 748 4650 Ι
983 4558 1054 4615 dem.
1181 4642 1187 4655 .
1366 4643 1371 4657 1

164 4670 221 4728 vll.
242 4666 324 4739 Quod
350 4664 440 4737 ipsum
468 4659 584 4734 primam
604 4657 761 4733 comprobat
787 4673 821 4717 ex
839 4657 926 4731 capita
1015 4643 1118 4703 XXVI.
1138 4643 1243 4701 Exinde
1256 4659 1288 4701 ex
1313 4655 1400 4719 capite
1423 4658 1454 4703 ar
1481 4645 1560 4705 Luce
1587 4647 1623 4704 de
1649 4645 1782 4706 Oratione

129 4765 226 4836 quarto
239 4759 320 4822 Luce
331 4755 382 4813 suh
396 4751 491 4824 finem,
501 4750 535 4807 de
545 4749 678 4808 demonio
688 4748 838 4822 expulsoia
850 4763 926 4823 ayna-
941 4768 964 4847 u
978 4732 1132 4835 Domitios,
1151 4731 1264 4806 aliaque
1287 4735 1383 4791 orandi
1403 4735 1499 4836 larmir
1519 4746 1546 4795 et
1577 4736 1716 4809 parabolis
1746 4750 1782 4794 ρο

128 4864 202 4924 popa
217 4846 416 4918 capharnaum,
435 4855 468 4897 eo
482 4839 554 4913 quod
570 4837 621 4894 tria
634 4838 713 4894 Luce
728 4837 815 4910 prima
826 4837 924 4910 capita,
980 4822 1194 4922 pertuentthus3
1222 4821 1257 4922 de
1275 4821 1358 4922 surdo
1385 4824 1519 4882 demomo
1540 4825 1673 4898 expulso,
1696 4841 1729 4884 ω
1747 4825 1783 4884 ,10

128 4946 155 4996 et
165 4937 274 4994 initium
287 4931 386 5008 quarti,
401 4938 530 5004 tauquam
550 4943 608 4986 aue
630 4929 770 4985 sententie
789 4925 925 4986 contraria
979 4909 1358 4971 ⁰¹0l²m⁸2¹0⁰01¹¹111¹0r18d0
1372 4914 1460 4971 turbe.

129 5025 256 5087 erasisset
269 5023 396 5081 llarcion.
1014 4998 1129 5059 XXVII·
1145 4999 1184 5056 De
1196 4999 1339 5058 Phariaeis
1352 5000 1461 5076 signum
1475 5003 1641 5075 petentibus,
1661 5011 1691 5061 et
1718 5001 1784 5061 aliis

162 5116 235 5176 Vlll.
250 5109 505 5187 Eneodemcapite,
520 5109 716 5183 pertinente,
740 5107 838 5181 partim
861 5113 926 5181 post
979 5086 1386 5191 wrumdeminctepetioulbus,
1400 5107 1432 5148 ex
1447 5091 1555 5151 eodem
1774 5179 1782 5194 ι

127 5202 226 5265 dictam
247 5202 388 5262 historiam
416 5202 490 5275 (nam
518 5198 598 5256 etiam
633 5199 687 5255 hoe
719 5202 926 5269 transposuerat
1014 5179 1192 5239 XXVIII&
1205 5188 1293 5254 ceptio
1315 5196 1357 5237 ¹11
1381 5182 1470 5253 Luce,
1493 5181 1528 5239 de
1551 5181 1642 5240 verbis
1669 5179 1783 5239 Domina

126 5295 259 5370 llaroion)
288 5296 322 5354 do
348 5290 472 5352 docldoa
497 5286 597 5345 Christi
624 5286 698 5360 apud
731 5286 864 5344 Nazareth
895 5284 923 5341 in
977 5271 1060 5333 aeriis
1076 5285 1108 5328 ac
1121 5270 1281 5344 discipulos,
1295 5279 1322 5328 et
1346 5270 1477 5345 parabola
1505 5271 1596 5329 diuitis
1614 5270 1783 5330 blandientis

126 5400 278 5462 synanoga,
294 5391 322 5442 et
334 5382 395 5440 aliis
407 5375 559 5437 demoniis.
979 5360 1031 5420 sibi
1044 5360 1078 5417 dc
1092 5369 1227 5433 proveatu
1242 5375 1369 5435 agrorum
1385 5375 1508 5419 suorum.

162 5477 210 5535 IX.
231 5477 297 5533 ltem
318 5489 351 5532 ex
373 5468 460 5541 capite
479 5467 575 5541 quinto
589 5465 693 5533 Luce,
720 5463 756 5522 de
781 5463 924 5523 vocatione
1014 5450 1121 5508 XXIX·
1141 5451 1183 5507 ΒΘ
1206 5465 1271 5508 ΟΜ
1283 5464 1337 5506 ⁰⁰¹¹
1356 5449 1461 5525 ⁸8⁰⁰(st
1480 5451 1576 5508 ‘ssimoe
1594 5449 1630 5508 (¹⁰
1651 5448 1781 5521 Viciu&

127 5564 310 5640 apostolorum
342 5559 461 5620 Simonis
482 5562 510 5616 et
534 5552 650 5614 tiliorum
672 5552 796 5615 zebedei
811 5595 821 5627 ,
836 5568 868 5614 ac
885 5553 924 5615 le·
977 5544 1085 5620 ⁰⁰fl⁰li
1103 5544 1137 5602 (¹⁰
1159 5543 1268 5612 vestitu,
1284 5539 1471 5614 ffliiisslissdil
1497 5539 1604 5606 lumbi&
1629 5553 1662 5596 ⁸⁰
1689 5550 1780 5598 atrii·

128 5665 209 5738 proso
223 5652 363 5715 mandato.
