<?xml version="1.0" encoding="UTF-8"?>
<!DOCTYPE html PUBLIC "-//W3C//DTD XHTML 1.0 Transitional//EN"
    "http://www.w3.org/TR/xhtml1/DTD/xhtml1-transitional.dtd">
<html xmlns="http://www.w3.org/1999/xhtml" xml:lang="en" lang="en">
 <head>
  <title>
</title>
<meta http-equiv="Content-Type" content="text/html;charset=utf-8" />
  <meta name='ocr-system' content='tesseract 3.04.00' />
  <meta name='ocr-capabilities' content='ocr_page ocr_carea ocr_par ocr_line ocrx_word'/>
</head>
<body>
  <div class='ocr_page' id='page_1' title='image "./patrologiaecurs51unkngoog/patrologiaecurs51unkngoog_0401.png"; bbox 0 0 3840 6134; ppageno 0'>
   <div class='ocr_carea' id='block_1_1' title="bbox 57 2835 956 2911">
    <p class='ocr_par' dir='ltr' id='par_1_1' title="bbox 57 2835 956 2911">
     <span class='ocr_line' id='line_1_1' title="bbox 57 2835 956 2911; baseline -0.008 -13"><span class='ocrx_word' id='word_1_1' title='bbox 57 2891 61 2898; x_wconf 89' lang='lat'><strong>.</strong></span> <span class='ocrx_word' id='word_1_2' title='bbox 162 2853 214 2910; x_wconf 88' lang='lat' dir='ltr'><strong>per</strong></span> <span class='ocrx_word' id='word_1_3' title='bbox 228 2852 341 2910; x_wconf 90' lang='lat' dir='ltr'><strong>corpora</strong></span> <span class='ocrx_word' id='word_1_4' title='bbox 365 2847 511 2911; x_wconf 81' lang='lat' dir='ltr'><strong>operantur</strong></span> <span class='ocrx_word' id='word_1_5' title='bbox 534 2846 635 2895; x_wconf 75' lang='lat' dir='ltr'><strong>aetates.</strong></span> <span class='ocrx_word' id='word_1_6' title='bbox 664 2837 756 2894; x_wconf 80' lang='lat' dir='ltr'>Nostri</span> <span class='ocrx_word' id='word_1_7' title='bbox 778 2844 867 2892; x_wconf 86' lang='lat' dir='ltr'><strong>autem</strong></span> <span class='ocrx_word' id='word_1_8' title='bbox 892 2835 956 2891; x_wconf 90' lang='lat' dir='ltr'><strong>illud</strong></span> 
     </span>
    </p>
   </div>
   <div class='ocr_carea' id='block_1_2' title="bbox 60 5283 255 5347">
    <p class='ocr_par' dir='ltr' id='par_1_2' title="bbox 60 5283 255 5347">
     <span class='ocr_line' id='line_1_2' title="bbox 60 5283 255 5347; baseline 0.01 -9"><span class='ocrx_word' id='word_1_9' title='bbox 60 5340 64 5347; x_wconf 76' lang='grc'><strong>,</strong></span> <span class='ocrx_word' id='word_1_10' title='bbox 157 5283 189 5339; x_wconf 85' lang='lat' dir='ltr'><strong>D.</strong></span> <span class='ocrx_word' id='word_1_11' title='bbox 201 5284 255 5340; x_wconf 87' lang='lat' dir='ltr'><strong>deo</strong></span> 
     </span>
    </p>
   </div>
   <div class='ocr_carea' id='block_1_3' title="bbox 83 296 1814 383">
    <p class='ocr_par' dir='ltr' id='par_1_3' title="bbox 83 296 1814 383">
     <span class='ocr_line' id='line_1_3' title="bbox 83 296 1814 383; baseline -0.007 0"><span class='ocrx_word' id='word_1_12' title='bbox 83 296 88 301; x_wconf 76' lang='grc'><strong>’</strong></span> <span class='ocrx_word' id='word_1_13' title='bbox 168 319 219 383; x_wconf 82' lang='lat' dir='ltr'><strong>rer</strong></span> <span class='ocrx_word' id='word_1_14' title='bbox 536 300 1479 382; x_wconf 83' lang='lat' dir='ltr'><strong>runmtutuoruunurtasu.-sunrus1,rousu1ct.</strong></span> <span class='ocrx_word' id='word_1_15' title='bbox 1759 306 1814 371; x_wconf 82' lang='lat' dir='ltr'><strong>raa</strong></span> 
     </span>
    </p>
   </div>
   <div class='ocr_carea' id='block_1_4' title="bbox 162 434 1815 2821">
    <p class='ocr_par' dir='ltr' id='par_1_4' title="bbox 162 434 1815 2821">
     <span class='ocr_line' id='line_1_4' title="bbox 168 434 1814 515; baseline -0.012 -5"><span class='ocrx_word' id='word_1_16' title='bbox 168 453 206 510; x_wconf 90' lang='lat' dir='ltr'><strong>tia</strong></span> <span class='ocrx_word' id='word_1_17' title='bbox 222 446 323 508; x_wconf 81' lang='lat' dir='ltr'><strong>luseris</strong></span> <span class='ocrx_word' id='word_1_18' title='bbox 337 453 363 504; x_wconf 91' lang='lat' dir='ltr'><strong>et</strong></span> <span class='ocrx_word' id='word_1_19' title='bbox 375 446 466 503; x_wconf 91' lang='lat' dir='ltr'><strong>honor</strong></span> <span class='ocrx_word' id='word_1_20' title='bbox 478 457 624 515; x_wconf 88' lang='lat' dir='ltr'><strong>corporum</strong></span> <span class='ocrx_word' id='word_1_21' title='bbox 642 451 774 514; x_wconf 88' lang='lat' dir='ltr'><strong>serretur,</strong></span> <span class='ocrx_word' id='word_1_22' title='bbox 794 450 820 500; x_wconf 88' lang='lat' dir='ltr'><strong>et</strong></span> <span class='ocrx_word' id='word_1_23' title='bbox 833 438 962 497; x_wconf 76' lang='lat' dir='ltr'><strong>maerer⁹</strong></span> <span class='ocrx_word' id='word_1_24' title='bbox 1016 450 1077 507; x_wconf 88' lang='lat' dir='ltr'><strong>qme</strong></span> <span class='ocrx_word' id='word_1_25' title='bbox 1092 434 1198 491; x_wconf 89' lang='lat' dir='ltr'><strong>luerent</strong></span> <span class='ocrx_word' id='word_1_26' title='bbox 1210 434 1354 507; x_wconf 84' lang='lat' dir='ltr'><strong>destinata,</strong></span> <span class='ocrx_word' id='word_1_27' title='bbox 1367 451 1433 492; x_wconf 90' lang='lat' dir='ltr'><strong>num</strong></span> <span class='ocrx_word' id='word_1_28' title='bbox 1447 443 1474 492; x_wconf 89' lang='lat' dir='ltr'><strong>et</strong></span> <span class='ocrx_word' id='word_1_29' title='bbox 1487 434 1611 494; x_wconf 83' lang='lat' dir='ltr'><strong>ordinem</strong></span> <span class='ocrx_word' id='word_1_30' title='bbox 1621 438 1773 511; x_wconf 78' lang='lat' dir='ltr'><strong>ritusquam</strong></span> <span class='ocrx_word' id='word_1_31' title='bbox 1788 435 1814 478; x_wconf 83' lang='grc'><strong>10</strong></span> 
     </span>
     <span class='ocr_line' id='line_1_5' title="bbox 166 524 1813 608; baseline -0.01 -11"><span class='ocrx_word' id='word_1_32' title='bbox 166 540 294 598; x_wconf 88' lang='lat' dir='ltr'><strong>allectum</strong></span> <span class='ocrx_word' id='word_1_33' title='bbox 316 544 490 608; x_wconf 76' lang='lat' dir='ltr'><strong>temperetur.</strong></span> <span class='ocrx_word' id='word_1_34' title='bbox 525 534 668 601; x_wconf 80' lang='lat' dir='ltr'><strong>Caeterum,</strong></span> <span class='ocrx_word' id='word_1_35' title='bbox 692 548 774 606; x_wconf 89' lang='lat' dir='ltr'><strong>quam</strong></span> <span class='ocrx_word' id='word_1_36' title='bbox 805 546 904 588; x_wconf 84' lang='lat' dir='ltr'><strong>uanum</strong></span> <span class='ocrx_word' id='word_1_37' title='bbox 930 537 961 585; x_wconf 91' lang='lat' dir='ltr'><strong>ut</strong></span> <span class='ocrx_word' id='word_1_38' title='bbox 1016 524 1109 581; x_wconf 90' lang='lat' dir='ltr'><strong>sortita</strong></span> <span class='ocrx_word' id='word_1_39' title='bbox 1128 532 1190 580; x_wconf 92' lang='lat' dir='ltr'><strong>sunt</strong></span> <span class='ocrx_word' id='word_1_40' title='bbox 1218 533 1340 596; x_wconf 89' lang='lat' dir='ltr'><strong>tempora</strong></span> <span class='ocrx_word' id='word_1_41' title='bbox 1360 525 1535 596; x_wconf 88' lang='lat' dir='ltr'><strong>paritcrcum</strong></span> <span class='ocrx_word' id='word_1_42' title='bbox 1560 524 1613 583; x_wconf 89' lang='lat' dir='ltr'><strong>illis</strong></span> <span class='ocrx_word' id='word_1_43' title='bbox 1628 526 1673 583; x_wconf 89' lang='lat' dir='ltr'><strong>hic</strong></span> <span class='ocrx_word' id='word_1_44' title='bbox 1690 524 1813 581; x_wconf 86' lang='lat' dir='ltr'><strong>destina-</strong></span> 
     </span>
     <span class='ocr_line' id='line_1_6' title="bbox 167 612 1815 699; baseline -0.009 -12"><span class='ocrx_word' id='word_1_45' title='bbox 167 630 257 688; x_wconf 87' lang='lat' dir='ltr'><strong>anima</strong></span> <span class='ocrx_word' id='word_1_46' title='bbox 285 626 408 699; x_wconf 85' lang='lat' dir='ltr'><strong>corporis</strong></span> <span class='ocrx_word' id='word_1_47' title='bbox 433 626 507 695; x_wconf 86' lang='lat' dir='ltr'><strong>justa</strong></span> <span class='ocrx_word' id='word_1_48' title='bbox 530 624 672 691; x_wconf 88' lang='lat' dir='ltr'><strong>sustineat,</strong></span> <span class='ocrx_word' id='word_1_49' title='bbox 694 622 770 696; x_wconf 86' lang='lat' dir='ltr'><strong>quasi</strong></span> <span class='ocrx_word' id='word_1_50' title='bbox 792 619 895 690; x_wconf 92' lang='lat' dir='ltr'><strong>aliquid</strong></span> <span class='ocrx_word' id='word_1_51' title='bbox 928 633 961 674; x_wconf 83' lang='lat' dir='ltr'><strong>cx</strong></span> <span class='ocrx_word' id='word_1_52' title='bbox 1014 619 1080 680; x_wconf 86' lang='lat' dir='ltr'><strong>tum,</strong></span> <span class='ocrx_word' id='word_1_53' title='bbox 1097 612 1255 686; x_wconf 88' lang='lat' dir='ltr'><strong>pariterhic</strong></span> <span class='ocrx_word' id='word_1_54' title='bbox 1268 613 1358 670; x_wconf 90' lang='lat' dir='ltr'><strong>anima</strong></span> <span class='ocrx_word' id='word_1_55' title='bbox 1379 614 1513 684; x_wconf 87' lang='lat' dir='ltr'><strong>decurret,</strong></span> <span class='ocrx_word' id='word_1_56' title='bbox 1540 622 1571 672; x_wconf 89' lang='lat' dir='ltr'><strong>ut</strong></span> <span class='ocrx_word' id='word_1_57' title='bbox 1593 622 1620 671; x_wconf 90' lang='lat' dir='ltr'><strong>ct</strong></span> <span class='ocrx_word' id='word_1_58' title='bbox 1648 614 1757 671; x_wconf 76' lang='lat' dir='ltr'><strong>studeat</strong></span> <span class='ocrx_word' id='word_1_59' title='bbox 1779 616 1815 672; x_wconf 84' lang='lat' dir='ltr'><strong>ab</strong></span> 
     </span>
     <span class='ocr_line' id='line_1_7' title="bbox 166 700 1813 776; baseline -0.01 1"><span class='ocrx_word' id='word_1_60' title='bbox 166 719 220 776; x_wconf 88' lang='lat' dir='ltr'><strong>illis</strong></span> <span class='ocrx_word' id='word_1_61' title='bbox 244 719 279 773; x_wconf 90' lang='lat' dir='ltr'><strong>ad</strong></span> <span class='ocrx_word' id='word_1_62' title='bbox 306 715 408 770; x_wconf 81' lang='lat' dir='ltr'><strong>inferos</strong></span> <span class='ocrx_word' id='word_1_63' title='bbox 435 713 553 768; x_wconf 73' lang='lat' dir='ltr'><strong>avehat?</strong></span> <span class='ocrx_word' id='word_1_64' title='bbox 580 713 663 769; x_wconf 85' lang='lat' dir='ltr'><strong>blulto</strong></span> <span class='ocrx_word' id='word_1_65' title='bbox 691 709 839 776; x_wconf 70' lang='lat' dir='ltr'><strong>venissel</strong></span> <span class='ocrx_word' id='word_1_66' title='bbox 864 707 961 776; x_wconf 79' lang='lat' dir='ltr'><strong>iniuria</strong></span> <span class='ocrx_word' id='word_1_67' title='bbox 1013 700 1134 768; x_wconf 87' lang='lat' dir='ltr'><strong>iulsntis,</strong></span> <span class='ocrx_word' id='word_1_68' title='bbox 1144 700 1454 776; x_wconf 77' lang='lat' dir='ltr'><strong>pueritiaedelegate3et</strong></span> <span class='ocrx_word' id='word_1_69' title='bbox 1466 703 1563 760; x_wconf 90' lang='lat' dir='ltr'><strong>militet</strong></span> <span class='ocrx_word' id='word_1_70' title='bbox 1572 703 1607 759; x_wconf 94' lang='lat' dir='ltr'><strong>ab</strong></span> <span class='ocrx_word' id='word_1_71' title='bbox 1617 702 1813 774; x_wconf 88' lang='lat' dir='ltr'><strong>adolescentia,</strong></span> 
     </span>
     <span class='ocr_line' id='line_1_8' title="bbox 171 791 1815 876; baseline -0.009 -12"><span class='ocrx_word' id='word_1_72' title='bbox 171 804 256 864; x_wconf 72' lang='grc'><strong>7110</strong></span> <span class='ocrx_word' id='word_1_73' title='bbox 281 802 452 876; x_wconf 83' lang='lat' dir='ltr'><strong>deputabitur</strong></span> <span class='ocrx_word' id='word_1_74' title='bbox 481 801 505 839; x_wconf 88' lang='lat'><strong>¹⁰</strong></span> <span class='ocrx_word' id='word_1_75' title='bbox 533 801 629 857; x_wconf 89' lang='lat' dir='ltr'><strong>animae</strong></span> <span class='ocrx_word' id='word_1_76' title='bbox 658 801 772 857; x_wconf 88' lang='lat' dir='ltr'><strong>cessatio</strong></span> <span class='ocrx_word' id='word_1_77' title='bbox 801 796 960 869; x_wconf 84' lang='lat' dir='ltr'><strong>sepulturae,</strong></span> <span class='ocrx_word' id='word_1_78' title='bbox 1011 791 1131 862; x_wconf 76' lang='lat' dir='ltr'><strong>juventae</strong></span> <span class='ocrx_word' id='word_1_79' title='bbox 1155 791 1177 831; x_wconf 86' lang='lat'><strong>¹¹</strong></span> <span class='ocrx_word' id='word_1_80' title='bbox 1191 791 1323 857; x_wconf 87' lang='lat' dir='ltr'><strong>excitata;</strong></span> <span class='ocrx_word' id='word_1_81' title='bbox 1339 799 1366 847; x_wconf 90' lang='lat' dir='ltr'><strong>et</strong></span> <span class='ocrx_word' id='word_1_82' title='bbox 1383 801 1493 847; x_wconf 86' lang='lat' dir='ltr'><strong>censeat</strong></span> <span class='ocrx_word' id='word_1_83' title='bbox 1513 808 1529 847; x_wconf 91' lang='lat' dir='ltr'><strong>a</strong></span> <span class='ocrx_word' id='word_1_84' title='bbox 1553 791 1675 862; x_wconf 81' lang='lat' dir='ltr'><strong>juventa,</strong></span> <span class='ocrx_word' id='word_1_85' title='bbox 1691 800 1815 850; x_wconf 80' lang='lat' dir='ltr'><strong>seueetas</strong></span> 
     </span>
     <span class='ocr_line' id='line_1_9' title="bbox 167 877 1814 969; baseline -0.009 -16"><span class='ocrx_word' id='word_1_86' title='bbox 167 913 249 967; x_wconf 89' lang='lat' dir='ltr'><strong>qnam</strong></span> <span class='ocrx_word' id='word_1_87' title='bbox 269 911 319 967; x_wconf 90' lang='lat' dir='ltr'><strong>pro</strong></span> <span class='ocrx_word' id='word_1_88' title='bbox 347 897 433 969; x_wconf 85' lang='lat' dir='ltr'><strong>gratia</strong></span> <span class='ocrx_word' id='word_1_89' title='bbox 459 891 570 947; x_wconf 81' lang='lat' dir='ltr'><strong>deberet</strong></span> <span class='ocrx_word' id='word_1_90' title='bbox 593 889 732 961; x_wconf 81' lang='lat' dir='ltr'><strong>amplecti.</strong></span> <span class='ocrx_word' id='word_1_91' title='bbox 762 887 860 960; x_wconf 88' lang='lat' dir='ltr'><strong>Utique</strong></span> <span class='ocrx_word' id='word_1_92' title='bbox 889 883 960 940; x_wconf 91' lang='lat' dir='ltr'><strong>enim</strong></span> <span class='ocrx_word' id='word_1_93' title='bbox 1013 879 1176 951; x_wconf 88' lang='lat' dir='ltr'><strong>ponderata;</strong></span> <span class='ocrx_word' id='word_1_94' title='bbox 1200 887 1228 936; x_wconf 92' lang='lat' dir='ltr'><strong>et</strong></span> <span class='ocrx_word' id='word_1_95' title='bbox 1256 881 1347 937; x_wconf 90' lang='lat' dir='ltr'><strong>ioenus</strong></span> <span class='ocrx_word' id='word_1_96' title='bbox 1373 880 1517 952; x_wconf 78' lang='lat' dir='ltr'><strong>exprimat,</strong></span> <span class='ocrx_word' id='word_1_97' title='bbox 1550 877 1631 938; x_wconf 72' lang='grc'><strong>147</strong></span> <span class='ocrx_word' id='word_1_98' title='bbox 1659 890 1686 938; x_wconf 91' lang='lat' dir='ltr'><strong>et</strong></span> <span class='ocrx_word' id='word_1_99' title='bbox 1715 896 1814 955; x_wconf 81' lang='lat' dir='ltr'><strong>agrum</strong></span> 
     </span>
     <span class='ocr_line' id='line_1_10' title="bbox 168 967 1814 1048; baseline -0.008 -8"><span class='ocrx_word' id='word_1_100' title='bbox 168 985 271 1040; x_wconf 76' lang='lat' dir='ltr'><strong>medius</strong></span> <span class='ocrx_word' id='word_1_101' title='bbox 289 985 323 1041; x_wconf 91' lang='lat' dir='ltr'><strong>ad</strong></span> <span class='ocrx_word' id='word_1_102' title='bbox 338 983 440 1041; x_wconf 79' lang='lat' dir='ltr'><strong>inferes</strong></span> <span class='ocrx_word' id='word_1_103' title='bbox 462 980 580 1038; x_wconf 83' lang='lat' dir='ltr'><strong>abstrahi</strong></span> <span class='ocrx_word' id='word_1_104' title='bbox 595 979 677 1034; x_wconf 90' lang='lat' dir='ltr'><strong>malet</strong></span> <span class='ocrx_word' id='word_1_105' title='bbox 699 976 733 1047; x_wconf 84' lang='lat'><strong>¹¹,</strong></span> <span class='ocrx_word' id='word_1_106' title='bbox 749 992 809 1048; x_wconf 83' lang='lat' dir='ltr'><strong>quae</strong></span> <span class='ocrx_word' id='word_1_107' title='bbox 823 990 874 1031; x_wconf 90' lang='lat' dir='ltr'><strong>nec</strong></span> <span class='ocrx_word' id='word_1_108' title='bbox 892 971 960 1029; x_wconf 92' lang='lat' dir='ltr'><strong>meri</strong></span> <span class='ocrx_word' id='word_1_109' title='bbox 1013 975 1119 1040; x_wconf 88' lang='lat' dir='ltr'><strong>urgeat,</strong></span> <span class='ocrx_word' id='word_1_110' title='bbox 1135 967 1256 1041; x_wconf 85' lang='lat' dir='ltr'><strong>naviget,</strong></span> <span class='ocrx_word' id='word_1_111' title='bbox 1270 968 1367 1040; x_wconf 79' lang='lat' dir='ltr'><strong>litiget,</strong></span> <span class='ocrx_word' id='word_1_112' title='bbox 1384 968 1481 1034; x_wconf 90' lang='lat' dir='ltr'><strong>nubat,</strong></span> <span class='ocrx_word' id='word_1_113' title='bbox 1494 968 1610 1035; x_wconf 89' lang='lat' dir='ltr'><strong>luberet,</strong></span> <span class='ocrx_word' id='word_1_114' title='bbox 1633 969 1814 1044; x_wconf 82' lang='lat' dir='ltr'><strong>aegritudines</strong></span> 
     </span>
     <span class='ocr_line' id='line_1_11' title="bbox 167 1056 1812 1143; baseline -0.009 -13"><span class='ocrx_word' id='word_1_115' title='bbox 167 1073 264 1130; x_wconf 85' lang='lat' dir='ltr'><strong>voluit.</strong></span> <span class='ocrx_word' id='word_1_116' title='bbox 279 1074 387 1130; x_wconf 78' lang='lat' dir='ltr'><strong>Amabit</strong></span> <span class='ocrx_word' id='word_1_117' title='bbox 404 1073 516 1143; x_wconf 92' lang='lat' dir='ltr'><strong>impium</strong></span> <span class='ocrx_word' id='word_1_118' title='bbox 531 1067 677 1136; x_wconf 85' lang='lat' dir='ltr'><strong>haeredem,</strong></span> <span class='ocrx_word' id='word_1_119' title='bbox 691 1082 740 1136; x_wconf 91' lang='lat' dir='ltr'><strong>per</strong></span> <span class='ocrx_word' id='word_1_120' title='bbox 761 1080 842 1137; x_wconf 92' lang='lat' dir='ltr'><strong>quem</strong></span> <span class='ocrx_word' id='word_1_121' title='bbox 872 1062 962 1118; x_wconf 91' lang='lat' dir='ltr'><strong>adhuc</strong></span> <span class='ocrx_word' id='word_1_122' title='bbox 1014 1056 1431 1130; x_wconf 82' lang='lat' dir='ltr'><strong>obeat3etqurccumqueillam</strong></span> <span class='ocrx_word' id='word_1_123' title='bbox 1451 1074 1514 1115; x_wconf 88' lang='lat' dir='ltr'><strong>cum</strong></span> <span class='ocrx_word' id='word_1_124' title='bbox 1532 1060 1701 1128; x_wconf 87' lang='lat' dir='ltr'><strong>temporibus</strong></span> <span class='ocrx_word' id='word_1_125' title='bbox 1714 1076 1812 1116; x_wconf 84' lang='lat' dir='ltr'><strong>maue-</strong></span> 
     </span>
     <span class='ocr_line' id='line_1_12' title="bbox 167 1145 1814 1236; baseline -0.007 -19"><span class='ocrx_word' id='word_1_126' title='bbox 167 1163 289 1236; x_wconf 87' lang='lat' dir='ltr'><strong>pascitur</strong></span> <span class='ocrx_word' id='word_1_127' title='bbox 302 1164 362 1220; x_wconf 88' lang='lat' dir='ltr'><strong>lucc</strong></span> <span class='ocrx_word' id='word_1_128' title='bbox 377 1180 383 1216; x_wconf 92' lang='lat'>:</span> <span class='ocrx_word' id='word_1_129' title='bbox 400 1170 447 1218; x_wconf 91' lang='lat' dir='ltr'><strong>aut</strong></span> <span class='ocrx_word' id='word_1_130' title='bbox 461 1163 483 1218; x_wconf 91' lang='lat' dir='ltr'><strong>si</strong></span> <span class='ocrx_word' id='word_1_131' title='bbox 497 1176 550 1233; x_wconf 90' lang='lat' dir='ltr'><strong>qus</strong></span> <span class='ocrx_word' id='word_1_132' title='bbox 565 1174 614 1232; x_wconf 93' lang='lat' dir='ltr'><strong>pro</strong></span> <span class='ocrx_word' id='word_1_133' title='bbox 629 1165 703 1216; x_wconf 88' lang='lat' dir='ltr'><strong>certo</strong></span> <span class='ocrx_word' id='word_1_134' title='bbox 726 1155 824 1226; x_wconf 69' lang='lat' dir='ltr'><strong>iniuria</strong></span> <span class='ocrx_word' id='word_1_135' title='bbox 848 1160 890 1211; x_wconf 92' lang='lat' dir='ltr'><strong>est</strong></span> <span class='ocrx_word' id='word_1_136' title='bbox 904 1162 961 1210; x_wconf 86' lang='lat' dir='ltr'><strong>tur·</strong></span> <span class='ocrx_word' id='word_1_137' title='bbox 1014 1145 1173 1203; x_wconf 89' lang='lat' dir='ltr'><strong>banttristia</strong></span> <span class='ocrx_word' id='word_1_138' title='bbox 1186 1147 1312 1204; x_wconf 75' lang='lat' dir='ltr'><strong>aelata?</strong></span> <span class='ocrx_word' id='word_1_139' title='bbox 1327 1147 1381 1202; x_wconf 86' lang='lat' dir='ltr'><strong>Sed</strong></span> <span class='ocrx_word' id='word_1_140' title='bbox 1397 1148 1456 1204; x_wconf 85' lang='lat' dir='ltr'><strong>haec</strong></span> <span class='ocrx_word' id='word_1_141' title='bbox 1468 1147 1528 1206; x_wconf 91' lang='lat' dir='ltr'><strong>sine</strong></span> <span class='ocrx_word' id='word_1_142' title='bbox 1543 1162 1661 1219; x_wconf 88' lang='lat' dir='ltr'><strong>corpore</strong></span> <span class='ocrx_word' id='word_1_143' title='bbox 1673 1151 1814 1221; x_wconf 89' lang='lat' dir='ltr'><strong>quomedo</strong></span> 
     </span>
     <span class='ocr_line' id='line_1_13' title="bbox 167 1234 1815 1318; baseline -0.01 -10"><span class='ocrx_word' id='word_1_144' title='bbox 167 1252 292 1308; x_wconf 89' lang='lat' dir='ltr'><strong>diussub</strong></span> <span class='ocrx_word' id='word_1_145' title='bbox 310 1261 406 1308; x_wconf 89' lang='lat' dir='ltr'><strong>terram</strong></span> <span class='ocrx_word' id='word_1_146' title='bbox 428 1249 544 1318; x_wconf 89' lang='lat' dir='ltr'><strong>detrudi,</strong></span> <span class='ocrx_word' id='word_1_147' title='bbox 560 1249 655 1305; x_wconf 90' lang='lat' dir='ltr'><strong>titulus</strong></span> <span class='ocrx_word' id='word_1_148' title='bbox 677 1254 766 1303; x_wconf 87' lang='lat' dir='ltr'><strong>autem</strong></span> <span class='ocrx_word' id='word_1_149' title='bbox 781 1244 886 1314; x_wconf 83' lang='lat' dir='ltr'><strong>injuriae</strong></span> <span class='ocrx_word' id='word_1_150' title='bbox 899 1258 960 1300; x_wconf 85' lang='lat' dir='ltr'><strong>ces·</strong></span> <span class='ocrx_word' id='word_1_151' title='bbox 1015 1234 1220 1308; x_wconf 64' lang='lat' dir='ltr'><strong>transigentur?</strong></span> <span class='ocrx_word' id='word_1_152' title='bbox 1247 1236 1301 1295; x_wconf 78' lang='lat' dir='ltr'><strong>vitu</strong></span> <span class='ocrx_word' id='word_1_153' title='bbox 1327 1238 1387 1293; x_wconf 84' lang='lat' dir='ltr'><strong>siue</strong></span> <span class='ocrx_word' id='word_1_154' title='bbox 1419 1237 1504 1295; x_wconf 82' lang='lat' dir='ltr'><strong>rital</strong></span> <span class='ocrx_word' id='word_1_155' title='bbox 1532 1236 1586 1293; x_wconf 86' lang='lat' dir='ltr'><strong>Sed</strong></span> <span class='ocrx_word' id='word_1_156' title='bbox 1613 1252 1699 1294; x_wconf 85' lang='lat' dir='ltr'><strong>vacua</strong></span> <span class='ocrx_word' id='word_1_157' title='bbox 1732 1249 1815 1295; x_wconf 89' lang='lat' dir='ltr'><strong>erunt</strong></span> 
     </span>
     <span class='ocr_line' id='line_1_14' title="bbox 167 1324 1813 1411; baseline -0.009 -14"><span class='ocrx_word' id='word_1_158' title='bbox 167 1341 237 1398; x_wconf 89' lang='lat' dir='ltr'><strong>satio</strong></span> <span class='ocrx_word' id='word_1_159' title='bbox 251 1350 292 1397; x_wconf 89' lang='lat' dir='ltr'><strong>est</strong></span> <span class='ocrx_word' id='word_1_160' title='bbox 310 1340 462 1411; x_wconf 85' lang='lat' dir='ltr'><strong>sepulturae,</strong></span> <span class='ocrx_word' id='word_1_161' title='bbox 477 1355 528 1410; x_wconf 89' lang='lat' dir='ltr'><strong>per</strong></span> <span class='ocrx_word' id='word_1_162' title='bbox 551 1353 631 1409; x_wconf 90' lang='lat' dir='ltr'><strong>quam</strong></span> <span class='ocrx_word' id='word_1_163' title='bbox 645 1336 770 1408; x_wconf 92' lang='lat' dir='ltr'><strong>iniquum</strong></span> <span class='ocrx_word' id='word_1_164' title='bbox 790 1351 849 1391; x_wconf 88' lang='lat' dir='ltr'><strong>eam</strong></span> <span class='ocrx_word' id='word_1_165' title='bbox 864 1331 961 1403; x_wconf 83' lang='lat' dir='ltr'><strong>injuria</strong></span> <span class='ocrx_word' id='word_1_166' title='bbox 1013 1329 1146 1395; x_wconf 69' lang='lat' dir='ltr'><strong>tempora,</strong></span> <span class='ocrx_word' id='word_1_167' title='bbox 1162 1324 1221 1383; x_wconf 90' lang='lat' dir='ltr'><strong>solo</strong></span> <span class='ocrx_word' id='word_1_168' title='bbox 1236 1325 1354 1383; x_wconf 89' lang='lat' dir='ltr'><strong>decursu</strong></span> <span class='ocrx_word' id='word_1_169' title='bbox 1366 1326 1548 1399; x_wconf 89' lang='lat' dir='ltr'><strong>adimplenda.</strong></span> <span class='ocrx_word' id='word_1_170' title='bbox 1568 1325 1638 1396; x_wconf 86' lang='lat' dir='ltr'><strong>Quid</strong></span> <span class='ocrx_word' id='word_1_171' title='bbox 1654 1342 1722 1401; x_wconf 83' lang='lat' dir='ltr'><strong>ergo</strong></span> <span class='ocrx_word' id='word_1_172' title='bbox 1746 1343 1813 1400; x_wconf 84' lang='lat' dir='ltr'><strong>pro·</strong></span> 
     </span>
     <span class='ocr_line' id='line_1_15' title="bbox 166 1411 1813 1501; baseline -0.007 -15"><span class='ocrx_word' id='word_1_173' title='bbox 166 1429 248 1496; x_wconf 85' lang='lat' dir='ltr'><strong>affici,</strong></span> <span class='ocrx_word' id='word_1_174' title='bbox 264 1430 307 1487; x_wconf 90' lang='lat' dir='ltr'><strong>cui</strong></span> <span class='ocrx_word' id='word_1_175' title='bbox 322 1445 377 1487; x_wconf 92' lang='lat' dir='ltr'><strong>nou</strong></span> <span class='ocrx_word' id='word_1_176' title='bbox 395 1427 572 1501; x_wconf 87' lang='lat' dir='ltr'><strong>imputabitur</strong></span> <span class='ocrx_word' id='word_1_177' title='bbox 587 1426 610 1465; x_wconf 89' lang='grc'><strong>11</strong></span> <span class='ocrx_word' id='word_1_178' title='bbox 634 1425 750 1482; x_wconf 90' lang='lat' dir='ltr'><strong>cessatio</strong></span> <span class='ocrx_word' id='word_1_179' title='bbox 765 1424 912 1496; x_wconf 77' lang='lat' dir='ltr'><strong>sepultura</strong></span> <span class='ocrx_word' id='word_1_180' title='bbox 926 1420 961 1476; x_wconf 90' lang='lat' dir='ltr'><strong>ad</strong></span> <span class='ocrx_word' id='word_1_181' title='bbox 1014 1411 1089 1469; x_wconf 78' lang='lat' dir='ltr'><strong>hibet</strong></span> <span class='ocrx_word' id='word_1_182' title='bbox 1105 1418 1177 1485; x_wconf 82' lang='lat' dir='ltr'><strong>apud</strong></span> <span class='ocrx_word' id='word_1_183' title='bbox 1199 1413 1299 1472; x_wconf 89' lang='lat' dir='ltr'><strong>iuleros</strong></span> <span class='ocrx_word' id='word_1_184' title='bbox 1322 1430 1355 1472; x_wconf 92' lang='lat' dir='ltr'><strong>ea</strong></span> <span class='ocrx_word' id='word_1_185' title='bbox 1382 1416 1502 1488; x_wconf 82' lang='lat' dir='ltr'><strong>impleri,</strong></span> <span class='ocrx_word' id='word_1_186' title='bbox 1518 1415 1564 1473; x_wconf 88' lang='lat' dir='ltr'><strong>ubi</strong></span> <span class='ocrx_word' id='word_1_187' title='bbox 1593 1415 1705 1487; x_wconf 88' lang='lat' dir='ltr'><strong>perinde</strong></span> <span class='ocrx_word' id='word_1_188' title='bbox 1720 1417 1813 1476; x_wconf 87' lang='lat' dir='ltr'><strong>nullus</strong></span> 
     </span>
     <span class='ocr_line' id='line_1_16' title="bbox 165 1501 1809 1588; baseline -0.007 -17"><span class='ocrx_word' id='word_1_189' title='bbox 165 1515 304 1588; x_wconf 90' lang='lat' dir='ltr'><strong>proximos</strong></span> <span class='ocrx_word' id='word_1_190' title='bbox 330 1515 431 1572; x_wconf 85' lang='lat' dir='ltr'><strong>scilicet</strong></span> <span class='ocrx_word' id='word_1_191' title='bbox 461 1513 609 1587; x_wconf 87' lang='lat' dir='ltr'><strong>pertinens.</strong></span> <span class='ocrx_word' id='word_1_192' title='bbox 637 1509 719 1566; x_wconf 80' lang='lat' dir='ltr'><strong>diunt</strong></span> <span class='ocrx_word' id='word_1_193' title='bbox 759 1515 786 1564; x_wconf 89' lang='lat' dir='ltr'><strong>et</strong></span> <span class='ocrx_word' id='word_1_194' title='bbox 821 1508 962 1563; x_wconf 88' lang='lat' dir='ltr'><strong>immatura</strong></span> <span class='ocrx_word' id='word_1_195' title='bbox 1014 1510 1056 1556; x_wconf 93' lang='lat' dir='ltr'><strong>est</strong></span> <span class='ocrx_word' id='word_1_196' title='bbox 1074 1517 1140 1556; x_wconf 90' lang='lat' dir='ltr'><strong>usus</strong></span> <span class='ocrx_word' id='word_1_197' title='bbox 1171 1501 1306 1558; x_wconf 78' lang='lat' dir='ltr'><strong>illorum?</strong></span> <span class='ocrx_word' id='word_1_198' title='bbox 1334 1504 1374 1559; x_wconf 89' lang='lat' dir='ltr'><strong>lta</strong></span> <span class='ocrx_word' id='word_1_199' title='bbox 1395 1504 1511 1562; x_wconf 82' lang='lat' dir='ltr'><strong>dicimus</strong></span> <span class='ocrx_word' id='word_1_200' title='bbox 1543 1519 1650 1562; x_wconf 90' lang='lat' dir='ltr'><strong>ornnem</strong></span> <span class='ocrx_word' id='word_1_201' title='bbox 1678 1505 1809 1575; x_wconf 85' lang='lat' dir='ltr'><strong>animam,</strong></span> 
     </span>
     <span class='ocr_line' id='line_1_17' title="bbox 165 1591 1811 1676; baseline -0.006 -16"><span class='ocrx_word' id='word_1_202' title='bbox 165 1614 253 1662; x_wconf 85' lang='lat' dir='ltr'><strong>morte</strong></span> <span class='ocrx_word' id='word_1_203' title='bbox 282 1612 433 1676; x_wconf 78' lang='lat' dir='ltr'><strong>praeventas</strong></span> <span class='ocrx_word' id='word_1_204' title='bbox 454 1617 577 1673; x_wconf 89' lang='lat' dir='ltr'><strong>eousque</strong></span> <span class='ocrx_word' id='word_1_205' title='bbox 601 1598 692 1672; x_wconf 84' lang='lat' dir='ltr'><strong>vagari</strong></span> <span class='ocrx_word' id='word_1_206' title='bbox 710 1596 790 1653; x_wconf 80' lang='lat' dir='ltr'><strong>isthic</strong></span> <span class='ocrx_word' id='word_1_207' title='bbox 814 1597 848 1661; x_wconf 81' lang='lat'><strong>¹³,</strong></span> <span class='ocrx_word' id='word_1_208' title='bbox 873 1596 959 1650; x_wconf 92' lang='lat' dir='ltr'><strong>donec</strong></span> <span class='ocrx_word' id='word_1_209' title='bbox 1013 1603 1121 1662; x_wconf 86' lang='lat' dir='ltr'><strong>quaqua</strong></span> <span class='ocrx_word' id='word_1_210' title='bbox 1139 1597 1217 1645; x_wconf 81' lang='lat' dir='ltr'><strong>aetate</strong></span> <span class='ocrx_word' id='word_1_211' title='bbox 1230 1591 1388 1659; x_wconf 83' lang='lat' dir='ltr'><strong>decesserit,</strong></span> <span class='ocrx_word' id='word_1_212' title='bbox 1403 1592 1432 1650; x_wconf 92' lang='lat' dir='ltr'><strong>in</strong></span> <span class='ocrx_word' id='word_1_213' title='bbox 1450 1608 1482 1648; x_wconf 92' lang='lat' dir='ltr'><strong>ea</strong></span> <span class='ocrx_word' id='word_1_214' title='bbox 1496 1601 1567 1649; x_wconf 88' lang='lat' dir='ltr'><strong>stare</strong></span> <span class='ocrx_word' id='word_1_215' title='bbox 1587 1594 1621 1649; x_wconf 88' lang='lat' dir='ltr'><strong>ad</strong></span> <span class='ocrx_word' id='word_1_216' title='bbox 1636 1609 1700 1651; x_wconf 90' lang='lat' dir='ltr'><strong>eum</strong></span> <span class='ocrx_word' id='word_1_217' title='bbox 1725 1594 1811 1658; x_wconf 90' lang='lat' dir='ltr'><strong>diem,</strong></span> 
     </span>
     <span class='ocr_line' id='line_1_18' title="bbox 166 1679 1813 1766; baseline -0.006 -15"><span class='ocrx_word' id='word_1_218' title='bbox 166 1694 308 1766; x_wconf 71' lang='lat' dir='ltr'><strong>reliquatio</strong></span> <span class='ocrx_word' id='word_1_219' title='bbox 321 1694 488 1765; x_wconf 86' lang='lat' dir='ltr'><strong>compleatur</strong></span> <span class='ocrx_word' id='word_1_220' title='bbox 502 1691 559 1760; x_wconf 82' lang='grc'>(83)</span> <span class='ocrx_word' id='word_1_221' title='bbox 573 1695 680 1744; x_wconf 81' lang='lat' dir='ltr'><strong>sutum</strong></span> <span class='ocrx_word' id='word_1_222' title='bbox 695 1701 760 1755; x_wconf 88' lang='lat' dir='ltr'><strong>quas</strong></span> <span class='ocrx_word' id='word_1_223' title='bbox 775 1693 832 1742; x_wconf 93' lang='lat' dir='ltr'><strong>tum</strong></span> <span class='ocrx_word' id='word_1_224' title='bbox 852 1685 876 1722; x_wconf 84' lang='lat'><strong>¹¹</strong></span> <span class='ocrx_word' id='word_1_225' title='bbox 895 1700 959 1756; x_wconf 88' lang='lat' dir='ltr'><strong>per-</strong></span> <span class='ocrx_word' id='word_1_226' title='bbox 976 1686 1101 1766; x_wconf 71' lang='lat' dir='ltr'><strong>Busque</strong></span> <span class='ocrx_word' id='word_1_227' title='bbox 1111 1694 1165 1749; x_wconf 93' lang='lat' dir='ltr'><strong>quo</strong></span> <span class='ocrx_word' id='word_1_228' title='bbox 1177 1679 1329 1749; x_wconf 85' lang='lat' dir='ltr'><strong>perlectum</strong></span> <span class='ocrx_word' id='word_1_229' title='bbox 1342 1680 1407 1736; x_wconf 90' lang='lat' dir='ltr'><strong>illud</strong></span> <span class='ocrx_word' id='word_1_230' title='bbox 1422 1681 1618 1753; x_wconf 89' lang='lat' dir='ltr'><strong>repromittitur</strong></span> <span class='ocrx_word' id='word_1_231' title='bbox 1628 1683 1661 1738; x_wconf 87' lang='lat' dir='ltr'><strong>ad</strong></span> <span class='ocrx_word' id='word_1_232' title='bbox 1676 1683 1813 1757; x_wconf 80' lang='lat' dir='ltr'><strong>angelice</strong></span> 
     </span>
     <span class='ocr_line' id='line_1_19' title="bbox 165 1764 1814 1852; baseline -0.004 -13"><span class='ocrx_word' id='word_1_233' title='bbox 165 1783 304 1847; x_wconf 77' lang='lat' dir='ltr'><strong>vixissent,</strong></span> <span class='ocrx_word' id='word_1_234' title='bbox 320 1781 343 1836; x_wconf 93' lang='lat' dir='ltr'><strong>si</strong></span> <span class='ocrx_word' id='word_1_235' title='bbox 357 1795 411 1835; x_wconf 93' lang='lat' dir='ltr'><strong>non</strong></span> <span class='ocrx_word' id='word_1_236' title='bbox 435 1777 622 1847; x_wconf 86' lang='lat' dir='ltr'><strong>intempestive</strong></span> <span class='ocrx_word' id='word_1_237' title='bbox 637 1773 778 1830; x_wconf 88' lang='lat' dir='ltr'><strong>obiissent.</strong></span> <span class='ocrx_word' id='word_1_238' title='bbox 800 1775 895 1840; x_wconf 87' lang='lat' dir='ltr'><strong>Porro,</strong></span> <span class='ocrx_word' id='word_1_239' title='bbox 915 1781 961 1830; x_wconf 89' lang='lat' dir='ltr'><strong>aut</strong></span> <span class='ocrx_word' id='word_1_240' title='bbox 1016 1764 1362 1836; x_wconf 77' lang='grc'><strong>1101110010111110111011111</strong></span> <span class='ocrx_word' id='word_1_241' title='bbox 1376 1775 1566 1835; x_wconf 65' lang='grc'><strong>0010111011·</strong></span> <span class='ocrx_word' id='word_1_242' title='bbox 1586 1770 1701 1852; x_wconf 63' lang='lat' dir='ltr'><strong>Proinde</strong></span> <span class='ocrx_word' id='word_1_243' title='bbox 1722 1787 1775 1828; x_wconf 81' lang='lat' dir='ltr'><strong>uec</strong></span> <span class='ocrx_word' id='word_1_244' title='bbox 1789 1773 1814 1812; x_wconf 79' lang='lat'><strong>¹⁸</strong></span> 
     </span>
     <span class='ocr_line' id='line_1_20' title="bbox 166 1854 1813 1936; baseline -0.007 -10"><span class='ocrx_word' id='word_1_245' title='bbox 166 1869 310 1927; x_wconf 89' lang='lat' dir='ltr'><strong>constituta</strong></span> <span class='ocrx_word' id='word_1_246' title='bbox 338 1876 403 1922; x_wconf 90' lang='lat' dir='ltr'><strong>sunt</strong></span> <span class='ocrx_word' id='word_1_247' title='bbox 430 1873 551 1936; x_wconf 88' lang='lat' dir='ltr'><strong>tempora</strong></span> <span class='ocrx_word' id='word_1_248' title='bbox 577 1862 732 1935; x_wconf 89' lang='lat' dir='ltr'><strong>unicnique,</strong></span> <span class='ocrx_word' id='word_1_249' title='bbox 757 1871 784 1918; x_wconf 90' lang='lat' dir='ltr'><strong>et</strong></span> <span class='ocrx_word' id='word_1_250' title='bbox 817 1860 961 1918; x_wconf 87' lang='lat' dir='ltr'><strong>constituta</strong></span> <span class='ocrx_word' id='word_1_251' title='bbox 1013 1862 1135 1910; x_wconf 85' lang='lat' dir='ltr'><strong>extorres</strong></span> <span class='ocrx_word' id='word_1_252' title='bbox 1149 1854 1265 1911; x_wconf 80' lang='lat' dir='ltr'><strong>inferum</strong></span> <span class='ocrx_word' id='word_1_253' title='bbox 1280 1856 1460 1924; x_wconf 88' lang='lat' dir='ltr'><strong>habebuntur,</strong></span> <span class='ocrx_word' id='word_1_254' title='bbox 1482 1858 1588 1929; x_wconf 86' lang='lat' dir='ltr'><strong>quaeri</strong></span> <span class='ocrx_word' id='word_1_255' title='bbox 1610 1867 1718 1931; x_wconf 87' lang='lat' dir='ltr'><strong>ereptas</strong></span> <span class='ocrx_word' id='word_1_256' title='bbox 1737 1859 1813 1916; x_wconf 89' lang='lat' dir='ltr'><strong>arbi-</strong></span> 
     </span>
     <span class='ocr_line' id='line_1_21' title="bbox 164 1944 1811 2032; baseline -0.005 -18"><span class='ocrx_word' id='word_1_257' title='bbox 164 1955 274 2032; x_wconf 81' lang='lat' dir='ltr'><strong>praeripi</strong></span> <span class='ocrx_word' id='word_1_258' title='bbox 296 1970 376 2025; x_wconf 91' lang='lat' dir='ltr'><strong>posse</strong></span> <span class='ocrx_word' id='word_1_259' title='bbox 397 1968 453 2011; x_wconf 91' lang='lat' dir='ltr'><strong>nou</strong></span> <span class='ocrx_word' id='word_1_260' title='bbox 477 1953 600 2021; x_wconf 88' lang='lat' dir='ltr'><strong>credam;</strong></span> <span class='ocrx_word' id='word_1_261' title='bbox 621 1962 667 2008; x_wconf 89' lang='lat' dir='ltr'><strong>aut</strong></span> <span class='ocrx_word' id='word_1_262' title='bbox 684 1952 706 2007; x_wconf 91' lang='lat' dir='ltr'><strong>si</strong></span> <span class='ocrx_word' id='word_1_263' title='bbox 730 1951 876 2009; x_wconf 90' lang='lat' dir='ltr'><strong>constituta</strong></span> <span class='ocrx_word' id='word_1_264' title='bbox 898 1958 962 2006; x_wconf 86' lang='lat' dir='ltr'><strong>sunt</strong></span> <span class='ocrx_word' id='word_1_265' title='bbox 1014 1950 1126 2010; x_wconf 68' lang='lat' dir='ltr'><strong>luuntur.</strong></span> <span class='ocrx_word' id='word_1_266' title='bbox 1152 1944 1286 2017; x_wconf 72' lang='lat' dir='ltr'><strong>precipue</strong></span> <span class='ocrx_word' id='word_1_267' title='bbox 1307 1962 1354 2018; x_wconf 88' lang='lat' dir='ltr'><strong>per</strong></span> <span class='ocrx_word' id='word_1_268' title='bbox 1377 1947 1532 2004; x_wconf 89' lang='lat' dir='ltr'><strong>atrocitates</strong></span> <span class='ocrx_word' id='word_1_269' title='bbox 1551 1948 1575 1988; x_wconf 79' lang='lat'><strong>¹⁹</strong></span> <span class='ocrx_word' id='word_1_270' title='bbox 1602 1949 1811 2024; x_wconf 81' lang='lat' dir='ltr'><strong>suppliciorum,</strong></span> 
     </span>
     <span class='ocr_line' id='line_1_22' title="bbox 164 2032 1813 2118; baseline -0.004 -17"><span class='ocrx_word' id='word_1_271' title='bbox 164 2045 286 2118; x_wconf 88' lang='lat' dir='ltr'><strong>quidem,</strong></span> <span class='ocrx_word' id='word_1_272' title='bbox 310 2043 359 2100; x_wconf 87' lang='lat' dir='ltr'><strong>Dei</strong></span> <span class='ocrx_word' id='word_1_273' title='bbox 379 2053 467 2101; x_wconf 89' lang='lat' dir='ltr'><strong>tamen</strong></span> <span class='ocrx_word' id='word_1_274' title='bbox 488 2043 626 2099; x_wconf 83' lang='lat' dir='ltr'><strong>voluntate</strong></span> <span class='ocrx_word' id='word_1_275' title='bbox 648 2040 691 2099; x_wconf 90' lang='lat' dir='ltr'><strong>vel</strong></span> <span class='ocrx_word' id='word_1_276' title='bbox 716 2041 803 2114; x_wconf 88' lang='lat' dir='ltr'><strong>eliqua</strong></span> <span class='ocrx_word' id='word_1_277' title='bbox 826 2045 960 2111; x_wconf 86' lang='lat' dir='ltr'><strong>potestate</strong></span> <span class='ocrx_word' id='word_1_278' title='bbox 1012 2032 1185 2102; x_wconf 86' lang='lat' dir='ltr'><strong>crucisdico,</strong></span> <span class='ocrx_word' id='word_1_279' title='bbox 1201 2041 1228 2089; x_wconf 90' lang='lat' dir='ltr'><strong>et</strong></span> <span class='ocrx_word' id='word_1_280' title='bbox 1241 2033 1355 2100; x_wconf 90' lang='lat' dir='ltr'><strong>securis,</strong></span> <span class='ocrx_word' id='word_1_281' title='bbox 1371 2043 1399 2090; x_wconf 90' lang='lat' dir='ltr'><strong>et</strong></span> <span class='ocrx_word' id='word_1_282' title='bbox 1420 2035 1511 2107; x_wconf 89' lang='lat' dir='ltr'><strong>gladii,</strong></span> <span class='ocrx_word' id='word_1_283' title='bbox 1530 2044 1558 2093; x_wconf 91' lang='lat' dir='ltr'><strong>et</strong></span> <span class='ocrx_word' id='word_1_284' title='bbox 1583 2034 1665 2109; x_wconf 74' lang='lat' dir='ltr'><strong>leree3</strong></span> <span class='ocrx_word' id='word_1_285' title='bbox 1691 2053 1743 2094; x_wconf 89' lang='lat' dir='ltr'><strong>uec</strong></span> <span class='ocrx_word' id='word_1_286' title='bbox 1769 2039 1813 2095; x_wconf 87' lang='lat' dir='ltr'><strong>isti</strong></span> 
     </span>
     <span class='ocr_line' id='line_1_23' title="bbox 165 2121 1811 2201; baseline -0.005 -10"><span class='ocrx_word' id='word_1_287' title='bbox 165 2135 331 2201; x_wconf 89' lang='lat' dir='ltr'><strong>mutilentur,</strong></span> <span class='ocrx_word' id='word_1_288' title='bbox 345 2131 444 2189; x_wconf 90' lang='lat' dir='ltr'><strong>lrustra</strong></span> <span class='ocrx_word' id='word_1_289' title='bbox 470 2132 636 2198; x_wconf 90' lang='lat' dir='ltr'><strong>mutilantur,</strong></span> <span class='ocrx_word' id='word_1_290' title='bbox 652 2130 674 2186; x_wconf 89' lang='lat' dir='ltr'><strong>si</strong></span> <span class='ocrx_word' id='word_1_291' title='bbox 695 2131 752 2200; x_wconf 88' lang='lat' dir='ltr'><strong>jam</strong></span> <span class='ocrx_word' id='word_1_292' title='bbox 771 2127 873 2200; x_wconf 90' lang='lat' dir='ltr'><strong>impleti</strong></span> <span class='ocrx_word' id='word_1_293' title='bbox 898 2144 959 2185; x_wconf 90' lang='lat' dir='ltr'><strong>sus·</strong></span> <span class='ocrx_word' id='word_1_294' title='bbox 1011 2136 1096 2195; x_wconf 90' lang='lat' dir='ltr'><strong>porro</strong></span> <span class='ocrx_word' id='word_1_295' title='bbox 1108 2121 1196 2179; x_wconf 88' lang='lat' dir='ltr'><strong>exitus</strong></span> <span class='ocrx_word' id='word_1_296' title='bbox 1213 2122 1333 2192; x_wconf 86' lang='lat' dir='ltr'><strong>violenti,</strong></span> <span class='ocrx_word' id='word_1_297' title='bbox 1347 2139 1417 2195; x_wconf 88' lang='lat' dir='ltr'><strong>quos</strong></span> <span class='ocrx_word' id='word_1_298' title='bbox 1428 2123 1532 2194; x_wconf 87' lang='lat' dir='ltr'><strong>justitia</strong></span> <span class='ocrx_word' id='word_1_299' title='bbox 1552 2126 1684 2197; x_wconf 81' lang='lat' dir='ltr'><strong>decernit,</strong></span> <span class='ocrx_word' id='word_1_300' title='bbox 1707 2127 1811 2186; x_wconf 85' lang='lat' dir='ltr'><strong>riolcu-</strong></span> 
     </span>
     <span class='ocr_line' id='line_1_24' title="bbox 165 2208 1811 2291; baseline -0.004 -12"><span class='ocrx_word' id='word_1_301' title='bbox 165 2223 250 2280; x_wconf 91' lang='lat' dir='ltr'><strong>tinent</strong></span> <span class='ocrx_word' id='word_1_302' title='bbox 266 2222 303 2291; x_wconf 81' lang='lat'><strong>¹⁵3</strong></span> <span class='ocrx_word' id='word_1_303' title='bbox 320 2229 364 2278; x_wconf 87' lang='lat' dir='ltr'><strong>sut</strong></span> <span class='ocrx_word' id='word_1_304' title='bbox 379 2222 401 2276; x_wconf 91' lang='lat' dir='ltr'><strong>si</strong></span> <span class='ocrx_word' id='word_1_305' title='bbox 416 2236 470 2277; x_wconf 90' lang='lat' dir='ltr'><strong>uon</strong></span> <span class='ocrx_word' id='word_1_306' title='bbox 484 2229 547 2276; x_wconf 90' lang='lat' dir='ltr'><strong>suut</strong></span> <span class='ocrx_word' id='word_1_307' title='bbox 560 2219 714 2285; x_wconf 86' lang='lat' dir='ltr'><strong>constituta,</strong></span> <span class='ocrx_word' id='word_1_308' title='bbox 730 2217 804 2275; x_wconf 88' lang='lat' dir='ltr'><strong>nulla</strong></span> <span class='ocrx_word' id='word_1_309' title='bbox 818 2217 869 2273; x_wconf 89' lang='lat' dir='ltr'><strong>erit</strong></span> <span class='ocrx_word' id='word_1_310' title='bbox 892 2216 958 2272; x_wconf 88' lang='lat' dir='ltr'><strong>reli·</strong></span> <span class='ocrx_word' id='word_1_311' title='bbox 1011 2208 1057 2264; x_wconf 86' lang='lat' dir='ltr'><strong>tiae</strong></span> <span class='ocrx_word' id='word_1_312' title='bbox 1076 2209 1185 2266; x_wconf 86' lang='lat' dir='ltr'><strong>vindex.</strong></span> <span class='ocrx_word' id='word_1_313' title='bbox 1213 2231 1224 2262; x_wconf 78' lang='lat' dir='ltr'><strong>r</strong></span> <span class='ocrx_word' id='word_1_314' title='bbox 1248 2211 1284 2266; x_wconf 87' lang='lat' dir='ltr'><strong>Et</strong></span> <span class='ocrx_word' id='word_1_315' title='bbox 1302 2210 1373 2280; x_wconf 90' lang='lat' dir='ltr'><strong>ideo,</strong></span> <span class='ocrx_word' id='word_1_316' title='bbox 1402 2212 1520 2283; x_wconf 84' lang='lat' dir='ltr'><strong>inquies,</strong></span> <span class='ocrx_word' id='word_1_317' title='bbox 1542 2213 1664 2270; x_wconf 83' lang='lat' dir='ltr'><strong>scelestae</strong></span> <span class='ocrx_word' id='word_1_318' title='bbox 1692 2230 1811 2287; x_wconf 76' lang='lat' dir='ltr'><strong>quaeque</strong></span> 
     </span>
     <span class='ocr_line' id='line_1_25' title="bbox 164 2296 1811 2382; baseline -0.001 -21"><span class='ocrx_word' id='word_1_319' title='bbox 164 2307 255 2382; x_wconf 85' lang='lat' dir='ltr'><strong>quatio</strong></span> <span class='ocrx_word' id='word_1_320' title='bbox 269 2316 421 2380; x_wconf 81' lang='lat' dir='ltr'><strong>temporum</strong></span> <span class='ocrx_word' id='word_1_321' title='bbox 435 2324 489 2365; x_wconf 83' lang='lat' dir='ltr'><strong>non</strong></span> <span class='ocrx_word' id='word_1_322' title='bbox 499 2308 717 2366; x_wconf 68' lang='lat' dir='ltr'><strong>eonstitutorum,</strong></span> <span class='ocrx_word' id='word_1_323' title='bbox 732 2305 829 2363; x_wconf 73' lang='lat' dir='ltr'><strong>Adhuc</strong></span> <span class='ocrx_word' id='word_1_324' title='bbox 840 2305 957 2360; x_wconf 66' lang='lat' dir='ltr'><strong>addamz</strong></span> <span class='ocrx_word' id='word_1_325' title='bbox 1012 2296 1109 2354; x_wconf 90' lang='lat' dir='ltr'><strong>animae</strong></span> <span class='ocrx_word' id='word_1_326' title='bbox 1123 2297 1216 2353; x_wconf 84' lang='lat' dir='ltr'><strong>interis</strong></span> <span class='ocrx_word' id='word_1_327' title='bbox 1230 2298 1363 2355; x_wconf 88' lang='lat' dir='ltr'><strong>exsulant.</strong></span> <span class='ocrx_word' id='word_1_328' title='bbox 1379 2319 1400 2350; x_wconf 81' lang='grc' dir='ltr'><strong>,ι</strong></span> <span class='ocrx_word' id='word_1_329' title='bbox 1424 2299 1548 2357; x_wconf 78' lang='lat' dir='ltr'><strong>Alterum</strong></span> <span class='ocrx_word' id='word_1_330' title='bbox 1571 2316 1638 2376; x_wconf 86' lang='lat' dir='ltr'><strong>ergo</strong></span> <span class='ocrx_word' id='word_1_331' title='bbox 1663 2304 1811 2360; x_wconf 85' lang='lat' dir='ltr'><strong>constituas</strong></span> 
     </span>
     <span class='ocr_line' id='line_1_26' title="bbox 164 2385 1808 2469; baseline -0.005 -16"><span class='ocrx_word' id='word_1_332' title='bbox 164 2411 228 2453; x_wconf 85' lang='lat' dir='ltr'><strong>ecce</strong></span> <span class='ocrx_word' id='word_1_333' title='bbox 246 2397 312 2454; x_wconf 91' lang='lat' dir='ltr'><strong>obiit</strong></span> <span class='ocrx_word' id='word_1_334' title='bbox 325 2398 414 2468; x_wconf 82' lang='lat' dir='ltr'><strong>(verbi</strong></span> <span class='ocrx_word' id='word_1_335' title='bbox 429 2396 527 2469; x_wconf 81' lang='lat' dir='ltr'><strong>gratia)</strong></span> <span class='ocrx_word' id='word_1_336' title='bbox 542 2395 631 2451; x_wconf 88' lang='lat' dir='ltr'><strong>iulans</strong></span> <span class='ocrx_word' id='word_1_337' title='bbox 641 2395 692 2450; x_wconf 92' lang='lat' dir='ltr'><strong>sub</strong></span> <span class='ocrx_word' id='word_1_338' title='bbox 700 2395 812 2450; x_wconf 90' lang='lat' dir='ltr'><strong>uberum</strong></span> <span class='ocrx_word' id='word_1_339' title='bbox 826 2393 957 2458; x_wconf 85' lang='lat' dir='ltr'><strong>lontibus,</strong></span> <span class='ocrx_word' id='word_1_340' title='bbox 1010 2385 1152 2457; x_wconf 67' lang='grc'><strong>0011110110,</strong></span> <span class='ocrx_word' id='word_1_341' title='bbox 1172 2392 1218 2441; x_wconf 85' lang='grc'><strong>11111</strong></span> <span class='ocrx_word' id='word_1_342' title='bbox 1232 2386 1317 2442; x_wconf 71' lang='grc'><strong>1101105</strong></span> <span class='ocrx_word' id='word_1_343' title='bbox 1338 2387 1451 2458; x_wconf 72' lang='lat' dir='ltr'><strong>inferos,</strong></span> <span class='ocrx_word' id='word_1_344' title='bbox 1472 2396 1519 2444; x_wconf 76' lang='lat' dir='ltr'><strong>aul</strong></span> <span class='ocrx_word' id='word_1_345' title='bbox 1545 2391 1639 2448; x_wconf 81' lang='lat' dir='ltr'><strong>mulos.</strong></span> <span class='ocrx_word' id='word_1_346' title='bbox 1665 2390 1695 2446; x_wconf 89' lang='lat' dir='ltr'><strong>Sl</strong></span> <span class='ocrx_word' id='word_1_347' title='bbox 1720 2391 1808 2448; x_wconf 83' lang='lat' dir='ltr'><strong>malos</strong></span> 
     </span>
     <span class='ocr_line' id='line_1_27' title="bbox 164 2475 1810 2558; baseline -0.001 -19"><span class='ocrx_word' id='word_1_348' title='bbox 164 2491 228 2555; x_wconf 88' lang='lat' dir='ltr'><strong>puta</strong></span> <span class='ocrx_word' id='word_1_349' title='bbox 246 2500 318 2540; x_wconf 93' lang='lat' dir='ltr'><strong>nuuc</strong></span> <span class='ocrx_word' id='word_1_350' title='bbox 332 2500 400 2558; x_wconf 91' lang='lat' dir='ltr'><strong>puer</strong></span> <span class='ocrx_word' id='word_1_351' title='bbox 414 2484 534 2551; x_wconf 87' lang='lat' dir='ltr'><strong>investis,</strong></span> <span class='ocrx_word' id='word_1_352' title='bbox 560 2492 626 2556; x_wconf 90' lang='lat' dir='ltr'><strong>puta</strong></span> <span class='ocrx_word' id='word_1_353' title='bbox 643 2482 787 2553; x_wconf 79' lang='lat' dir='ltr'><strong>vesticeps,</strong></span> <span class='ocrx_word' id='word_1_354' title='bbox 802 2481 848 2554; x_wconf 93' lang='lat' dir='ltr'><strong>qui</strong></span> <span class='ocrx_word' id='word_1_355' title='bbox 871 2489 958 2537; x_wconf 88' lang='lat' dir='ltr'><strong>tamen</strong></span> <span class='ocrx_word' id='word_1_356' title='bbox 1012 2475 1108 2544; x_wconf 87' lang='lat' dir='ltr'><strong>placet,</strong></span> <span class='ocrx_word' id='word_1_357' title='bbox 1122 2481 1149 2530; x_wconf 90' lang='lat' dir='ltr'><strong>et</strong></span> <span class='ocrx_word' id='word_1_358' title='bbox 1157 2476 1213 2546; x_wconf 78' lang='lat' dir='ltr'><strong>jam</strong></span> <span class='ocrx_word' id='word_1_359' title='bbox 1236 2475 1398 2547; x_wconf 81' lang='lat' dir='ltr'><strong>praecipitari</strong></span> <span class='ocrx_word' id='word_1_360' title='bbox 1420 2476 1484 2534; x_wconf 92' lang='lat' dir='ltr'><strong>illuc</strong></span> <span class='ocrx_word' id='word_1_361' title='bbox 1498 2477 1595 2534; x_wconf 84' lang='lat' dir='ltr'><strong>enimae</strong></span> <span class='ocrx_word' id='word_1_362' title='bbox 1615 2478 1742 2550; x_wconf 78' lang='lat' dir='ltr'><strong>pessimae</strong></span> <span class='ocrx_word' id='word_1_363' title='bbox 1762 2481 1810 2537; x_wconf 88' lang='lat' dir='ltr'><strong>dc-</strong></span> 
     </span>
     <span class='ocr_line' id='line_1_28' title="bbox 165 2562 1810 2644; baseline -0.004 -17"><span class='ocrx_word' id='word_1_364' title='bbox 165 2573 302 2644; x_wconf 84' lang='lat' dir='ltr'><strong>octogiuta</strong></span> <span class='ocrx_word' id='word_1_365' title='bbox 321 2589 407 2630; x_wconf 90' lang='lat' dir='ltr'><strong>annos</strong></span> <span class='ocrx_word' id='word_1_366' title='bbox 418 2574 538 2630; x_wconf 90' lang='lat' dir='ltr'><strong>victurus</strong></span> <span class='ocrx_word' id='word_1_367' title='bbox 550 2572 646 2629; x_wconf 87' lang='lat' dir='ltr'><strong>luisset</strong></span> <span class='ocrx_word' id='word_1_368' title='bbox 663 2572 736 2628; x_wconf 88' lang='lat' dir='ltr'><strong>:hos</strong></span> <span class='ocrx_word' id='word_1_369' title='bbox 757 2580 906 2644; x_wconf 89' lang='lat' dir='ltr'><strong>praereptos</strong></span> <span class='ocrx_word' id='word_1_370' title='bbox 928 2579 957 2629; x_wconf 93' lang='lat' dir='ltr'><strong>ut</strong></span> <span class='ocrx_word' id='word_1_371' title='bbox 1011 2562 1085 2619; x_wconf 71' lang='lat' dir='ltr'><strong>brni-</strong></span> <span class='ocrx_word' id='word_1_372' title='bbox 1109 2563 1139 2621; x_wconf 74' lang='lat' dir='ltr'><strong>Si</strong></span> <span class='ocrx_word' id='word_1_373' title='bbox 1166 2565 1325 2635; x_wconf 65' lang='grc' dir='ltr'><strong>1111101,οΜ</strong></span> <span class='ocrx_word' id='word_1_374' title='bbox 1353 2566 1434 2633; x_wconf 85' lang='lat' dir='ltr'><strong>idem,</strong></span> <span class='ocrx_word' id='word_1_375' title='bbox 1450 2567 1555 2623; x_wconf 87' lang='lat' dir='ltr'><strong>animas</strong></span> <span class='ocrx_word' id='word_1_376' title='bbox 1583 2569 1752 2635; x_wconf 84' lang='lat' dir='ltr'><strong>immaturas,</strong></span> <span class='ocrx_word' id='word_1_377' title='bbox 1781 2575 1810 2625; x_wconf 85' lang='lat' dir='ltr'><strong>et</strong></span> 
     </span>
     <span class='ocr_line' id='line_1_29' title="bbox 164 2649 1809 2735; baseline -0.002 -18"><span class='ocrx_word' id='word_1_378' title='bbox 164 2660 252 2717; x_wconf 87' lang='lat' dir='ltr'><strong>anima</strong></span> <span class='ocrx_word' id='word_1_379' title='bbox 267 2663 328 2731; x_wconf 88' lang='lat' dir='ltr'><strong>ejus</strong></span> <span class='ocrx_word' id='word_1_380' title='bbox 341 2662 384 2717; x_wconf 94' lang='lat' dir='ltr'><strong>hic</strong></span> <span class='ocrx_word' id='word_1_381' title='bbox 409 2669 470 2735; x_wconf 91' lang='lat' dir='ltr'><strong>post</strong></span> <span class='ocrx_word' id='word_1_382' title='bbox 492 2673 607 2718; x_wconf 90' lang='lat' dir='ltr'><strong>mortem</strong></span> <span class='ocrx_word' id='word_1_383' title='bbox 626 2661 771 2735; x_wconf 79' lang='lat' dir='ltr'><strong>transigat,</strong></span> <span class='ocrx_word' id='word_1_384' title='bbox 791 2659 872 2731; x_wconf 90' lang='lat' dir='ltr'><strong>quale</strong></span> <span class='ocrx_word' id='word_1_385' title='bbox 893 2659 957 2715; x_wconf 85' lang='lat' dir='ltr'><strong>est‘l</strong></span> <span class='ocrx_word' id='word_1_386' title='bbox 1009 2649 1129 2723; x_wconf 78' lang='lat' dir='ltr'><strong>ineptas,</strong></span> <span class='ocrx_word' id='word_1_387' title='bbox 1144 2666 1194 2722; x_wconf 91' lang='lat' dir='ltr'><strong>pro</strong></span> <span class='ocrx_word' id='word_1_388' title='bbox 1217 2652 1374 2709; x_wconf 87' lang='lat' dir='ltr'><strong>conditione</strong></span> <span class='ocrx_word' id='word_1_389' title='bbox 1392 2656 1478 2710; x_wconf 85' lang='lat' dir='ltr'><strong>aetatis</strong></span> <span class='ocrx_word' id='word_1_390' title='bbox 1507 2670 1589 2728; x_wconf 89' lang='lat' dir='ltr'><strong>puras</strong></span> <span class='ocrx_word' id='word_1_391' title='bbox 1608 2667 1635 2713; x_wconf 92' lang='lat' dir='ltr'><strong>et</strong></span> <span class='ocrx_word' id='word_1_392' title='bbox 1647 2655 1809 2729; x_wconf 87' lang='lat' dir='ltr'><strong>inunocuas,</strong></span> 
     </span>
     <span class='ocr_line' id='line_1_30' title="bbox 162 2740 1590 2821; baseline -0.002 -17"><span class='ocrx_word' id='word_1_393' title='bbox 162 2748 280 2806; x_wconf 84' lang='lat' dir='ltr'><strong>AEtatem</strong></span> <span class='ocrx_word' id='word_1_394' title='bbox 298 2749 370 2804; x_wconf 90' lang='lat' dir='ltr'><strong>enim</strong></span> <span class='ocrx_word' id='word_1_395' title='bbox 386 2766 440 2807; x_wconf 82' lang='lat' dir='ltr'><strong>aon</strong></span> <span class='ocrx_word' id='word_1_396' title='bbox 455 2758 540 2821; x_wconf 90' lang='lat' dir='ltr'><strong>potest</strong></span> <span class='ocrx_word' id='word_1_397' title='bbox 554 2766 653 2821; x_wconf 87' lang='lat' dir='ltr'><strong>capere</strong></span> <span class='ocrx_word' id='word_1_398' title='bbox 666 2749 723 2805; x_wconf 90' lang='lat' dir='ltr'><strong>siue</strong></span> <span class='ocrx_word' id='word_1_399' title='bbox 746 2763 861 2818; x_wconf 89' lang='lat' dir='ltr'><strong>corpore</strong></span> <span class='ocrx_word' id='word_1_400' title='bbox 873 2763 881 2818; x_wconf 93' lang='lat'>;</span> <span class='ocrx_word' id='word_1_401' title='bbox 893 2745 957 2819; x_wconf 89' lang='lat' dir='ltr'><strong>quia</strong></span> <span class='ocrx_word' id='word_1_402' title='bbox 1009 2740 1119 2798; x_wconf 87' lang='lat' dir='ltr'><strong>iuterim</strong></span> <span class='ocrx_word' id='word_1_403' title='bbox 1133 2741 1230 2815; x_wconf 86' lang='lat' dir='ltr'><strong>dignas</strong></span> <span class='ocrx_word' id='word_1_404' title='bbox 1245 2741 1338 2800; x_wconf 83' lang='lat' dir='ltr'><strong>inieris</strong></span> <span class='ocrx_word' id='word_1_405' title='bbox 1352 2758 1407 2800; x_wconf 92' lang='lat' dir='ltr'><strong>non</strong></span> <span class='ocrx_word' id='word_1_406' title='bbox 1417 2745 1441 2784; x_wconf 89' lang='grc'><strong>11</strong></span> <span class='ocrx_word' id='word_1_407' title='bbox 1452 2745 1561 2816; x_wconf 79' lang='lat' dir='ltr'><strong>judicas</strong></span> <span class='ocrx_word' id='word_1_408' title='bbox 1575 2746 1590 2801; x_wconf 76' lang='grc'><strong>1</strong></span> 
     </span>
    </p>
   </div>
   <div class='ocr_carea' id='block_1_5' title="bbox 162 2885 1815 3531">
    <p class='ocr_par' dir='ltr' id='par_1_5' title="bbox 163 2885 1503 2997">
     <span class='ocr_line' id='line_1_31' title="bbox 163 2885 1503 2997; baseline -0.03 0"><span class='ocrx_word' id='word_1_409' title='bbox 163 2940 273 2997; x_wconf 76' lang='grc'><strong>1111011110</strong></span> <span class='ocrx_word' id='word_1_410' title='bbox 303 2926 463 2996; x_wconf 81' lang='lat' dir='ltr'><strong>recogitent,</strong></span> <span class='ocrx_word' id='word_1_411' title='bbox 490 2942 605 2997; x_wconf 88' lang='lat' dir='ltr'><strong>corpora</strong></span> <span class='ocrx_word' id='word_1_412' title='bbox 626 2926 720 2982; x_wconf 92' lang='lat' dir='ltr'><strong>eadem</strong></span> <span class='ocrx_word' id='word_1_413' title='bbox 749 2934 903 2994; x_wconf 87' lang='lat' dir='ltr'><strong>recepturas</strong></span> <span class='ocrx_word' id='word_1_414' title='bbox 930 2898 997 2978; x_wconf 70' lang='lat' dir='ltr'><strong>inc</strong></span> <span class='ocrx_word' id='word_1_415' title='bbox 1290 2885 1404 2944; x_wconf 61' lang='lat' dir='ltr'>CAPUT</span> <span class='ocrx_word' id='word_1_416' title='bbox 1422 2886 1503 2945; x_wconf 69' lang='lat' dir='ltr'><strong>LVH·</strong></span> 
     </span>
    </p>

    <p class='ocr_par' dir='ltr' id='par_1_6' title="bbox 162 3009 1815 3531">
     <span class='ocr_line' id='line_1_32' title="bbox 164 3009 1815 3093; baseline 0.002 -25"><span class='ocrx_word' id='word_1_417' title='bbox 164 3011 489 3084; x_wconf 86' lang='lat' dir='ltr'><strong>resurrectionesnimas,</strong></span> <span class='ocrx_word' id='word_1_418' title='bbox 506 3013 645 3088; x_wconf 91' lang='lat' dir='ltr'><strong>inquibus</strong></span> <span class='ocrx_word' id='word_1_419' title='bbox 669 3016 852 3071; x_wconf 88' lang='lat' dir='ltr'><strong>decesserunt.</strong></span> <span class='ocrx_word' id='word_1_420' title='bbox 872 3011 956 3068; x_wconf 90' lang='lat' dir='ltr'><strong>Iidem</strong></span> <span class='ocrx_word' id='word_1_421' title='bbox 1045 3009 1101 3066; x_wconf 77' lang='lat' dir='ltr'><strong>Aut</strong></span> <span class='ocrx_word' id='word_1_422' title='bbox 1127 3009 1259 3083; x_wconf 91' lang='lat' dir='ltr'><strong>optimum</strong></span> <span class='ocrx_word' id='word_1_423' title='bbox 1275 3019 1314 3066; x_wconf 87' lang='lat' dir='ltr'><strong>est</strong></span> <span class='ocrx_word' id='word_1_424' title='bbox 1336 3011 1380 3067; x_wconf 92' lang='lat' dir='ltr'><strong>bic</strong></span> <span class='ocrx_word' id='word_1_425' title='bbox 1399 3012 1517 3083; x_wconf 89' lang='lat' dir='ltr'><strong>retineri,</strong></span> <span class='ocrx_word' id='word_1_426' title='bbox 1546 3014 1696 3073; x_wconf 90' lang='lat' dir='ltr'><strong>secuudum</strong></span> <span class='ocrx_word' id='word_1_427' title='bbox 1724 3031 1815 3093; x_wconf 79' lang='lat' dir='ltr'><strong>aoros¹</strong></span> 
     </span>
     <span class='ocr_line' id='line_1_33' title="bbox 164 3098 1809 3174; baseline 0.001 -17"><span class='ocrx_word' id='word_1_428' title='bbox 164 3115 230 3174; x_wconf 89' lang='lat' dir='ltr'><strong>ergo</strong></span> <span class='ocrx_word' id='word_1_429' title='bbox 244 3100 425 3171; x_wconf 85' lang='lat' dir='ltr'><strong>sperabuntur</strong></span> <span class='ocrx_word' id='word_1_430' title='bbox 437 3109 464 3157; x_wconf 90' lang='lat' dir='ltr'><strong>et</strong></span> <span class='ocrx_word' id='word_1_431' title='bbox 478 3116 626 3174; x_wconf 90' lang='lat' dir='ltr'><strong>corporum</strong></span> <span class='ocrx_word' id='word_1_432' title='bbox 639 3103 724 3171; x_wconf 91' lang='lat' dir='ltr'><strong>modi,</strong></span> <span class='ocrx_word' id='word_1_433' title='bbox 740 3109 766 3160; x_wconf 89' lang='lat' dir='ltr'><strong>et</strong></span> <span class='ocrx_word' id='word_1_434' title='bbox 780 3103 880 3158; x_wconf 83' lang='lat' dir='ltr'><strong>eaedem</strong></span> <span class='ocrx_word' id='word_1_435' title='bbox 896 3109 958 3156; x_wconf 85' lang='lat' dir='ltr'><strong>aeta·</strong></span> <span class='ocrx_word' id='word_1_436' title='bbox 990 3098 1085 3171; x_wconf 65' lang='lat' dir='ltr'><strong>¹(e5);</strong></span> <span class='ocrx_word' id='word_1_437' title='bbox 1114 3107 1162 3157; x_wconf 86' lang='lat' dir='ltr'><strong>aut</strong></span> <span class='ocrx_word' id='word_1_438' title='bbox 1190 3100 1349 3171; x_wconf 86' lang='lat' dir='ltr'><strong>pessimum,</strong></span> <span class='ocrx_word' id='word_1_439' title='bbox 1375 3102 1520 3157; x_wconf 90' lang='lat' dir='ltr'><strong>secundum</strong></span> <span class='ocrx_word' id='word_1_440' title='bbox 1547 3102 1752 3172; x_wconf 82' lang='lat' dir='ltr'><strong>biaeothanatos,</strong></span> <span class='ocrx_word' id='word_1_441' title='bbox 1780 3114 1809 3161; x_wconf 90' lang='lat' dir='ltr'><strong>ut</strong></span> 
     </span>
     <span class='ocr_line' id='line_1_34' title="bbox 163 3189 1808 3265; baseline -0.002 -20"><span class='ocrx_word' id='word_1_442' title='bbox 163 3194 206 3244; x_wconf 86' lang='lat' dir='ltr'><strong>tes</strong></span> <span class='ocrx_word' id='word_1_443' title='bbox 218 3203 278 3259; x_wconf 82' lang='lat' dir='ltr'><strong>quae</strong></span> <span class='ocrx_word' id='word_1_444' title='bbox 288 3203 432 3260; x_wconf 88' lang='lat' dir='ltr'><strong>corporum</strong></span> <span class='ocrx_word' id='word_1_445' title='bbox 441 3192 497 3261; x_wconf 81' lang='lat' dir='ltr'><strong>(et)</strong></span> <span class='ocrx_word' id='word_1_446' title='bbox 506 3191 720 3249; x_wconf 88' lang='lat' dir='ltr'><strong>modoslaciuut.</strong></span> <span class='ocrx_word' id='word_1_447' title='bbox 732 3189 792 3260; x_wconf 87' lang='lat' dir='ltr'><strong>Quo</strong></span> <span class='ocrx_word' id='word_1_448' title='bbox 804 3199 958 3264; x_wconf 90' lang='lat' dir='ltr'><strong>ergopacto</strong></span> <span class='ocrx_word' id='word_1_449' title='bbox 1011 3189 1078 3261; x_wconf 92' lang='lat' dir='ltr'><strong>ipsis</strong></span> <span class='ocrx_word' id='word_1_450' title='bbox 1090 3192 1146 3260; x_wconf 85' lang='lat' dir='ltr'><strong>jam</strong></span> <span class='ocrx_word' id='word_1_451' title='bbox 1160 3189 1298 3246; x_wconf 85' lang='lat' dir='ltr'><strong>uocabulis</strong></span> <span class='ocrx_word' id='word_1_452' title='bbox 1311 3199 1380 3256; x_wconf 89' lang='lat' dir='ltr'><strong>utar,</strong></span> <span class='ocrx_word' id='word_1_453' title='bbox 1400 3191 1500 3262; x_wconf 89' lang='lat' dir='ltr'><strong>quibus</strong></span> <span class='ocrx_word' id='word_1_454' title='bbox 1519 3193 1624 3250; x_wconf 85' lang='lat' dir='ltr'><strong>auctrix</strong></span> <span class='ocrx_word' id='word_1_455' title='bbox 1646 3194 1808 3265; x_wconf 75' lang='lat' dir='ltr'><strong>opinionum</strong></span> 
     </span>
     <span class='ocr_line' id='line_1_35' title="bbox 162 3276 1807 3357; baseline -0.016 -23"><span class='ocrx_word' id='word_1_456' title='bbox 162 3282 253 3349; x_wconf 89' lang='lat' dir='ltr'><strong>potest</strong></span> <span class='ocrx_word' id='word_1_457' title='bbox 271 3276 380 3332; x_wconf 90' lang='lat' dir='ltr'><strong>inlsntis</strong></span> <span class='ocrx_word' id='word_1_458' title='bbox 392 3279 481 3335; x_wconf 88' lang='lat' dir='ltr'><strong>anima</strong></span> <span class='ocrx_word' id='word_1_459' title='bbox 499 3280 543 3337; x_wconf 92' lang='lat' dir='ltr'><strong>hic</strong></span> <span class='ocrx_word' id='word_1_460' title='bbox 559 3281 708 3357; x_wconf 77' lang='lat' dir='ltr'><strong>transigere</strong></span> <span class='ocrx_word' id='word_1_461' title='bbox 729 3287 861 3351; x_wconf 74' lang='lat' dir='ltr'><strong>praerepta</strong></span> <span class='ocrx_word' id='word_1_462' title='bbox 884 3287 956 3335; x_wconf 90' lang='lat' dir='ltr'><strong>tem·</strong></span> <span class='ocrx_word' id='word_1_463' title='bbox 1010 3278 1121 3335; x_wconf 58' lang='lat' dir='ltr'><strong>tutamen</strong></span> <span class='ocrx_word' id='word_1_464' title='bbox 1135 3279 1224 3351; x_wconf 62' lang='lat' dir='ltr'><strong>magra</strong></span> <span class='ocrx_word' id='word_1_465' title='bbox 1237 3287 1324 3344; x_wconf 54' lang='lat' dir='ltr'><strong>mnae,</strong></span> <span class='ocrx_word' id='word_1_466' title='bbox 1340 3281 1474 3336; x_wconf 52' lang='lat' dir='ltr'><strong>flosque,</strong></span> <span class='ocrx_word' id='word_1_467' title='bbox 1488 3282 1511 3320; x_wconf 82' lang='grc' dir='ltr'><strong>ιι</strong></span> <span class='ocrx_word' id='word_1_468' title='bbox 1527 3282 1680 3354; x_wconf 54' lang='lat' dir='ltr'><strong>eppyphon</strong></span> <span class='ocrx_word' id='word_1_469' title='bbox 1691 3282 1763 3356; x_wconf 41' lang='grc'>(86),</span> <span class='ocrx_word' id='word_1_470' title='bbox 1779 3291 1807 3340; x_wconf 59' lang='lat' dir='ltr'><strong>e,</strong></span> 
     </span>
     <span class='ocr_line' id='line_1_36' title="bbox 162 3366 1809 3442; baseline -0.012 -5"><span class='ocrx_word' id='word_1_471' title='bbox 162 3380 240 3437; x_wconf 71' lang='grc'><strong>1011,</strong></span> <span class='ocrx_word' id='word_1_472' title='bbox 264 3375 293 3423; x_wconf 86' lang='grc'><strong>11</strong></span> <span class='ocrx_word' id='word_1_473' title='bbox 316 3367 490 3439; x_wconf 72' lang='grc' dir='ltr'><strong>001011001ῐὶ0</strong></span> <span class='ocrx_word' id='word_1_474' title='bbox 513 3376 638 3442; x_wconf 79' lang='lat' dir='ltr'><strong>resurgat</strong></span> <span class='ocrx_word' id='word_1_475' title='bbox 659 3368 688 3425; x_wconf 90' lang='lat' dir='ltr'><strong>in</strong></span> <span class='ocrx_word' id='word_1_476' title='bbox 711 3383 825 3440; x_wconf 90' lang='lat' dir='ltr'><strong>corpore</strong></span> <span class='ocrx_word' id='word_1_477' title='bbox 853 3369 957 3424; x_wconf 87' lang='lat' dir='ltr'><strong>mensis</strong></span> <span class='ocrx_word' id='word_1_478' title='bbox 1009 3366 1161 3432; x_wconf 88' lang='lat' dir='ltr'><strong>Dardanus,</strong></span> <span class='ocrx_word' id='word_1_479' title='bbox 1177 3375 1203 3422; x_wconf 91' lang='lat' dir='ltr'><strong>et</strong></span> <span class='ocrx_word' id='word_1_480' title='bbox 1223 3366 1399 3440; x_wconf 76' lang='lat' dir='ltr'><strong>Damigeron,</strong></span> <span class='ocrx_word' id='word_1_481' title='bbox 1414 3367 1439 3406; x_wconf 92' lang='grc'><strong>11</strong></span> <span class='ocrx_word' id='word_1_482' title='bbox 1466 3377 1494 3425; x_wconf 91' lang='lat' dir='ltr'><strong>et</strong></span> <span class='ocrx_word' id='word_1_483' title='bbox 1519 3369 1660 3441; x_wconf 85' lang='lat' dir='ltr'><strong>Nectabis,</strong></span> <span class='ocrx_word' id='word_1_484' title='bbox 1675 3379 1702 3428; x_wconf 89' lang='lat' dir='ltr'><strong>et</strong></span> <span class='ocrx_word' id='word_1_485' title='bbox 1725 3371 1809 3430; x_wconf 61' lang='grc' dir='ltr'><strong>Βοη-</strong></span> 
     </span>
     <span class='ocr_line' id='line_1_37' title="bbox 162 3454 1809 3531; baseline -0.007 -18"><span class='ocrx_word' id='word_1_486' title='bbox 162 3454 268 3514; x_wconf 81' lang='lat' dir='ltr'><strong>uniusi</strong></span> <span class='ocrx_word' id='word_1_487' title='bbox 281 3457 335 3514; x_wconf 80' lang='lat' dir='ltr'><strong>dut</strong></span> <span class='ocrx_word' id='word_1_488' title='bbox 347 3456 371 3513; x_wconf 88' lang='lat' dir='ltr'><strong>si</strong></span> <span class='ocrx_word' id='word_1_489' title='bbox 393 3457 436 3514; x_wconf 91' lang='lat' dir='ltr'><strong>bic</strong></span> <span class='ocrx_word' id='word_1_490' title='bbox 450 3473 563 3515; x_wconf 88' lang='lat' dir='ltr'><strong>necesse</strong></span> <span class='ocrx_word' id='word_1_491' title='bbox 586 3457 636 3514; x_wconf 87' lang='lat' dir='ltr'><strong>crit</strong></span> <span class='ocrx_word' id='word_1_492' title='bbox 660 3473 691 3515; x_wconf 88' lang='lat' dir='ltr'><strong>ea</strong></span> <span class='ocrx_word' id='word_1_493' title='bbox 709 3466 832 3530; x_wconf 91' lang='lat' dir='ltr'><strong>tempora</strong></span> <span class='ocrx_word' id='word_1_494' title='bbox 850 3455 956 3530; x_wconf 88' lang='lat' dir='ltr'><strong>impleri</strong></span> <span class='ocrx_word' id='word_1_495' title='bbox 1009 3455 1080 3511; x_wconf 86' lang='lat' dir='ltr'><strong>nice.</strong></span> <span class='ocrx_word' id='word_1_496' title='bbox 1094 3454 1201 3511; x_wconf 83' lang='lat' dir='ltr'><strong>Publica</strong></span> <span class='ocrx_word' id='word_1_497' title='bbox 1220 3456 1278 3526; x_wconf 76' lang='lat' dir='ltr'><strong>ism</strong></span> <span class='ocrx_word' id='word_1_498' title='bbox 1304 3454 1455 3513; x_wconf 88' lang='lat' dir='ltr'><strong>litteratura</strong></span> <span class='ocrx_word' id='word_1_499' title='bbox 1470 3457 1594 3530; x_wconf 73' lang='lat' dir='ltr'><strong>estitit),</strong></span> <span class='ocrx_word' id='word_1_500' title='bbox 1620 3475 1682 3531; x_wconf 67' lang='lat' dir='ltr'><strong>qum</strong></span> <span class='ocrx_word' id='word_1_501' title='bbox 1703 3460 1809 3523; x_wconf 59' lang='lat' dir='ltr'><strong>mim„</strong></span> 
     </span>
    </p>
   </div>
   <div class='ocr_carea' id='block_1_6' title="bbox 162 3582 1810 3946">
    <p class='ocr_par' dir='ltr' id='par_1_7' title="bbox 162 3582 1810 3946">
     <span class='ocr_line' id='line_1_38' title="bbox 849 3582 1118 3645; baseline -0.011 0"><span class='ocrx_word' id='word_1_502' title='bbox 849 3582 946 3645; x_wconf 75' lang='lat' dir='ltr'><strong>Varie</strong></span> <span class='ocrx_word' id='word_1_503' title='bbox 962 3583 1118 3643; x_wconf 89' lang='lat' dir='ltr'><strong>lectiones.</strong></span> 
     </span>
     <span class='ocr_line' id='line_1_39' title="bbox 196 3658 1810 3734; baseline 0.002 -19"><span class='ocrx_word' id='word_1_504' title='bbox 196 3660 523 3733; x_wconf 79' lang='lat' dir='ltr'><strong>⁹lletnorialthen.1iip.</strong></span> <span class='ocrx_word' id='word_1_505' title='bbox 541 3662 626 3719; x_wconf 82' lang='lat' dir='ltr'><strong>Semi.</strong></span> <span class='ocrx_word' id='word_1_506' title='bbox 646 3663 710 3718; x_wconf 86' lang='lat' dir='ltr'><strong>Vcn.</strong></span> <span class='ocrx_word' id='word_1_507' title='bbox 722 3661 782 3718; x_wconf 89' lang='lat' dir='ltr'><strong>cod.</strong></span> <span class='ocrx_word' id='word_1_508' title='bbox 797 3661 878 3731; x_wconf 73' lang='lat' dir='ltr'><strong>apat.</strong></span> <span class='ocrx_word' id='word_1_509' title='bbox 899 3662 923 3700; x_wconf 93' lang='grc'><strong>11</strong></span> <span class='ocrx_word' id='word_1_510' title='bbox 935 3660 1083 3731; x_wconf 85' lang='lat' dir='ltr'><strong>Depututur</strong></span> <span class='ocrx_word' id='word_1_511' title='bbox 1099 3658 1161 3714; x_wconf 83' lang='lat' dir='ltr'><strong>elii.</strong></span> <span class='ocrx_word' id='word_1_512' title='bbox 1178 3658 1200 3697; x_wconf 96' lang='lat'><strong>¹¹</strong></span> <span class='ocrx_word' id='word_1_513' title='bbox 1215 3658 1305 3714; x_wconf 71' lang='lat' dir='ltr'><strong>uallet</strong></span> <span class='ocrx_word' id='word_1_514' title='bbox 1324 3661 1410 3719; x_wconf 85' lang='lat' dir='ltr'><strong>Semi.</strong></span> <span class='ocrx_word' id='word_1_515' title='bbox 1425 3663 1447 3700; x_wconf 89' lang='grc'><strong>11</strong></span> <span class='ocrx_word' id='word_1_516' title='bbox 1457 3662 1607 3734; x_wconf 85' lang='lat' dir='ltr'><strong>imputatur</strong></span> <span class='ocrx_word' id='word_1_517' title='bbox 1621 3664 1688 3719; x_wconf 84' lang='lat' dir='ltr'><strong>Por.</strong></span> <span class='ocrx_word' id='word_1_518' title='bbox 1704 3664 1810 3721; x_wconf 78' lang='lat' dir='ltr'><strong>Jun.1³</strong></span> 
     </span>
     <span class='ocr_line' id='line_1_40' title="bbox 162 3728 1807 3802; baseline 0.003 -18"><span class='ocrx_word' id='word_1_519' title='bbox 162 3728 210 3784; x_wconf 85' lang='lat' dir='ltr'><strong>leti</strong></span> <span class='ocrx_word' id='word_1_520' title='bbox 237 3730 280 3784; x_wconf 93' lang='lat' dir='ltr'><strong>hic</strong></span> <span class='ocrx_word' id='word_1_521' title='bbox 294 3730 362 3788; x_wconf 78' lang='lat' dir='ltr'><strong>dun.</strong></span> <span class='ocrx_word' id='word_1_522' title='bbox 379 3732 440 3785; x_wconf 79' lang='lat' dir='ltr'><strong>dat.</strong></span> <span class='ocrx_word' id='word_1_523' title='bbox 459 3733 481 3769; x_wconf 86' lang='lat'><strong>¹¹</strong></span> <span class='ocrx_word' id='word_1_524' title='bbox 500 3733 594 3786; x_wconf 82' lang='lat' dir='ltr'><strong>AEtatis</strong></span> <span class='ocrx_word' id='word_1_525' title='bbox 608 3747 661 3798; x_wconf 89' lang='lat' dir='ltr'><strong>qua</strong></span> <span class='ocrx_word' id='word_1_526' title='bbox 674 3748 736 3788; x_wconf 90' lang='lat' dir='ltr'><strong>eum</strong></span> <span class='ocrx_word' id='word_1_527' title='bbox 750 3733 830 3787; x_wconf 85' lang='lat' dir='ltr'><strong>Pom.</strong></span> <span class='ocrx_word' id='word_1_528' title='bbox 847 3731 934 3790; x_wconf 80' lang='lat' dir='ltr'><strong>liban.</strong></span> <span class='ocrx_word' id='word_1_529' title='bbox 951 3730 975 3769; x_wconf 86' lang='lat'><strong>¹⁵</strong></span> <span class='ocrx_word' id='word_1_530' title='bbox 988 3729 1157 3786; x_wconf 82' lang='lat' dir='ltr'><strong>sustinentur</strong></span> <span class='ocrx_word' id='word_1_531' title='bbox 1171 3730 1230 3802; x_wconf 73' lang='lat' dir='ltr'><strong>hta.</strong></span> <span class='ocrx_word' id='word_1_532' title='bbox 1252 3731 1315 3788; x_wconf 83' lang='lat' dir='ltr'><strong>Ven.</strong></span> <span class='ocrx_word' id='word_1_533' title='bbox 1334 3730 1358 3771; x_wconf 86' lang='grc'><strong>11</strong></span> <span class='ocrx_word' id='word_1_534' title='bbox 1372 3732 1438 3801; x_wconf 86' lang='lat' dir='ltr'><strong>Quae</strong></span> <span class='ocrx_word' id='word_1_535' title='bbox 1457 3735 1521 3791; x_wconf 77' lang='lat' dir='ltr'><strong>i&#39;en.</strong></span> <span class='ocrx_word' id='word_1_536' title='bbox 1550 3733 1572 3771; x_wconf 85' lang='lat'><strong>¹¹</strong></span> <span class='ocrx_word' id='word_1_537' title='bbox 1592 3733 1706 3790; x_wconf 81' lang='lat' dir='ltr'><strong>iuuenta</strong></span> <span class='ocrx_word' id='word_1_538' title='bbox 1720 3735 1807 3793; x_wconf 78' lang='lat' dir='ltr'><strong>hoen.</strong></span> 
     </span>
     <span class='ocr_line' id='line_1_41' title="bbox 162 3797 1808 3877; baseline 0.004 -23"><span class='ocrx_word' id='word_1_539' title='bbox 162 3800 243 3855; x_wconf 86' lang='lat' dir='ltr'><strong>Pom.</strong></span> <span class='ocrx_word' id='word_1_540' title='bbox 260 3797 284 3835; x_wconf 82' lang='lat'><strong>¹⁸</strong></span> <span class='ocrx_word' id='word_1_541' title='bbox 298 3800 353 3855; x_wconf 88' lang='lat' dir='ltr'><strong>Nec</strong></span> <span class='ocrx_word' id='word_1_542' title='bbox 373 3800 481 3857; x_wconf 67' lang='lat' dir='ltr'><strong>wesin</strong></span> <span class='ocrx_word' id='word_1_543' title='bbox 497 3804 577 3859; x_wconf 83' lang='lat' dir='ltr'><strong>Pam.</strong></span> <span class='ocrx_word' id='word_1_544' title='bbox 604 3805 686 3858; x_wconf 82' lang='lat' dir='ltr'><strong>Fron.</strong></span> <span class='ocrx_word' id='word_1_545' title='bbox 704 3800 727 3841; x_wconf 83' lang='lat'><strong>¹⁹</strong></span> <span class='ocrx_word' id='word_1_546' title='bbox 753 3802 892 3872; x_wconf 74' lang='lat' dir='ltr'><strong>Praecipua</strong></span> <span class='ocrx_word' id='word_1_547' title='bbox 905 3800 1045 3858; x_wconf 66' lang='lat' dir='ltr'><strong>abeunte</strong></span> <span class='ocrx_word' id='word_1_548' title='bbox 1060 3803 1119 3873; x_wconf 83' lang='lat' dir='ltr'><strong>Rip.</strong></span> <span class='ocrx_word' id='word_1_549' title='bbox 1141 3801 1205 3858; x_wconf 80' lang='lat' dir='ltr'><strong>rea.</strong></span> <span class='ocrx_word' id='word_1_550' title='bbox 1222 3802 1592 3877; x_wconf 74' lang='lat' dir='ltr'><strong>capm²01ndtgnasinterts</strong></span> <span class='ocrx_word' id='word_1_551' title='bbox 1612 3804 1719 3876; x_wconf 84' lang='lat' dir='ltr'><strong>judicas</strong></span> <span class='ocrx_word' id='word_1_552' title='bbox 1742 3808 1808 3866; x_wconf 73' lang='lat' dir='ltr'><strong>lun.</strong></span> 
     </span>
     <span class='ocr_line' id='line_1_42' title="bbox 163 3868 941 3946; baseline 0 -20"><span class='ocrx_word' id='word_1_553' title='bbox 163 3869 224 3940; x_wconf 79' lang='lat' dir='ltr'><strong>rttp.</strong></span> <span class='ocrx_word' id='word_1_554' title='bbox 250 3868 312 3924; x_wconf 78' lang='lat' dir='ltr'><strong>Vere.</strong></span> <span class='ocrx_word' id='word_1_555' title='bbox 327 3869 351 3908; x_wconf 89' lang='grc'><strong>11</strong></span> <span class='ocrx_word' id='word_1_556' title='bbox 366 3868 481 3926; x_wconf 88' lang='lat' dir='ltr'><strong>Ostanes</strong></span> <span class='ocrx_word' id='word_1_557' title='bbox 492 3872 559 3928; x_wconf 84' lang='lat' dir='ltr'><strong>Por.</strong></span> <span class='ocrx_word' id='word_1_558' title='bbox 574 3874 637 3929; x_wconf 81' lang='lat' dir='ltr'><strong>alii.</strong></span> <span class='ocrx_word' id='word_1_559' title='bbox 652 3873 677 3911; x_wconf 88' lang='grc'><strong>11</strong></span> <span class='ocrx_word' id='word_1_560' title='bbox 691 3872 783 3929; x_wconf 84' lang='lat' dir='ltr'><strong>Litora</strong></span> <span class='ocrx_word' id='word_1_561' title='bbox 796 3873 857 3946; x_wconf 84' lang='lat' dir='ltr'><strong>Rip.</strong></span> <span class='ocrx_word' id='word_1_562' title='bbox 879 3875 941 3931; x_wconf 79' lang='lat' dir='ltr'><strong>Vere.</strong></span> 
     </span>
    </p>
   </div>
   <div class='ocr_carea' id='block_1_7' title="bbox 857 3945 1107 4009">
    <p class='ocr_par' dir='ltr' id='par_1_8' title="bbox 857 3945 1107 4009">
     <span class='ocr_line' id='line_1_43' title="bbox 857 3945 1107 4009; baseline -0.02 0"><span class='ocrx_word' id='word_1_563' title='bbox 857 3945 1107 4009; x_wconf 85' lang='lat' dir='ltr'><strong>Commentarius.</strong></span> 
     </span>
    </p>
   </div>
   <div class='ocr_carea' id='block_1_8' title="bbox 162 4015 1798 4148">
    <p class='ocr_par' dir='ltr' id='par_1_9' title="bbox 162 4015 1798 4148">
     <span class='ocr_line' id='line_1_44' title="bbox 162 4015 1798 4148; baseline 0.007 -75"><span class='ocrx_word' id='word_1_564' title='bbox 162 4015 329 4089; x_wconf 87' lang='lat' dir='ltr'><strong>ademptum,</strong></span> <span class='ocrx_word' id='word_1_565' title='bbox 346 4027 373 4075; x_wconf 89' lang='lat' dir='ltr'><strong>et</strong></span> <span class='ocrx_word' id='word_1_566' title='bbox 387 4028 474 4075; x_wconf 77' lang='lat' dir='ltr'><strong>umen</strong></span> <span class='ocrx_word' id='word_1_567' title='bbox 489 4021 611 4093; x_wconf 89' lang='lat' dir='ltr'><strong>adempti</strong></span> <span class='ocrx_word' id='word_1_568' title='bbox 633 4022 761 4148; x_wconf 57' lang='lat' dir='ltr'><strong>relifluias</strong></span> <span class='ocrx_word' id='word_1_569' title='bbox 775 4039 893 4091; x_wconf 85' lang='lat' dir='ltr'><strong>servare,</strong></span> <span class='ocrx_word' id='word_1_570' title='bbox 909 4023 951 4078; x_wconf 90' lang='lat' dir='ltr'><strong>iu·</strong></span> <span class='ocrx_word' id='word_1_571' title='bbox 1004 4020 1069 4076; x_wconf 91' lang='lat' dir='ltr'><strong>nihil</strong></span> <span class='ocrx_word' id='word_1_572' title='bbox 1088 4037 1105 4076; x_wconf 88' lang='lat' dir='ltr'><strong>a</strong></span> <span class='ocrx_word' id='word_1_573' title='bbox 1129 4021 1260 4094; x_wconf 86' lang='lat' dir='ltr'><strong>theologie</strong></span> <span class='ocrx_word' id='word_1_574' title='bbox 1285 4023 1436 4097; x_wconf 85' lang='lat' dir='ltr'><strong>discrepare</strong></span> <span class='ocrx_word' id='word_1_575' title='bbox 1461 4025 1599 4095; x_wconf 89' lang='lat' dir='ltr'><strong>videatur,</strong></span> <span class='ocrx_word' id='word_1_576' title='bbox 1615 4027 1662 4099; x_wconf 91' lang='lat' dir='ltr'><strong>qui</strong></span> <span class='ocrx_word' id='word_1_577' title='bbox 1685 4043 1798 4084; x_wconf 90' lang='lat' dir='ltr'><strong>resurre</strong></span> 
     </span>
    </p>
   </div>
   <div class='ocr_carea' id='block_1_9' title="bbox 126 4086 1812 5585">
    <p class='ocr_par' dir='ltr' id='par_1_10' title="bbox 126 4086 1812 5585">
     <span class='ocr_line' id='line_1_45' title="bbox 163 4086 1810 4168; baseline 0.007 -24"><span class='ocrx_word' id='word_1_578' title='bbox 163 4086 242 4154; x_wconf 89' lang='lat' dir='ltr'><strong>tueri,</strong></span> <span class='ocrx_word' id='word_1_579' title='bbox 256 4090 380 4160; x_wconf 86' lang='lat' dir='ltr'><strong>amplecti</strong></span> <span class='ocrx_word' id='word_1_580' title='bbox 407 4092 523 4148; x_wconf 84' lang='lat' dir='ltr'><strong>oseulari</strong></span> <span class='ocrx_word' id='word_1_581' title='bbox 536 4093 675 4163; x_wconf 73' lang='lat' dir='ltr'><strong>iuvatsic</strong></span> <span class='ocrx_word' id='word_1_582' title='bbox 704 4095 806 4150; x_wconf 90' lang='lat' dir='ltr'><strong>olorem</strong></span> <span class='ocrx_word' id='word_1_583' title='bbox 817 4095 951 4151; x_wconf 89' lang='lat' dir='ltr'><strong>nutrimus</strong></span> <span class='ocrx_word' id='word_1_584' title='bbox 1004 4100 1095 4150; x_wconf 73' lang='lat' dir='ltr'><strong>duros</strong></span> <span class='ocrx_word' id='word_1_585' title='bbox 1110 4092 1373 4159; x_wconf 78' lang='lat' dir='ltr'><strong>hominesjsuncisnt</strong></span> <span class='ocrx_word' id='word_1_586' title='bbox 1396 4097 1488 4153; x_wconf 90' lang='lat' dir='ltr'><strong>eadem</strong></span> <span class='ocrx_word' id='word_1_587' title='bbox 1505 4105 1583 4153; x_wconf 79' lang='lat' dir='ltr'><strong>state</strong></span> <span class='ocrx_word' id='word_1_588' title='bbox 1605 4114 1659 4168; x_wconf 89' lang='lat' dir='ltr'><strong>qua</strong></span> <span class='ocrx_word' id='word_1_589' title='bbox 1683 4098 1810 4156; x_wconf 85' lang='lat' dir='ltr'><strong>Christus</strong></span> 
     </span>
     <span class='ocr_line' id='line_1_46' title="bbox 163 4133 1809 4240; baseline 0.009 -28"><span class='ocrx_word' id='word_1_590' title='bbox 163 4159 336 4231; x_wconf 90' lang='lat' dir='ltr'><strong>reliquiarum</strong></span> <span class='ocrx_word' id='word_1_591' title='bbox 355 4133 463 4219; x_wconf 81' lang='lat' dir='ltr'><strong>solatio.</strong></span> <span class='ocrx_word' id='word_1_592' title='bbox 483 4162 527 4218; x_wconf 91' lang='lat' dir='ltr'><strong>Sic</strong></span> <span class='ocrx_word' id='word_1_593' title='bbox 550 4163 684 4220; x_wconf 92' lang='lat' dir='ltr'><strong>nutrimus</strong></span> <span class='ocrx_word' id='word_1_594' title='bbox 698 4166 821 4221; x_wconf 89' lang='lat' dir='ltr'><strong>solatium</strong></span> <span class='ocrx_word' id='word_1_595' title='bbox 844 4167 949 4223; x_wconf 89' lang='lat' dir='ltr'><strong>dolere.</strong></span> <span class='ocrx_word' id='word_1_596' title='bbox 1004 4163 1161 4221; x_wconf 79' lang='lat' dir='ltr'><strong>resurrexit.</strong></span> <span class='ocrx_word' id='word_1_597' title='bbox 1178 4164 1230 4234; x_wconf 88' lang='lat' dir='ltr'><strong>Qui</strong></span> <span class='ocrx_word' id='word_1_598' title='bbox 1244 4165 1321 4233; x_wconf 83' lang='lat' dir='ltr'><strong>caeci,</strong></span> <span class='ocrx_word' id='word_1_599' title='bbox 1335 4166 1424 4226; x_wconf 88' lang='lat' dir='ltr'><strong>claudi</strong></span> <span class='ocrx_word' id='word_1_600' title='bbox 1438 4167 1583 4224; x_wconf 88' lang='lat' dir='ltr'><strong>acdebilcs</strong></span> <span class='ocrx_word' id='word_1_601' title='bbox 1598 4167 1684 4235; x_wconf 89' lang='lat' dir='ltr'><strong>luere,</strong></span> <span class='ocrx_word' id='word_1_602' title='bbox 1699 4173 1809 4240; x_wconf 88' lang='lat' dir='ltr'><strong>corpori</strong></span> 
     </span>
     <span class='ocr_line' id='line_1_47' title="bbox 126 4230 1809 4332; baseline 0.007 -47"><span class='ocrx_word' id='word_1_603' title='bbox 126 4254 129 4260; x_wconf 95' lang='lat'>·</span> <span class='ocrx_word' id='word_1_604' title='bbox 162 4230 246 4286; x_wconf 75' lang='lat' dir='ltr'><strong>Atrox</strong></span> <span class='ocrx_word' id='word_1_605' title='bbox 270 4239 298 4286; x_wconf 89' lang='lat' dir='ltr'><strong>et</strong></span> <span class='ocrx_word' id='word_1_606' title='bbox 323 4247 435 4288; x_wconf 90' lang='lat' dir='ltr'><strong>enorme</strong></span> <span class='ocrx_word' id='word_1_607' title='bbox 456 4235 590 4301; x_wconf 83' lang='lat' dir='ltr'><strong>solatium,</strong></span> <span class='ocrx_word' id='word_1_608' title='bbox 616 4235 688 4306; x_wconf 92' lang='lat' dir='ltr'><strong>quod</strong></span> <span class='ocrx_word' id='word_1_609' title='bbox 708 4236 762 4292; x_wconf 90' lang='lat' dir='ltr'><strong>nisi</strong></span> <span class='ocrx_word' id='word_1_610' title='bbox 783 4235 877 4293; x_wconf 91' lang='lat' dir='ltr'><strong>dolore</strong></span> <span class='ocrx_word' id='word_1_611' title='bbox 899 4252 954 4293; x_wconf 93' lang='lat' dir='ltr'><strong>nou</strong></span> <span class='ocrx_word' id='word_1_612' title='bbox 969 4252 993 4332; x_wconf 69' lang='lat' dir='ltr'>n</span> <span class='ocrx_word' id='word_1_613' title='bbox 1007 4233 1127 4291; x_wconf 88' lang='lat' dir='ltr'><strong>debitam</strong></span> <span class='ocrx_word' id='word_1_614' title='bbox 1142 4235 1327 4317; x_wconf 77' lang='lat' dir='ltr'><strong>iutegritatem</strong></span> <span class='ocrx_word' id='word_1_615' title='bbox 1341 4247 1487 4304; x_wconf 87' lang='lat' dir='ltr'><strong>assument,</strong></span> <span class='ocrx_word' id='word_1_616' title='bbox 1504 4246 1637 4308; x_wconf 88' lang='lat' dir='ltr'><strong>eruntque</strong></span> <span class='ocrx_word' id='word_1_617' title='bbox 1654 4252 1717 4298; x_wconf 91' lang='lat' dir='ltr'><strong>tunc</strong></span> <span class='ocrx_word' id='word_1_618' title='bbox 1734 4242 1762 4296; x_wconf 89' lang='lat' dir='ltr'><strong>in</strong></span> <span class='ocrx_word' id='word_1_619' title='bbox 1776 4257 1809 4296; x_wconf 94' lang='lat' dir='ltr'><strong>eo</strong></span> 
     </span>
     <span class='ocr_line' id='line_1_48' title="bbox 161 4301 1805 4383; baseline 0.005 -25"><span class='ocrx_word' id='word_1_620' title='bbox 161 4309 277 4358; x_wconf 85' lang='lat' dir='ltr'><strong>constet.</strong></span> <span class='ocrx_word' id='word_1_621' title='bbox 292 4301 461 4375; x_wconf 86' lang='lat' dir='ltr'><strong>Fulgentius,</strong></span> <span class='ocrx_word' id='word_1_622' title='bbox 473 4306 619 4378; x_wconf 80' lang='lat' dir='ltr'><strong>ttpttotoq.</strong></span> <span class='ocrx_word' id='word_1_623' title='bbox 630 4323 657 4363; x_wconf 92' lang='lat'><strong>1:</strong></span> <span class='ocrx_word' id='word_1_624' title='bbox 673 4307 806 4363; x_wconf 80' lang='lat' dir='ltr'><strong>«Fecerat</strong></span> <span class='ocrx_word' id='word_1_625' title='bbox 815 4309 888 4364; x_wconf 91' lang='lat' dir='ltr'><strong>enim</strong></span> <span class='ocrx_word' id='word_1_626' title='bbox 897 4307 953 4374; x_wconf 91' lang='lat' dir='ltr'><strong>ille,</strong></span> <span class='ocrx_word' id='word_1_627' title='bbox 1008 4313 1078 4362; x_wconf 88' lang='lat' dir='ltr'><strong>statu</strong></span> <span class='ocrx_word' id='word_1_628' title='bbox 1092 4322 1173 4378; x_wconf 90' lang='lat' dir='ltr'><strong>quem</strong></span> <span class='ocrx_word' id='word_1_629' title='bbox 1190 4307 1356 4376; x_wconf 81' lang='lat' dir='ltr'><strong>habuissent,</strong></span> <span class='ocrx_word' id='word_1_630' title='bbox 1367 4308 1391 4363; x_wconf 94' lang='lat' dir='ltr'><strong>si</strong></span> <span class='ocrx_word' id='word_1_631' title='bbox 1405 4309 1558 4380; x_wconf 87' lang='lat' dir='ltr'><strong>incorrupta</strong></span> <span class='ocrx_word' id='word_1_632' title='bbox 1568 4320 1595 4366; x_wconf 91' lang='lat' dir='ltr'><strong>et</strong></span> <span class='ocrx_word' id='word_1_633' title='bbox 1609 4312 1716 4383; x_wconf 85' lang='lat' dir='ltr'><strong>integra</strong></span> <span class='ocrx_word' id='word_1_634' title='bbox 1729 4327 1805 4367; x_wconf 88' lang='lat' dir='ltr'><strong>man·</strong></span> 
     </span>
     <span class='ocr_line' id='line_1_49' title="bbox 162 4372 1327 4449; baseline 0.007 -24"><span class='ocrx_word' id='word_1_635' title='bbox 162 4372 233 4428; x_wconf 91' lang='lat' dir='ltr'><strong>unde</strong></span> <span class='ocrx_word' id='word_1_636' title='bbox 246 4373 334 4428; x_wconf 88' lang='lat' dir='ltr'><strong>luctus</strong></span> <span class='ocrx_word' id='word_1_637' title='bbox 347 4377 555 4434; x_wconf 85' lang='lat' dir='ltr'><strong>resurrectiones</strong></span> <span class='ocrx_word' id='word_1_638' title='bbox 577 4376 606 4431; x_wconf 94' lang='lat' dir='ltr'><strong>iu</strong></span> <span class='ocrx_word' id='word_1_639' title='bbox 634 4377 694 4433; x_wconf 88' lang='lat' dir='ltr'><strong>dies</strong></span> <span class='ocrx_word' id='word_1_640' title='bbox 716 4377 874 4449; x_wconf 88' lang='lat' dir='ltr'><strong>acquireret,</strong></span> <span class='ocrx_word' id='word_1_641' title='bbox 899 4394 954 4434; x_wconf 94' lang='lat' dir='ltr'><strong>non</strong></span> <span class='ocrx_word' id='word_1_642' title='bbox 1008 4376 1090 4433; x_wconf 90' lang='lat' dir='ltr'><strong>sisset</strong></span> <span class='ocrx_word' id='word_1_643' title='bbox 1104 4383 1212 4433; x_wconf 89' lang='lat' dir='ltr'><strong>natura.</strong></span> <span class='ocrx_word' id='word_1_644' title='bbox 1226 4378 1264 4432; x_wconf 84' lang='lat' dir='ltr'><strong>bu</strong></span> <span class='ocrx_word' id='word_1_645' title='bbox 1277 4379 1327 4435; x_wconf 88' lang='lat' dir='ltr'><strong>Ptt.</strong></span> 
     </span>
     <span class='ocr_line' id='line_1_50' title="bbox 161 4441 1811 4532; baseline 0.006 -37"><span class='ocrx_word' id='word_1_646' title='bbox 161 4441 189 4495; x_wconf 94' lang='lat' dir='ltr'><strong>in</strong></span> <span class='ocrx_word' id='word_1_647' title='bbox 199 4457 253 4514; x_wconf 93' lang='lat' dir='ltr'><strong>quo</strong></span> <span class='ocrx_word' id='word_1_648' title='bbox 262 4443 351 4500; x_wconf 92' lang='lat' dir='ltr'><strong>luctus</strong></span> <span class='ocrx_word' id='word_1_649' title='bbox 359 4445 485 4503; x_wconf 86' lang='lat' dir='ltr'><strong>solatium</strong></span> <span class='ocrx_word' id='word_1_650' title='bbox 496 4447 639 4505; x_wconf 83' lang='lat' dir='ltr'><strong>inveniret.</strong></span> <span class='ocrx_word' id='word_1_651' title='bbox 652 4448 706 4504; x_wconf 78' lang='lat' dir='ltr'><strong>»Et</strong></span> <span class='ocrx_word' id='word_1_652' title='bbox 716 4455 805 4504; x_wconf 86' lang='lat' dir='ltr'><strong>tamen</strong></span> <span class='ocrx_word' id='word_1_653' title='bbox 815 4448 953 4506; x_wconf 87' lang='lat' dir='ltr'><strong>latendum</strong></span> <span class='ocrx_word' id='word_1_654' title='bbox 1042 4447 1100 4532; x_wconf 65' lang='lat'><strong>(86)</strong></span> <span class='ocrx_word' id='word_1_655' title='bbox 1116 4448 1276 4506; x_wconf 84' lang='lat' dir='ltr'><strong>Secundum</strong></span> <span class='ocrx_word' id='word_1_656' title='bbox 1305 4466 1396 4515; x_wconf 86' lang='lat' dir='ltr'><strong>aoros,</strong></span> <span class='ocrx_word' id='word_1_657' title='bbox 1414 4458 1466 4506; x_wconf 91' lang='lat' dir='ltr'><strong>etc.</strong></span> <span class='ocrx_word' id='word_1_658' title='bbox 1483 4449 1553 4509; x_wconf 64' lang='lat' dir='ltr'><strong>hori.</strong></span> <span class='ocrx_word' id='word_1_659' title='bbox 1568 4450 1694 4508; x_wconf 89' lang='lat' dir='ltr'><strong>dicuntur</strong></span> <span class='ocrx_word' id='word_1_660' title='bbox 1706 4454 1811 4525; x_wconf 72' lang='grc' dir='ltr'>(ἄωροι)</span> 
     </span>
     <span class='ocr_line' id='line_1_51' title="bbox 161 4513 1807 4594; baseline 0.009 -28"><span class='ocrx_word' id='word_1_661' title='bbox 161 4521 213 4575; x_wconf 93' lang='lat' dir='ltr'><strong>est,</strong></span> <span class='ocrx_word' id='word_1_662' title='bbox 229 4513 318 4570; x_wconf 87' lang='lat' dir='ltr'><strong>inesse</strong></span> <span class='ocrx_word' id='word_1_663' title='bbox 331 4517 448 4584; x_wconf 84' lang='lat' dir='ltr'><strong>aliquam</strong></span> <span class='ocrx_word' id='word_1_664' title='bbox 462 4518 489 4573; x_wconf 91' lang='lat' dir='ltr'><strong>iu</strong></span> <span class='ocrx_word' id='word_1_665' title='bbox 513 4533 546 4575; x_wconf 93' lang='lat' dir='ltr'><strong>eo</strong></span> <span class='ocrx_word' id='word_1_666' title='bbox 560 4517 635 4574; x_wconf 91' lang='lat' dir='ltr'><strong>luctu</strong></span> <span class='ocrx_word' id='word_1_667' title='bbox 653 4519 826 4588; x_wconf 80' lang='lat' dir='ltr'><strong>uoluptatem,</strong></span> <span class='ocrx_word' id='word_1_668' title='bbox 845 4520 954 4590; x_wconf 89' lang='lat' dir='ltr'><strong>qualem</strong></span> <span class='ocrx_word' id='word_1_669' title='bbox 1008 4534 1055 4590; x_wconf 87' lang='lat' dir='ltr'><strong>qut</strong></span> <span class='ocrx_word' id='word_1_670' title='bbox 1072 4526 1157 4575; x_wconf 88' lang='lat' dir='ltr'><strong>morte</strong></span> <span class='ocrx_word' id='word_1_671' title='bbox 1170 4518 1313 4576; x_wconf 89' lang='lat' dir='ltr'><strong>immature</strong></span> <span class='ocrx_word' id='word_1_672' title='bbox 1327 4530 1458 4590; x_wconf 87' lang='lat' dir='ltr'><strong>pereunt;</strong></span> <span class='ocrx_word' id='word_1_673' title='bbox 1475 4521 1661 4588; x_wconf 82' lang='lat' dir='ltr'><strong>Biaectbanati,</strong></span> <span class='ocrx_word' id='word_1_674' title='bbox 1678 4524 1725 4594; x_wconf 91' lang='lat' dir='ltr'><strong>qui</strong></span> <span class='ocrx_word' id='word_1_675' title='bbox 1745 4526 1807 4581; x_wconf 88' lang='lat' dir='ltr'><strong>vio·</strong></span> 
     </span>
     <span class='ocr_line' id='line_1_52' title="bbox 160 4583 1812 4667; baseline 0.013 -30"><span class='ocrx_word' id='word_1_676' title='bbox 160 4583 288 4654; x_wconf 88' lang='lat' dir='ltr'><strong>exprimit</strong></span> <span class='ocrx_word' id='word_1_677' title='bbox 309 4585 428 4644; x_wconf 75' lang='lat' dir='ltr'><strong>Achilles</strong></span> <span class='ocrx_word' id='word_1_678' title='bbox 451 4589 602 4646; x_wconf 86' lang='lat' dir='ltr'><strong>Patroclum</strong></span> <span class='ocrx_word' id='word_1_679' title='bbox 622 4588 777 4647; x_wconf 78' lang='lat' dir='ltr'><strong>defunctum</strong></span> <span class='ocrx_word' id='word_1_680' title='bbox 799 4591 825 4645; x_wconf 91' lang='lat' dir='ltr'><strong>in</strong></span> <span class='ocrx_word' id='word_1_681' title='bbox 849 4592 954 4648; x_wconf 88' lang='lat' dir='ltr'><strong>somnis</strong></span> <span class='ocrx_word' id='word_1_682' title='bbox 1007 4587 1099 4661; x_wconf 88' lang='lat' dir='ltr'><strong>leuta;</strong></span> <span class='ocrx_word' id='word_1_683' title='bbox 1115 4591 1166 4646; x_wconf 90' lang='lat' dir='ltr'><strong>hoc</strong></span> <span class='ocrx_word' id='word_1_684' title='bbox 1178 4600 1267 4646; x_wconf 89' lang='lat' dir='ltr'><strong>autem</strong></span> <span class='ocrx_word' id='word_1_685' title='bbox 1281 4593 1374 4646; x_wconf 92' lang='lat' dir='ltr'><strong>mortis</strong></span> <span class='ocrx_word' id='word_1_686' title='bbox 1389 4608 1475 4663; x_wconf 65' lang='lat' dir='ltr'><strong>genus</strong></span> <span class='ocrx_word' id='word_1_687' title='bbox 1493 4592 1720 4650; x_wconf 73' lang='grc'><strong>111111103011111111</strong></span> <span class='ocrx_word' id='word_1_688' title='bbox 1737 4595 1812 4667; x_wconf 88' lang='lat' dir='ltr'><strong>opti·</strong></span> 
     </span>
     <span class='ocr_line' id='line_1_53' title="bbox 160 4654 1382 4726; baseline 0.008 -17"><span class='ocrx_word' id='word_1_689' title='bbox 160 4654 325 4726; x_wconf 87' lang='lat' dir='ltr'><strong>amplecteus</strong></span> <span class='ocrx_word' id='word_1_690' title='bbox 343 4675 351 4713; x_wconf 88' lang='lat'>:</span> <span class='ocrx_word' id='word_1_691' title='bbox 1008 4675 1084 4716; x_wconf 93' lang='lat' dir='ltr'><strong>mum</strong></span> <span class='ocrx_word' id='word_1_692' title='bbox 1099 4660 1262 4715; x_wconf 86' lang='lat' dir='ltr'><strong>asserebant.</strong></span> <span class='ocrx_word' id='word_1_693' title='bbox 1279 4661 1317 4717; x_wconf 82' lang='lat' dir='ltr'><strong>Lu</strong></span> <span class='ocrx_word' id='word_1_694' title='bbox 1333 4663 1382 4720; x_wconf 84' lang='lat' dir='ltr'><strong>Pa.</strong></span> 
     </span>
     <span class='ocr_line' id='line_1_54' title="bbox 404 4730 1810 4813; baseline 0.006 -32"><span class='ocrx_word' id='word_1_695' title='bbox 404 4776 409 4788; x_wconf 82' lang='grc'><em>,</em></span> <span class='ocrx_word' id='word_1_696' title='bbox 1044 4730 1101 4813; x_wconf 74' lang='grc'><strong>(86)</strong></span> <span class='ocrx_word' id='word_1_697' title='bbox 1111 4732 1247 4788; x_wconf 79' lang='lat' dir='ltr'><strong>Hostanes</strong></span> <span class='ocrx_word' id='word_1_698' title='bbox 1258 4736 1285 4787; x_wconf 86' lang='lat' dir='ltr'><strong>ct</strong></span> <span class='ocrx_word' id='word_1_699' title='bbox 1303 4733 1421 4805; x_wconf 79' lang='lat' dir='ltr'><strong>Typhon,</strong></span> <span class='ocrx_word' id='word_1_700' title='bbox 1432 4742 1486 4790; x_wconf 87' lang='lat' dir='ltr'><strong>etc.</strong></span> <span class='ocrx_word' id='word_1_701' title='bbox 1500 4737 1633 4791; x_wconf 84' lang='lat' dir='ltr'><strong>Hostanes</strong></span> <span class='ocrx_word' id='word_1_702' title='bbox 1647 4752 1747 4807; x_wconf 83' lang='lat' dir='ltr'><strong>magus</strong></span> <span class='ocrx_word' id='word_1_703' title='bbox 1757 4736 1810 4792; x_wconf 80' lang='lat' dir='ltr'><strong>suit</strong></span> 
     </span>
     <span class='ocr_line' id='line_1_55' title="bbox 215 4799 1808 4882; baseline 0.011 -36"><span class='ocrx_word' id='word_1_704' title='bbox 215 4845 321 4868; x_wconf 57' lang='grc'><em>,,,,,</em></span> <span class='ocrx_word' id='word_1_705' title='bbox 336 4809 487 4881; x_wconf 52' lang='lat' dir='ltr'><strong>prmum,</strong></span> <span class='ocrx_word' id='word_1_706' title='bbox 501 4808 667 4882; x_wconf 45' lang='lat' dir='ltr'><strong>wedam</strong></span> <span class='ocrx_word' id='word_1_707' title='bbox 1007 4799 1121 4872; x_wconf 87' lang='lat' dir='ltr'><strong>insignis</strong></span> <span class='ocrx_word' id='word_1_708' title='bbox 1135 4819 1142 4857; x_wconf 78' lang='lat' dir='ltr'><strong><em>z</em></strong></span> <span class='ocrx_word' id='word_1_709' title='bbox 1157 4801 1192 4855; x_wconf 91' lang='lat' dir='ltr'><strong>de</strong></span> <span class='ocrx_word' id='word_1_710' title='bbox 1207 4816 1262 4870; x_wconf 92' lang='lat' dir='ltr'><strong>quo</strong></span> <span class='ocrx_word' id='word_1_711' title='bbox 1276 4803 1404 4860; x_wconf 87' lang='lat' dir='ltr'><strong>blinutius</strong></span> <span class='ocrx_word' id='word_1_712' title='bbox 1416 4803 1444 4860; x_wconf 93' lang='lat' dir='ltr'><strong>in</strong></span> <span class='ocrx_word' id='word_1_713' title='bbox 1458 4803 1650 4870; x_wconf 86' lang='lat' dir='ltr'><strong>Oct.,Plin.lib.</strong></span> <span class='ocrx_word' id='word_1_714' title='bbox 1667 4823 1732 4876; x_wconf 84' lang='lat' dir='ltr'><strong>xxx,</strong></span> <span class='ocrx_word' id='word_1_715' title='bbox 1746 4823 1808 4879; x_wconf 85' lang='lat' dir='ltr'><strong>cap.</strong></span> 
     </span>
     <span class='ocr_line' id='line_1_56' title="bbox 194 4965 1810 5092; baseline 0.013 -37"><span class='ocrx_word' id='word_1_716' title='bbox 194 5002 252 5072; x_wconf 83' lang='lat'>(83)</span> <span class='ocrx_word' id='word_1_717' title='bbox 260 5002 352 5059; x_wconf 79' lang='lat' dir='ltr'><strong>Donec</strong></span> <span class='ocrx_word' id='word_1_718' title='bbox 361 5002 701 5084; x_wconf 73' lang='lat' dir='ltr'><strong>reliquatiocomplectur.</strong></span> <span class='ocrx_word' id='word_1_719' title='bbox 712 5008 859 5082; x_wconf 85' lang='lat' dir='ltr'><strong>Eleganter</strong></span> <span class='ocrx_word' id='word_1_720' title='bbox 866 5012 955 5069; x_wconf 84' lang='lat' dir='ltr'><strong>admo</strong></span> <span class='ocrx_word' id='word_1_721' title='bbox 1007 4981 1132 5076; x_wconf 78' lang='lat' dir='ltr'><strong>tanes,’et</strong></span> <span class='ocrx_word' id='word_1_722' title='bbox 1154 5015 1267 5070; x_wconf 89' lang='lat' dir='ltr'><strong>lormam</strong></span> <span class='ocrx_word' id='word_1_723' title='bbox 1282 5016 1338 5073; x_wconf 89' lang='lat' dir='ltr'><strong>reri</strong></span> <span class='ocrx_word' id='word_1_724' title='bbox 1353 5017 1403 5072; x_wconf 88' lang='lat' dir='ltr'><strong>Dei</strong></span> <span class='ocrx_word' id='word_1_725' title='bbox 1425 5029 1506 5088; x_wconf 81' lang='lat' dir='ltr'><strong>negat</strong></span> <span class='ocrx_word' id='word_1_726' title='bbox 1519 5019 1638 5090; x_wconf 88' lang='lat' dir='ltr'><strong>conspici</strong></span> <span class='ocrx_word' id='word_1_727' title='bbox 1655 4965 1763 5092; x_wconf 66' lang='lat' dir='ltr'><strong>1posse,</strong></span> <span class='ocrx_word' id='word_1_728' title='bbox 1780 5029 1810 5076; x_wconf 93' lang='lat' dir='ltr'><strong>et</strong></span> 
     </span>
     <span class='ocr_line' id='line_1_57' title="bbox 159 5072 1810 5158; baseline 0.014 -34"><span class='ocrx_word' id='word_1_729' title='bbox 159 5072 228 5151; x_wconf 33' lang='lat' dir='ltr'><strong>dum.</strong></span> <span class='ocrx_word' id='word_1_730' title='bbox 251 5087 342 5129; x_wconf 85' lang='lat' dir='ltr'><strong>vocem</strong></span> <span class='ocrx_word' id='word_1_731' title='bbox 372 5074 444 5131; x_wconf 80' lang='lat' dir='ltr'><strong>illam</strong></span> <span class='ocrx_word' id='word_1_732' title='bbox 463 5077 711 5146; x_wconf 88' lang='lat' dir='ltr'><strong>jureconsultorum</strong></span> <span class='ocrx_word' id='word_1_733' title='bbox 743 5081 879 5138; x_wconf 88' lang='lat' dir='ltr'><strong>transtulit</strong></span> <span class='ocrx_word' id='word_1_734' title='bbox 917 5084 953 5140; x_wconf 85' lang='lat' dir='ltr'><strong>ad</strong></span> <span class='ocrx_word' id='word_1_735' title='bbox 1007 5084 1118 5153; x_wconf 76' lang='lat' dir='ltr'><strong>angelos</strong></span> <span class='ocrx_word' id='word_1_736' title='bbox 1132 5100 1208 5140; x_wconf 86' lang='lat' dir='ltr'><strong>veros</strong></span> <span class='ocrx_word' id='word_1_737' title='bbox 1222 5086 1281 5142; x_wconf 91' lang='lat' dir='ltr'><strong>sedi</strong></span> <span class='ocrx_word' id='word_1_738' title='bbox 1292 5089 1352 5157; x_wconf 89' lang='lat' dir='ltr'><strong>ejus</strong></span> <span class='ocrx_word' id='word_1_739' title='bbox 1362 5087 1425 5144; x_wconf 88' lang='lat' dir='ltr'><strong>dicit</strong></span> <span class='ocrx_word' id='word_1_740' title='bbox 1439 5089 1596 5144; x_wconf 77' lang='lat' dir='ltr'><strong>assistere.»</strong></span> <span class='ocrx_word' id='word_1_741' title='bbox 1612 5092 1691 5158; x_wconf 78' lang='lat' dir='ltr'><strong>apud</strong></span> <span class='ocrx_word' id='word_1_742' title='bbox 1708 5091 1810 5148; x_wconf 83' lang='lat' dir='ltr'><strong>Persas</strong></span> 
     </span>
     <span class='ocr_line' id='line_1_58' title="bbox 159 5143 1804 5229; baseline 0.013 -33"><span class='ocrx_word' id='word_1_743' title='bbox 159 5149 244 5196; x_wconf 77' lang='lat' dir='ltr'><strong>aetatis</strong></span> <span class='ocrx_word' id='word_1_744' title='bbox 272 5143 428 5212; x_wconf 87' lang='lat' dir='ltr'><strong>residuum,</strong></span> <span class='ocrx_word' id='word_1_745' title='bbox 464 5150 536 5218; x_wconf 82' lang='lat' dir='ltr'><strong>qu&#39;od</strong></span> <span class='ocrx_word' id='word_1_746' title='bbox 563 5149 729 5206; x_wconf 90' lang='lat' dir='ltr'><strong>desideratur</strong></span> <span class='ocrx_word' id='word_1_747' title='bbox 756 5151 782 5206; x_wconf 93' lang='lat' dir='ltr'><strong>in</strong></span> <span class='ocrx_word' id='word_1_748' title='bbox 811 5153 954 5211; x_wconf 89' lang='lat' dir='ltr'><strong>immatura</strong></span> <span class='ocrx_word' id='word_1_749' title='bbox 1007 5154 1137 5210; x_wconf 86' lang='lat' dir='ltr'><strong>liostsnas</strong></span> <span class='ocrx_word' id='word_1_750' title='bbox 1152 5171 1245 5228; x_wconf 82' lang='lat' dir='ltr'><strong>magos</strong></span> <span class='ocrx_word' id='word_1_751' title='bbox 1260 5156 1325 5213; x_wconf 94' lang='lat' dir='ltr'><strong>olim</strong></span> <span class='ocrx_word' id='word_1_752' title='bbox 1354 5159 1499 5229; x_wconf 87' lang='lat' dir='ltr'><strong>appellatos</strong></span> <span class='ocrx_word' id='word_1_753' title='bbox 1521 5158 1804 5219; x_wconf 84' lang='lat' dir='ltr'><strong>refertl’bsvoriuns.</strong></span> 
     </span>
     <span class='ocr_line' id='line_1_59' title="bbox 157 5216 1807 5340; baseline 0.013 -74"><span class='ocrx_word' id='word_1_754' title='bbox 157 5223 245 5268; x_wconf 91' lang='lat' dir='ltr'><strong>morte</strong></span> <span class='ocrx_word' id='word_1_755' title='bbox 258 5216 422 5340; x_wconf 44' lang='lat' dir='ltr'><strong>frequentis.</strong></span> <span class='ocrx_word' id='word_1_756' title='bbox 442 5219 510 5273; x_wconf 88' lang='lat' dir='ltr'><strong>Nam</strong></span> <span class='ocrx_word' id='word_1_757' title='bbox 524 5235 540 5273; x_wconf 89' lang='lat' dir='ltr'><strong>a</strong></span> <span class='ocrx_word' id='word_1_758' title='bbox 556 5221 650 5286; x_wconf 87' lang='lat' dir='ltr'><strong>Paulo,</strong></span> <span class='ocrx_word' id='word_1_759' title='bbox 666 5221 677 5275; x_wconf 96' lang='lat'><em>1</em></span> <span class='ocrx_word' id='word_1_760' title='bbox 693 5239 700 5274; x_wconf 77' lang='grc' dir='ltr'>ι</span> <span class='ocrx_word' id='word_1_761' title='bbox 720 5223 773 5290; x_wconf 81' lang='lat' dir='ltr'><strong>Qui</strong></span> <span class='ocrx_word' id='word_1_762' title='bbox 791 5225 952 5282; x_wconf 81' lang='lat' dir='ltr'><strong>nominibus</strong></span> <span class='ocrx_word' id='word_1_763' title='bbox 1006 5223 1118 5296; x_wconf 82' lang='lat' dir='ltr'><strong>Typhon</strong></span> <span class='ocrx_word' id='word_1_764' title='bbox 1131 5227 1201 5282; x_wconf 90' lang='lat' dir='ltr'><strong>alter</strong></span> <span class='ocrx_word' id='word_1_765' title='bbox 1215 5245 1310 5302; x_wconf 90' lang='lat' dir='ltr'><strong>magus</strong></span> <span class='ocrx_word' id='word_1_766' title='bbox 1324 5245 1374 5286; x_wconf 89' lang='lat' dir='ltr'><strong>sna</strong></span> <span class='ocrx_word' id='word_1_767' title='bbox 1388 5230 1510 5300; x_wconf 86' lang='lat' dir='ltr'><strong>iufamia,</strong></span> <span class='ocrx_word' id='word_1_768' title='bbox 1527 5230 1597 5287; x_wconf 79' lang='lat' dir='ltr'><strong>siem</strong></span> <span class='ocrx_word' id='word_1_769' title='bbox 1609 5232 1712 5301; x_wconf 84' lang='lat' dir='ltr'><strong>caeteri,</strong></span> <span class='ocrx_word' id='word_1_770' title='bbox 1728 5231 1807 5290; x_wconf 88' lang='lat' dir='ltr'><strong>cele·</strong></span> 
     </span>
     <span class='ocr_line' id='line_1_60' title="bbox 276 5290 1804 5376; baseline 0.013 -37"><span class='ocrx_word' id='word_1_771' title='bbox 276 5302 349 5368; x_wconf 68' lang='lat' dir='ltr'><strong>mam</strong></span> <span class='ocrx_word' id='word_1_772' title='bbox 360 5291 479 5360; x_wconf 85' lang='lat' dir='ltr'><strong>etperic.</strong></span> <span class='ocrx_word' id='word_1_773' title='bbox 493 5290 851 5364; x_wconf 83' lang='lat' dir='ltr'><strong>tut.,sceipiturreiipaotio</strong></span> <span class='ocrx_word' id='word_1_774' title='bbox 862 5310 953 5364; x_wconf 86' lang='lat' dir='ltr'><strong>proco</strong></span> <span class='ocrx_word' id='word_1_775' title='bbox 1006 5292 1063 5351; x_wconf 88' lang='lat' dir='ltr'><strong>bris</strong></span> <span class='ocrx_word' id='word_1_776' title='bbox 1075 5314 1084 5353; x_wconf 78' lang='lat' dir='ltr'><strong>a</strong></span> <span class='ocrx_word' id='word_1_777' title='bbox 1098 5297 1133 5352; x_wconf 88' lang='lat' dir='ltr'><strong>de</strong></span> <span class='ocrx_word' id='word_1_778' title='bbox 1147 5298 1199 5354; x_wconf 91' lang='lat' dir='ltr'><strong>boc</strong></span> <span class='ocrx_word' id='word_1_779' title='bbox 1213 5300 1364 5356; x_wconf 84' lang='lat' dir='ltr'><strong>Herodotus</strong></span> <span class='ocrx_word' id='word_1_780' title='bbox 1377 5299 1406 5356; x_wconf 93' lang='lat' dir='ltr'><strong>in</strong></span> <span class='ocrx_word' id='word_1_781' title='bbox 1419 5302 1546 5374; x_wconf 88' lang='lat' dir='ltr'><strong>Euterpe,</strong></span> <span class='ocrx_word' id='word_1_782' title='bbox 1561 5311 1589 5360; x_wconf 89' lang='lat' dir='ltr'><strong>et</strong></span> <span class='ocrx_word' id='word_1_783' title='bbox 1607 5303 1741 5376; x_wconf 74' lang='lat' dir='ltr'><strong>Syucsius</strong></span> <span class='ocrx_word' id='word_1_784' title='bbox 1754 5305 1804 5362; x_wconf 90' lang='lat' dir='ltr'><strong>lib.</strong></span> 
     </span>
     <span class='ocr_line' id='line_1_61' title="bbox 156 5355 1303 5432; baseline 0.016 -23"><span class='ocrx_word' id='word_1_785' title='bbox 156 5355 241 5426; x_wconf 90' lang='lat' dir='ltr'><strong>qnod,</strong></span> <span class='ocrx_word' id='word_1_786' title='bbox 257 5360 403 5414; x_wconf 77' lang='lat' dir='ltr'><strong>rationibus</strong></span> <span class='ocrx_word' id='word_1_787' title='bbox 422 5358 554 5429; x_wconf 87' lang='lat' dir='ltr'><strong>deductis,</strong></span> <span class='ocrx_word' id='word_1_788' title='bbox 570 5366 612 5414; x_wconf 87' lang='lat' dir='ltr'><strong>est</strong></span> <span class='ocrx_word' id='word_1_789' title='bbox 626 5359 768 5432; x_wconf 90' lang='lat' dir='ltr'><strong>reliquum.</strong></span> <span class='ocrx_word' id='word_1_790' title='bbox 779 5362 853 5418; x_wconf 79' lang='lat' dir='ltr'><strong>Patr.</strong></span> <span class='ocrx_word' id='word_1_791' title='bbox 1005 5365 1183 5425; x_wconf 86' lang='lat' dir='ltr'><strong>lchrooid.</strong></span> <span class='ocrx_word' id='word_1_792' title='bbox 1202 5371 1241 5426; x_wconf 88' lang='lat' dir='ltr'><strong>Lu</strong></span> <span class='ocrx_word' id='word_1_793' title='bbox 1256 5372 1303 5426; x_wconf 86' lang='lat' dir='ltr'><strong>Pu.</strong></span> 
     </span>
     <span class='ocr_line' id='line_1_62' title="bbox 192 5428 1806 5554; baseline 0.013 -72"><span class='ocrx_word' id='word_1_794' title='bbox 192 5428 249 5496; x_wconf 83' lang='lat' dir='ltr'><strong>(et)</strong></span> <span class='ocrx_word' id='word_1_795' title='bbox 259 5428 951 5554; x_wconf 56' lang='lat' dir='ltr'><strong>dteoedemoetctcsquecorporumssareneputes</strong></span> <span class='ocrx_word' id='word_1_796' title='bbox 1042 5440 1098 5507; x_wconf 80' lang='lat'><strong>(87)</strong></span> <span class='ocrx_word' id='word_1_797' title='bbox 1108 5439 1143 5494; x_wconf 82' lang='lat' dir='ltr'><strong>Et</strong></span> <span class='ocrx_word' id='word_1_798' title='bbox 1153 5441 1301 5499; x_wconf 82' lang='lat' dir='ltr'><strong>Dardanus</strong></span> <span class='ocrx_word' id='word_1_799' title='bbox 1314 5446 1343 5501; x_wconf 84' lang='lat' dir='ltr'><strong>et</strong></span> <span class='ocrx_word' id='word_1_800' title='bbox 1353 5445 1531 5516; x_wconf 57' lang='lat' dir='ltr'><strong>Dumhcron,</strong></span> <span class='ocrx_word' id='word_1_801' title='bbox 1547 5452 1598 5501; x_wconf 88' lang='lat' dir='ltr'><strong>cto.</strong></span> <span class='ocrx_word' id='word_1_802' title='bbox 1614 5444 1806 5503; x_wconf 60' lang='lat' dir='ltr'><strong>[recensebis</strong></span> 
     </span>
     <span class='ocr_line' id='line_1_63' title="bbox 156 5495 1804 5585; baseline 0.016 -35"><span class='ocrx_word' id='word_1_803' title='bbox 156 5495 353 5554; x_wconf 87' lang='lat' dir='ltr'><strong>Tertullianum</strong></span> <span class='ocrx_word' id='word_1_804' title='bbox 366 5499 485 5556; x_wconf 86' lang='lat' dir='ltr'><strong>voluisse</strong></span> <span class='ocrx_word' id='word_1_805' title='bbox 498 5500 588 5555; x_wconf 86' lang='lat' dir='ltr'><strong>dicere</strong></span> <span class='ocrx_word' id='word_1_806' title='bbox 601 5515 629 5554; x_wconf 90' lang='lat' dir='ltr'><strong>ru</strong></span> <span class='ocrx_word' id='word_1_807' title='bbox 640 5508 736 5573; x_wconf 52' lang='lat' dir='ltr'><strong>auten</strong></span> <span class='ocrx_word' id='word_1_808' title='bbox 752 5503 799 5558; x_wconf 89' lang='lat' dir='ltr'><strong>aed</strong></span> <span class='ocrx_word' id='word_1_809' title='bbox 814 5505 949 5576; x_wconf 89' lang='lat' dir='ltr'><strong>rehquum</strong></span> <span class='ocrx_word' id='word_1_810' title='bbox 1006 5509 1234 5568; x_wconf 89' lang='lat' dir='ltr'><strong>uominatissimos</strong></span> <span class='ocrx_word' id='word_1_811' title='bbox 1247 5514 1273 5569; x_wconf 93' lang='lat' dir='ltr'><strong>in</strong></span> <span class='ocrx_word' id='word_1_812' title='bbox 1288 5513 1401 5585; x_wconf 85' lang='lat' dir='ltr'><strong>magicis</strong></span> <span class='ocrx_word' id='word_1_813' title='bbox 1418 5516 1553 5572; x_wconf 87' lang='lat' dir='ltr'><strong>homiues.</strong></span> <span class='ocrx_word' id='word_1_814' title='bbox 1577 5515 1697 5574; x_wconf 87' lang='lat' dir='ltr'><strong>Dardani</strong></span> <span class='ocrx_word' id='word_1_815' title='bbox 1722 5533 1804 5576; x_wconf 87' lang='lat' dir='ltr'><strong>rneu·</strong></span> 
     </span>
    </p>
   </div>
   <div class='ocr_carea' id='block_1_10' title="bbox 156 5566 1801 5662">
    <p class='ocr_par' dir='ltr' id='par_1_11' title="bbox 156 5566 1801 5662">
     <span class='ocr_line' id='line_1_64' title="bbox 156 5566 1801 5662; baseline 0.014 -39"><span class='ocrx_word' id='word_1_816' title='bbox 156 5566 241 5623; x_wconf 75' lang='lat' dir='ltr'><strong>statis</strong></span> <span class='ocrx_word' id='word_1_817' title='bbox 264 5567 440 5642; x_wconf 86' lang='lat' dir='ltr'><strong>adimpletum</strong></span> <span class='ocrx_word' id='word_1_818' title='bbox 464 5577 527 5626; x_wconf 86' lang='lat' dir='ltr'><strong>tuuc</strong></span> <span class='ocrx_word' id='word_1_819' title='bbox 550 5571 709 5629; x_wconf 78' lang='lat' dir='ltr'><strong>exsuturum</strong></span> <span class='ocrx_word' id='word_1_820' title='bbox 732 5573 806 5642; x_wconf 94' lang='lat' dir='ltr'><strong>dicit,</strong></span> <span class='ocrx_word' id='word_1_821' title='bbox 830 5577 899 5636; x_wconf 90' lang='lat' dir='ltr'><strong>adeo</strong></span> <span class='ocrx_word' id='word_1_822' title='bbox 920 5589 950 5637; x_wconf 94' lang='lat' dir='ltr'><strong>ut</strong></span> <span class='ocrx_word' id='word_1_823' title='bbox 1005 5579 1107 5640; x_wconf 90' lang='lat' dir='ltr'><strong>tionem</strong></span> <span class='ocrx_word' id='word_1_824' title='bbox 1116 5582 1224 5655; x_wconf 90' lang='lat' dir='ltr'><strong>plurimi</strong></span> <span class='ocrx_word' id='word_1_825' title='bbox 1235 5582 1349 5641; x_wconf 84' lang='lat' dir='ltr'><strong>iaciunt:</strong></span> <span class='ocrx_word' id='word_1_826' title='bbox 1366 5584 1493 5643; x_wconf 85' lang='lat' dir='ltr'><strong>Clemens</strong></span> <span class='ocrx_word' id='word_1_827' title='bbox 1510 5586 1801 5662; x_wconf 75' lang='lat' dir='ltr'><strong>ater.inr&gt;rotrepr.;</strong></span> 
     </span>
    </p>
   </div>
   <div class='ocr_carea' id='block_1_11' title="bbox 0 0 1924 6134">
    <p class='ocr_par' dir='ltr' id='par_1_12' title="bbox 0 0 1924 6134">
     <span class='ocr_line' id='line_1_65' title="bbox 0 0 1924 6134; baseline 0 0"><span class='ocrx_word' id='word_1_828' title='bbox 0 0 1924 6134; x_wconf 95' lang='lat' dir='ltr'><strong> </strong></span> 
     </span>
    </p>
   </div>
  </div>
 </body>
</html>
