<?xml version="1.0" encoding="UTF-8"?>
<!DOCTYPE html PUBLIC "-//W3C//DTD XHTML 1.0 Transitional//EN"
    "http://www.w3.org/TR/xhtml1/DTD/xhtml1-transitional.dtd">
<html xmlns="http://www.w3.org/1999/xhtml" xml:lang="en" lang="en">
 <head>
  <title>
</title>
<meta http-equiv="Content-Type" content="text/html;charset=utf-8" />
  <meta name='ocr-system' content='tesseract 3.04.00' />
  <meta name='ocr-capabilities' content='ocr_page ocr_carea ocr_par ocr_line ocrx_word'/>
</head>
<body>
  <div class='ocr_page' id='page_1' title='image "./patrologiaecurs51unkngoog_0378.png"; bbox 0 0 3848 6120; ppageno 0'>
   <div class='ocr_carea' id='block_1_1' title="bbox 672 252 1629 374">
    <p class='ocr_par' dir='ltr' id='par_1_1' title="bbox 672 252 1629 374">
     <span class='ocr_line' id='line_1_1' title="bbox 672 252 1629 374; baseline 0.018 -17"><span class='ocrx_word' id='word_1_1' title='bbox 672 292 767 357; x_wconf 79' lang='lat' dir='ltr'><strong>steen</strong></span> <span class='ocrx_word' id='word_1_2' title='bbox 787 252 965 358; x_wconf 70' lang='lat' dir='ltr'><strong>ussurus.</strong></span> <span class='ocrx_word' id='word_1_3' title='bbox 1575 302 1629 374; x_wconf 82' lang='lat' dir='ltr'><strong>tie</strong></span> 
     </span>
    </p>
   </div>
   <div class='ocr_carea' id='block_1_2' title="bbox 111 423 1626 1293">
    <p class='ocr_par' dir='ltr' id='par_1_2' title="bbox 111 423 1626 1293">
     <span class='ocr_line' id='line_1_2' title="bbox 111 423 1626 525; baseline 0.001 -44"><span class='ocrx_word' id='word_1_4' title='bbox 111 432 186 481; x_wconf 89' lang='lat' dir='ltr'><strong>tnou</strong></span> <span class='ocrx_word' id='word_1_5' title='bbox 201 425 323 480; x_wconf 87' lang='lat' dir='ltr'><strong>exomni</strong></span> <span class='ocrx_word' id='word_1_6' title='bbox 341 433 432 498; x_wconf 74' lang='lat' dir='ltr'><strong>gente,</strong></span> <span class='ocrx_word' id='word_1_7' title='bbox 448 424 570 481; x_wconf 87' lang='lat' dir='ltr'><strong>exomni</strong></span> <span class='ocrx_word' id='word_1_8' title='bbox 591 430 670 481; x_wconf 88' lang='lat' dir='ltr'><strong>aetate</strong></span> <span class='ocrx_word' id='word_1_9' title='bbox 685 439 716 479; x_wconf 89' lang='lat' dir='ltr'><strong>ac</strong></span> <span class='ocrx_word' id='word_1_10' title='bbox 730 424 775 479; x_wconf 94' lang='lat' dir='ltr'><strong>di·</strong></span> <span class='ocrx_word' id='word_1_11' title='bbox 793 446 818 525; x_wconf 53' lang='grc' dir='ltr'><strong>Α</strong></span> <span class='ocrx_word' id='word_1_12' title='bbox 833 423 998 482; x_wconf 79' lang='lat' dir='ltr'><strong>siccitatibus</strong></span> <span class='ocrx_word' id='word_1_13' title='bbox 1026 424 1144 503; x_wconf 71' lang='lat' dir='ltr'><strong>gaudent</strong></span> <span class='ocrx_word' id='word_1_14' title='bbox 1171 424 1292 498; x_wconf 83' lang='lat' dir='ltr'><strong>locustae,</strong></span> <span class='ocrx_word' id='word_1_15' title='bbox 1317 431 1482 505; x_wconf 82' lang='lat' dir='ltr'><strong>papiunculi,</strong></span> <span class='ocrx_word' id='word_1_16' title='bbox 1508 440 1626 498; x_wconf 66' lang='lat' dir='ltr'><strong>cnamae.</strong></span> 
     </span>
     <span class='ocr_line' id='line_1_3' title="bbox 117 513 1624 600; baseline 0.006 -31"><span class='ocrx_word' id='word_1_17' title='bbox 117 528 151 569; x_wconf 76' lang='grc' dir='ltr'><strong>οι</strong></span> <span class='ocrx_word' id='word_1_18' title='bbox 183 516 257 570; x_wconf 91' lang='lat' dir='ltr'><strong>omni</strong></span> <span class='ocrx_word' id='word_1_19' title='bbox 285 514 400 585; x_wconf 88' lang='lat' dir='ltr'><strong>denique</strong></span> <span class='ocrx_word' id='word_1_20' title='bbox 427 531 503 581; x_wconf 91' lang='lat' dir='ltr'><strong>sexu,</strong></span> <span class='ocrx_word' id='word_1_21' title='bbox 527 521 553 570; x_wconf 91' lang='lat' dir='ltr'><strong>ot</strong></span> <span class='ocrx_word' id='word_1_22' title='bbox 580 515 778 586; x_wconf 75' lang='grc' dir='ltr'>μετεμψυχώσεις</span> <span class='ocrx_word' id='word_1_23' title='bbox 832 513 945 570; x_wconf 85' lang='lat' dir='ltr'><strong>leontos.</strong></span> <span class='ocrx_word' id='word_1_24' title='bbox 966 515 1033 571; x_wconf 89' lang='lat' dir='ltr'><strong>ltern</strong></span> <span class='ocrx_word' id='word_1_25' title='bbox 1054 515 1189 572; x_wconf 84' lang='lat' dir='ltr'><strong>contraria</strong></span> <span class='ocrx_word' id='word_1_26' title='bbox 1206 520 1342 593; x_wconf 74' lang='lat' dir='ltr'><strong>sanguini,</strong></span> <span class='ocrx_word' id='word_1_27' title='bbox 1364 539 1424 593; x_wconf 83' lang='lat' dir='ltr'><strong>quae</strong></span> <span class='ocrx_word' id='word_1_28' title='bbox 1448 539 1539 585; x_wconf 85' lang='lat' dir='ltr'><strong>carent</strong></span> <span class='ocrx_word' id='word_1_29' title='bbox 1557 547 1624 600; x_wconf 73' lang='lat' dir='ltr'><strong>pur.</strong></span> 
     </span>
     <span class='ocr_line' id='line_1_4' title="bbox 111 603 1626 691; baseline 0.009 -30"><span class='ocrx_word' id='word_1_30' title='bbox 111 607 213 668; x_wconf 69' lang='grc' dir='ltr'>πόσεις</span> <span class='ocrx_word' id='word_1_31' title='bbox 238 605 360 679; x_wconf 81' lang='lat' dir='ltr'><strong>quotidie</strong></span> <span class='ocrx_word' id='word_1_32' title='bbox 387 604 515 675; x_wconf 89' lang='lat' dir='ltr'><strong>existant,</strong></span> <span class='ocrx_word' id='word_1_33' title='bbox 542 619 590 659; x_wconf 87' lang='lat' dir='ltr'><strong>cnr</strong></span> <span class='ocrx_word' id='word_1_34' title='bbox 618 603 694 659; x_wconf 91' lang='lat' dir='ltr'><strong>solus</strong></span> <span class='ocrx_word' id='word_1_35' title='bbox 721 604 776 675; x_wconf 80' lang='lat' dir='ltr'><strong>Py·</strong></span> <span class='ocrx_word' id='word_1_36' title='bbox 830 617 897 672; x_wconf 89' lang='lat' dir='ltr'><strong>pura</strong></span> <span class='ocrx_word' id='word_1_37' title='bbox 924 605 995 674; x_wconf 85' lang='lat' dir='ltr'><strong>ejus,</strong></span> <span class='ocrx_word' id='word_1_38' title='bbox 1017 606 1152 673; x_wconf 79' lang='lat' dir='ltr'><strong>cochleas,</strong></span> <span class='ocrx_word' id='word_1_39' title='bbox 1176 607 1340 664; x_wconf 88' lang='lat' dir='ltr'><strong>vermiculos</strong></span> <span class='ocrx_word' id='word_1_40' title='bbox 1367 620 1394 666; x_wconf 92' lang='lat' dir='ltr'><strong>et</strong></span> <span class='ocrx_word' id='word_1_41' title='bbox 1420 616 1552 684; x_wconf 90' lang='lat' dir='ltr'><strong>majorem</strong></span> <span class='ocrx_word' id='word_1_42' title='bbox 1580 621 1626 691; x_wconf 93' lang='lat' dir='ltr'><strong>pi-</strong></span> 
     </span>
     <span class='ocr_line' id='line_1_5' title="bbox 124 692 1626 775; baseline 0.004 -24"><span class='ocrx_word' id='word_1_43' title='bbox 124 693 209 751; x_wconf 84' lang='lat' dir='ltr'><strong>aliurn</strong></span> <span class='ocrx_word' id='word_1_44' title='bbox 228 704 308 768; x_wconf 90' lang='lat' dir='ltr'><strong>atque</strong></span> <span class='ocrx_word' id='word_1_45' title='bbox 328 694 408 749; x_wconf 86' lang='lat' dir='ltr'><strong>alium</strong></span> <span class='ocrx_word' id='word_1_46' title='bbox 428 710 457 749; x_wconf 90' lang='lat' dir='ltr'><strong>se</strong></span> <span class='ocrx_word' id='word_1_47' title='bbox 476 699 664 764; x_wconf 78' lang='lat' dir='ltr'><strong>recognoscat,</strong></span> <span class='ocrx_word' id='word_1_48' title='bbox 679 704 734 746; x_wconf 91' lang='lat' dir='ltr'><strong>nou</strong></span> <span class='ocrx_word' id='word_1_49' title='bbox 749 697 777 746; x_wconf 88' lang='lat' dir='ltr'><strong>et</strong></span> <span class='ocrx_word' id='word_1_50' title='bbox 830 693 917 747; x_wconf 92' lang='lat' dir='ltr'><strong>scium</strong></span> <span class='ocrx_word' id='word_1_51' title='bbox 930 707 1051 750; x_wconf 91' lang='lat' dir='ltr'><strong>censum.</strong></span> <span class='ocrx_word' id='word_1_52' title='bbox 1067 692 1179 765; x_wconf 86' lang='lat' dir='ltr'><strong>Spiritui</strong></span> <span class='ocrx_word' id='word_1_53' title='bbox 1201 710 1264 750; x_wconf 86' lang='lat' dir='ltr'><strong>vero</strong></span> <span class='ocrx_word' id='word_1_54' title='bbox 1284 699 1428 769; x_wconf 87' lang='lat' dir='ltr'><strong>contraria,</strong></span> <span class='ocrx_word' id='word_1_55' title='bbox 1443 719 1505 774; x_wconf 80' lang='lat' dir='ltr'><strong>quae</strong></span> <span class='ocrx_word' id='word_1_56' title='bbox 1523 706 1626 775; x_wconf 71' lang='lat' dir='ltr'><strong>spirare</strong></span> 
     </span>
     <span class='ocr_line' id='line_1_6' title="bbox 111 779 1626 861; baseline 0 -22"><span class='ocrx_word' id='word_1_57' title='bbox 111 788 134 839; x_wconf 88' lang='lat' dir='ltr'><strong>tt</strong></span> <span class='ocrx_word' id='word_1_58' title='bbox 157 782 181 838; x_wconf 90' lang='lat' dir='ltr'><strong>si</strong></span> <span class='ocrx_word' id='word_1_59' title='bbox 209 782 381 854; x_wconf 77' lang='lat' dir='ltr'><strong>privilegium</strong></span> <span class='ocrx_word' id='word_1_60' title='bbox 416 780 642 853; x_wconf 90' lang='lat' dir='ltr'><strong>philosophorum</strong></span> <span class='ocrx_word' id='word_1_61' title='bbox 670 786 721 845; x_wconf 89' lang='lat' dir='ltr'><strong>est,</strong></span> <span class='ocrx_word' id='word_1_62' title='bbox 750 788 777 833; x_wconf 89' lang='lat' dir='ltr'><strong>et</strong></span> <span class='ocrx_word' id='word_1_63' title='bbox 829 793 884 833; x_wconf 92' lang='lat' dir='ltr'><strong>non</strong></span> <span class='ocrx_word' id='word_1_64' title='bbox 903 779 1038 846; x_wconf 83' lang='lat' dir='ltr'><strong>videntur,</strong></span> <span class='ocrx_word' id='word_1_65' title='bbox 1053 781 1172 836; x_wconf 88' lang='lat' dir='ltr'><strong>carentia</strong></span> <span class='ocrx_word' id='word_1_66' title='bbox 1190 781 1365 852; x_wconf 85' lang='lat' dir='ltr'><strong>pulmonibus</strong></span> <span class='ocrx_word' id='word_1_67' title='bbox 1382 795 1409 841; x_wconf 91' lang='lat' dir='ltr'><strong>et</strong></span> <span class='ocrx_word' id='word_1_68' title='bbox 1426 791 1541 861; x_wconf 90' lang='lat' dir='ltr'><strong>arteriis,</strong></span> <span class='ocrx_word' id='word_1_69' title='bbox 1558 795 1626 850; x_wconf 91' lang='lat' dir='ltr'><strong>culi.</strong></span> 
     </span>
     <span class='ocr_line' id='line_1_7' title="bbox 111 865 1626 943; baseline 0.008 -18"><span class='ocrx_word' id='word_1_70' title='bbox 111 868 273 936; x_wconf 71' lang='lat' dir='ltr'><strong>iroecorum,</strong></span> <span class='ocrx_word' id='word_1_71' title='bbox 298 872 374 942; x_wconf 90' lang='lat' dir='ltr'><strong>quasi</strong></span> <span class='ocrx_word' id='word_1_72' title='bbox 403 884 457 925; x_wconf 93' lang='lat' dir='ltr'><strong>non</strong></span> <span class='ocrx_word' id='word_1_73' title='bbox 485 880 512 924; x_wconf 94' lang='lat' dir='ltr'><strong>et</strong></span> <span class='ocrx_word' id='word_1_74' title='bbox 535 869 642 940; x_wconf 79' lang='lat' dir='ltr'><strong>Scythae</strong></span> <span class='ocrx_word' id='word_1_75' title='bbox 666 876 693 923; x_wconf 92' lang='lat' dir='ltr'><strong>et</strong></span> <span class='ocrx_word' id='word_1_76' title='bbox 716 865 776 920; x_wconf 88' lang='lat' dir='ltr'><strong>lodi</strong></span> <span class='ocrx_word' id='word_1_77' title='bbox 829 882 883 934; x_wconf 84' lang='lat' dir='ltr'><strong>ces,</strong></span> <span class='ocrx_word' id='word_1_78' title='bbox 899 866 1036 936; x_wconf 86' lang='lat' dir='ltr'><strong>formicas,</strong></span> <span class='ocrx_word' id='word_1_79' title='bbox 1054 870 1149 936; x_wconf 88' lang='lat' dir='ltr'><strong>tineas,</strong></span> <span class='ocrx_word' id='word_1_80' title='bbox 1169 878 1195 926; x_wconf 88' lang='lat' dir='ltr'><strong>et</strong></span> <span class='ocrx_word' id='word_1_81' title='bbox 1214 872 1265 927; x_wconf 93' lang='lat' dir='ltr'><strong>hoc</strong></span> <span class='ocrx_word' id='word_1_82' title='bbox 1282 887 1369 943; x_wconf 80' lang='lat' dir='ltr'><strong>genus</strong></span> <span class='ocrx_word' id='word_1_83' title='bbox 1391 875 1538 934; x_wconf 88' lang='lat' dir='ltr'><strong>minutalia.</strong></span> <span class='ocrx_word' id='word_1_84' title='bbox 1557 882 1626 938; x_wconf 92' lang='lat' dir='ltr'><strong>ltem</strong></span> 
     </span>
     <span class='ocr_line' id='line_1_8' title="bbox 111 955 1626 1030; baseline 0.007 -15"><span class='ocrx_word' id='word_1_85' title='bbox 111 959 216 1027; x_wconf 89' lang='lat' dir='ltr'><strong>heutur,</strong></span> <span class='ocrx_word' id='word_1_86' title='bbox 236 975 284 1015; x_wconf 92' lang='lat' dir='ltr'><strong>cur</strong></span> <span class='ocrx_word' id='word_1_87' title='bbox 303 959 442 1015; x_wconf 90' lang='lat' dir='ltr'><strong>neminem</strong></span> <span class='ocrx_word' id='word_1_88' title='bbox 464 973 494 1012; x_wconf 92' lang='lat' dir='ltr'><strong>se</strong></span> <span class='ocrx_word' id='word_1_89' title='bbox 519 957 544 995; x_wconf 75' lang='lat'><strong>⁰⁸</strong></span> <span class='ocrx_word' id='word_1_90' title='bbox 565 967 636 1013; x_wconf 87' lang='lat' dir='ltr'><strong>retro</strong></span> <span class='ocrx_word' id='word_1_91' title='bbox 657 956 776 1013; x_wconf 81' lang='lat' dir='ltr'><strong>meminit</strong></span> <span class='ocrx_word' id='word_1_92' title='bbox 830 955 886 1012; x_wconf 84' lang='lat' dir='ltr'><strong>aeri</strong></span> <span class='ocrx_word' id='word_1_93' title='bbox 904 959 1047 1030; x_wconf 86' lang='lat' dir='ltr'><strong>contraria,</strong></span> <span class='ocrx_word' id='word_1_94' title='bbox 1062 975 1124 1028; x_wconf 84' lang='lat' dir='ltr'><strong>quae</strong></span> <span class='ocrx_word' id='word_1_95' title='bbox 1142 974 1253 1030; x_wconf 90' lang='lat' dir='ltr'><strong>semper</strong></span> <span class='ocrx_word' id='word_1_96' title='bbox 1271 962 1476 1021; x_wconf 86' lang='lat' dir='ltr'><strong>subterraneum</strong></span> <span class='ocrx_word' id='word_1_97' title='bbox 1496 976 1524 1023; x_wconf 89' lang='lat' dir='ltr'><strong>et</strong></span> <span class='ocrx_word' id='word_1_98' title='bbox 1542 970 1626 1026; x_wconf 82' lang='lat' dir='ltr'><strong>suha-</strong></span> 
     </span>
     <span class='ocr_line' id='line_1_9' title="bbox 111 1046 1624 1131; baseline 0.005 -28"><span class='ocrx_word' id='word_1_99' title='bbox 111 1048 269 1117; x_wconf 89' lang='lat' dir='ltr'><strong>,ueminem</strong></span> <span class='ocrx_word' id='word_1_100' title='bbox 290 1048 468 1119; x_wconf 76' lang='lat' dir='ltr'><strong>Chrysippus,</strong></span> <span class='ocrx_word' id='word_1_101' title='bbox 490 1046 624 1102; x_wconf 90' lang='lat' dir='ltr'><strong>nemiuem</strong></span> <span class='ocrx_word' id='word_1_102' title='bbox 643 1048 726 1112; x_wconf 90' lang='lat' dir='ltr'><strong>Zeno,</strong></span> <span class='ocrx_word' id='word_1_103' title='bbox 742 1062 775 1102; x_wconf 92' lang='lat' dir='ltr'><strong>ne</strong></span> <span class='ocrx_word' id='word_1_104' title='bbox 829 1062 961 1117; x_wconf 89' lang='lat' dir='ltr'><strong>quaneum</strong></span> <span class='ocrx_word' id='word_1_105' title='bbox 980 1047 1106 1113; x_wconf 79' lang='lat' dir='ltr'><strong>niventia,</strong></span> <span class='ocrx_word' id='word_1_106' title='bbox 1123 1055 1215 1105; x_wconf 88' lang='lat' dir='ltr'><strong>carent</strong></span> <span class='ocrx_word' id='word_1_107' title='bbox 1238 1048 1334 1106; x_wconf 88' lang='lat' dir='ltr'><strong>haustu</strong></span> <span class='ocrx_word' id='word_1_108' title='bbox 1360 1053 1431 1122; x_wconf 88' lang='lat' dir='ltr'><strong>ejus.</strong></span> <span class='ocrx_word' id='word_1_109' title='bbox 1454 1055 1508 1111; x_wconf 87' lang='lat' dir='ltr'><strong>Res</strong></span> <span class='ocrx_word' id='word_1_110' title='bbox 1527 1058 1624 1131; x_wconf 78' lang='lat' dir='ltr'><strong>magis,</strong></span> 
     </span>
     <span class='ocr_line' id='line_1_10' title="bbox 111 1135 1624 1216; baseline 0.007 -24"><span class='ocrx_word' id='word_1_111' title='bbox 111 1135 160 1192; x_wconf 88' lang='lat' dir='ltr'><strong>lem</strong></span> <span class='ocrx_word' id='word_1_112' title='bbox 178 1136 264 1202; x_wconf 90' lang='lat' dir='ltr'><strong>Plato,</strong></span> <span class='ocrx_word' id='word_1_113' title='bbox 285 1152 362 1209; x_wconf 91' lang='lat' dir='ltr'><strong>quem</strong></span> <span class='ocrx_word' id='word_1_114' title='bbox 385 1136 498 1191; x_wconf 80' lang='lat' dir='ltr'><strong>forsitan</strong></span> <span class='ocrx_word' id='word_1_115' title='bbox 519 1136 663 1192; x_wconf 84' lang='lat' dir='ltr'><strong>Nestorem</strong></span> <span class='ocrx_word' id='word_1_116' title='bbox 684 1135 775 1191; x_wconf 90' lang='lat' dir='ltr'><strong>credi·</strong></span> <span class='ocrx_word' id='word_1_117' title='bbox 828 1150 909 1205; x_wconf 90' lang='lat' dir='ltr'><strong>quam</strong></span> <span class='ocrx_word' id='word_1_118' title='bbox 937 1135 1048 1191; x_wconf 88' lang='lat' dir='ltr'><strong>nomina</strong></span> <span class='ocrx_word' id='word_1_119' title='bbox 1076 1136 1185 1193; x_wconf 90' lang='lat' dir='ltr'><strong>noveris</strong></span> <span class='ocrx_word' id='word_1_120' title='bbox 1214 1135 1249 1191; x_wconf 79' lang='lat'><strong>⁷².</strong></span> <span class='ocrx_word' id='word_1_121' title='bbox 1273 1137 1340 1194; x_wconf 87' lang='lat' dir='ltr'><strong>Item</strong></span> <span class='ocrx_word' id='word_1_122' title='bbox 1363 1143 1495 1198; x_wconf 83' lang='lat' dir='ltr'><strong>contraria</strong></span> <span class='ocrx_word' id='word_1_123' title='bbox 1518 1145 1624 1216; x_wconf 91' lang='lat' dir='ltr'><strong>lumini,</strong></span> 
     </span>
     <span class='ocr_line' id='line_1_11' title="bbox 111 1223 1625 1293; baseline 0.013 -18"><span class='ocrx_word' id='word_1_124' title='bbox 111 1240 125 1292; x_wconf 79' lang='lat' dir='ltr'><strong>i,</strong></span> <span class='ocrx_word' id='word_1_125' title='bbox 138 1225 175 1280; x_wconf 94' lang='lat' dir='ltr'><strong>ob</strong></span> <span class='ocrx_word' id='word_1_126' title='bbox 188 1226 267 1280; x_wconf 90' lang='lat' dir='ltr'><strong>mella</strong></span> <span class='ocrx_word' id='word_1_127' title='bbox 285 1223 438 1280; x_wconf 72' lang='lat' dir='ltr'><strong>facundiae?</strong></span> <span class='ocrx_word' id='word_1_128' title='bbox 828 1238 889 1293; x_wconf 80' lang='lat' dir='ltr'><strong>quae</strong></span> <span class='ocrx_word' id='word_1_129' title='bbox 903 1237 976 1279; x_wconf 86' lang='lat' dir='ltr'><strong>caece</strong></span> <span class='ocrx_word' id='word_1_130' title='bbox 990 1223 1019 1279; x_wconf 88' lang='lat' dir='ltr'><strong>iu</strong></span> <span class='ocrx_word' id='word_1_131' title='bbox 1036 1231 1130 1292; x_wconf 90' lang='lat' dir='ltr'><strong>totum,</strong></span> <span class='ocrx_word' id='word_1_132' title='bbox 1146 1225 1190 1281; x_wconf 91' lang='lat' dir='ltr'><strong>vel</strong></span> <span class='ocrx_word' id='word_1_133' title='bbox 1209 1225 1275 1281; x_wconf 91' lang='lat' dir='ltr'><strong>solis</strong></span> <span class='ocrx_word' id='word_1_134' title='bbox 1293 1228 1410 1283; x_wconf 88' lang='lat' dir='ltr'><strong>tenebris</strong></span> <span class='ocrx_word' id='word_1_135' title='bbox 1432 1231 1533 1288; x_wconf 90' lang='lat' dir='ltr'><strong>habent</strong></span> <span class='ocrx_word' id='word_1_136' title='bbox 1556 1251 1625 1293; x_wconf 88' lang='lat' dir='ltr'><strong>ocu·</strong></span> 
     </span>
    </p>
   </div>
   <div class='ocr_carea' id='block_1_3' title="bbox 111 1311 1631 3424">
    <p class='ocr_par' dir='ltr' id='par_1_3' title="bbox 828 1311 1625 1388">
     <span class='ocr_line' id='line_1_12' title="bbox 828 1311 1625 1388; baseline 0.02 -22"><span class='ocrx_word' id='word_1_137' title='bbox 828 1311 881 1381; x_wconf 92' lang='lat' dir='ltr'><strong>los,</strong></span> <span class='ocrx_word' id='word_1_138' title='bbox 906 1311 1002 1383; x_wconf 86' lang='lat' dir='ltr'><strong>talpas,</strong></span> <span class='ocrx_word' id='word_1_139' title='bbox 1022 1313 1217 1387; x_wconf 77' lang='lat' dir='ltr'><strong>vesperugines</strong></span> <span class='ocrx_word' id='word_1_140' title='bbox 1236 1317 1285 1386; x_wconf 80' lang='lat' dir='ltr'><strong>(d),</strong></span> <span class='ocrx_word' id='word_1_141' title='bbox 1306 1325 1425 1374; x_wconf 86' lang='lat' dir='ltr'><strong>noctuas.</strong></span> <span class='ocrx_word' id='word_1_142' title='bbox 1449 1319 1523 1388; x_wconf 88' lang='lat' dir='ltr'><strong>Haec,</strong></span> <span class='ocrx_word' id='word_1_143' title='bbox 1539 1333 1569 1378; x_wconf 90' lang='lat' dir='ltr'><strong>ut</strong></span> <span class='ocrx_word' id='word_1_144' title='bbox 1592 1342 1625 1383; x_wconf 82' lang='lat' dir='ltr'><strong>ax</strong></span> 
     </span>
    </p>

    <p class='ocr_par' dir='ltr' id='par_1_4' title="bbox 248 1364 1625 1471">
     <span class='ocr_line' id='line_1_13' title="bbox 248 1364 1625 1471; baseline 0.02 -27"><span class='ocrx_word' id='word_1_145' title='bbox 248 1364 363 1421; x_wconf 57' lang='lat' dir='ltr'><strong>CAPUT</strong></span> <span class='ocrx_word' id='word_1_146' title='bbox 382 1366 500 1420; x_wconf 69' lang='lat' dir='ltr'><strong>XXXH·</strong></span> <span class='ocrx_word' id='word_1_147' title='bbox 828 1401 1021 1471; x_wconf 81' lang='lat' dir='ltr'><strong>apparentibus</strong></span> <span class='ocrx_word' id='word_1_148' title='bbox 1034 1409 1062 1457; x_wconf 88' lang='lat' dir='ltr'><strong>et</strong></span> <span class='ocrx_word' id='word_1_149' title='bbox 1076 1401 1226 1458; x_wconf 78' lang='lat' dir='ltr'><strong>manifestis</strong></span> <span class='ocrx_word' id='word_1_150' title='bbox 1246 1404 1405 1461; x_wconf 86' lang='lat' dir='ltr'><strong>substantiis</strong></span> <span class='ocrx_word' id='word_1_151' title='bbox 1422 1407 1545 1465; x_wconf 76' lang='lat' dir='ltr'><strong>domam.</strong></span> <span class='ocrx_word' id='word_1_152' title='bbox 1560 1396 1625 1470; x_wconf 74' lang='lat' dir='ltr'><strong>cn*-</strong></span> 
     </span>
    </p>

    <p class='ocr_par' dir='ltr' id='par_1_5' title="bbox 111 1485 1631 3424">
     <span class='ocr_line' id='line_1_14' title="bbox 111 1485 1625 1561; baseline 0.009 -16"><span class='ocrx_word' id='word_1_153' title='bbox 111 1485 158 1545; x_wconf 86' lang='lat' dir='ltr'><strong>tim</strong></span> <span class='ocrx_word' id='word_1_154' title='bbox 173 1487 361 1559; x_wconf 80' lang='lat' dir='ltr'><strong>Empedocles,</strong></span> <span class='ocrx_word' id='word_1_155' title='bbox 374 1488 436 1560; x_wconf 89' lang='lat' dir='ltr'><strong>quia</strong></span> <span class='ocrx_word' id='word_1_156' title='bbox 451 1504 481 1543; x_wconf 94' lang='lat' dir='ltr'><strong>se</strong></span> <span class='ocrx_word' id='word_1_157' title='bbox 495 1487 773 1558; x_wconf 74' lang='lat' dir='ltr'><strong>deumdelirarat(2),</strong></span> <span class='ocrx_word' id='word_1_158' title='bbox 828 1494 925 1559; x_wconf 92' lang='lat' dir='ltr'><strong>terum,</strong></span> <span class='ocrx_word' id='word_1_159' title='bbox 945 1488 1016 1545; x_wconf 91' lang='lat' dir='ltr'><strong>siet</strong></span> <span class='ocrx_word' id='word_1_160' title='bbox 1038 1497 1143 1546; x_wconf 85' lang='lat' dir='ltr'><strong>atomos</strong></span> <span class='ocrx_word' id='word_1_161' title='bbox 1165 1489 1275 1561; x_wconf 83' lang='lat' dir='ltr'><strong>Epicuri</strong></span> <span class='ocrx_word' id='word_1_162' title='bbox 1298 1498 1430 1559; x_wconf 89' lang='lat' dir='ltr'><strong>tenerem,</strong></span> <span class='ocrx_word' id='word_1_163' title='bbox 1450 1504 1477 1551; x_wconf 90' lang='lat' dir='ltr'><strong>et</strong></span> <span class='ocrx_word' id='word_1_164' title='bbox 1499 1512 1625 1557; x_wconf 90' lang='lat' dir='ltr'><strong>numeros</strong></span> 
     </span>
     <span class='ocr_line' id='line_1_15' title="bbox 111 1575 1625 1685; baseline 0.007 -51"><span class='ocrx_word' id='word_1_165' title='bbox 111 1575 214 1649; x_wconf 82' lang='lat' dir='ltr'><strong>opinor,</strong></span> <span class='ocrx_word' id='word_1_166' title='bbox 229 1576 390 1648; x_wconf 77' lang='lat' dir='ltr'><strong>dedignatus</strong></span> <span class='ocrx_word' id='word_1_167' title='bbox 408 1576 527 1648; x_wconf 88' lang='lat' dir='ltr'><strong>aliquem</strong></span> <span class='ocrx_word' id='word_1_168' title='bbox 547 1593 576 1632; x_wconf 89' lang='lat' dir='ltr'><strong>se</strong></span> <span class='ocrx_word' id='word_1_169' title='bbox 594 1577 708 1632; x_wconf 89' lang='lat' dir='ltr'><strong>heroum</strong></span> <span class='ocrx_word' id='word_1_170' title='bbox 728 1591 772 1631; x_wconf 92' lang='lat' dir='ltr'><strong>re-</strong></span> <span class='ocrx_word' id='word_1_171' title='bbox 789 1607 812 1685; x_wconf 71' lang='grc' dir='ltr'><strong>Β</strong></span> <span class='ocrx_word' id='word_1_172' title='bbox 827 1575 987 1648; x_wconf 80' lang='lat' dir='ltr'><strong>Pythagorae</strong></span> <span class='ocrx_word' id='word_1_173' title='bbox 1009 1576 1140 1646; x_wconf 85' lang='lat' dir='ltr'><strong>viderem,</strong></span> <span class='ocrx_word' id='word_1_174' title='bbox 1161 1585 1187 1634; x_wconf 92' lang='lat' dir='ltr'><strong>et</strong></span> <span class='ocrx_word' id='word_1_175' title='bbox 1209 1578 1285 1634; x_wconf 90' lang='lat' dir='ltr'><strong>ideas</strong></span> <span class='ocrx_word' id='word_1_176' title='bbox 1305 1578 1424 1636; x_wconf 90' lang='lat' dir='ltr'><strong>Platonis</strong></span> <span class='ocrx_word' id='word_1_177' title='bbox 1447 1582 1625 1664; x_wconf 79' lang='lat' dir='ltr'><strong>offenderem,</strong></span> 
     </span>
     <span class='ocr_line' id='line_1_16' title="bbox 115 1662 1627 1738; baseline 0.011 -19"><span class='ocrx_word' id='word_1_178' title='bbox 115 1664 277 1722; x_wconf 76' lang='lat' dir='ltr'><strong>«manum</strong></span> <span class='ocrx_word' id='word_1_179' title='bbox 286 1665 403 1736; x_wconf 90' lang='lat' dir='ltr'><strong>etpiscis</strong></span> <span class='ocrx_word' id='word_1_180' title='bbox 414 1664 451 1720; x_wconf 91' lang='lat' dir='ltr'><strong>fui</strong></span> <span class='ocrx_word' id='word_1_181' title='bbox 461 1666 516 1737; x_wconf 81' lang='grc'>(3);</span> <span class='ocrx_word' id='word_1_182' title='bbox 530 1685 542 1715; x_wconf 76' lang='grc' dir='ltr'><strong>ι</strong></span> <span class='ocrx_word' id='word_1_183' title='bbox 554 1664 709 1736; x_wconf 90' lang='lat' dir='ltr'><strong>iuquit,cur</strong></span> <span class='ocrx_word' id='word_1_184' title='bbox 718 1679 773 1722; x_wconf 91' lang='lat' dir='ltr'><strong>non</strong></span> <span class='ocrx_word' id='word_1_185' title='bbox 828 1674 856 1721; x_wconf 89' lang='lat' dir='ltr'><strong>et</strong></span> <span class='ocrx_word' id='word_1_186' title='bbox 870 1662 1035 1722; x_wconf 76' lang='lat' dir='ltr'><strong>entelechias</strong></span> <span class='ocrx_word' id='word_1_187' title='bbox 1048 1665 1201 1722; x_wconf 73' lang='lat' dir='ltr'><strong>Aristotelis</strong></span> <span class='ocrx_word' id='word_1_188' title='bbox 1216 1681 1389 1738; x_wconf 85' lang='lat' dir='ltr'><strong>occuparem,</strong></span> <span class='ocrx_word' id='word_1_189' title='bbox 1407 1671 1553 1732; x_wconf 87' lang='lat' dir='ltr'><strong>invenirem</strong></span> <span class='ocrx_word' id='word_1_190' title='bbox 1569 1677 1627 1735; x_wconf 93' lang='lat' dir='ltr'><strong>fors</strong></span> 
     </span>
     <span class='ocr_line' id='line_1_17' title="bbox 111 1751 1626 1828; baseline 0.012 -23"><span class='ocrx_word' id='word_1_191' title='bbox 111 1766 218 1825; x_wconf 79' lang='lat' dir='ltr'><strong>xpepo,</strong></span> <span class='ocrx_word' id='word_1_192' title='bbox 238 1761 291 1808; x_wconf 91' lang='lat' dir='ltr'><strong>tam</strong></span> <span class='ocrx_word' id='word_1_193' title='bbox 316 1754 446 1819; x_wconf 89' lang='lat' dir='ltr'><strong>insulsus,</strong></span> <span class='ocrx_word' id='word_1_194' title='bbox 467 1764 495 1809; x_wconf 93' lang='lat' dir='ltr'><strong>et</strong></span> <span class='ocrx_word' id='word_1_195' title='bbox 516 1752 694 1817; x_wconf 84' lang='lat' dir='ltr'><strong>chamaeleon,</strong></span> <span class='ocrx_word' id='word_1_196' title='bbox 719 1760 774 1808; x_wconf 88' lang='lat' dir='ltr'><strong>tam</strong></span> <span class='ocrx_word' id='word_1_197' title='bbox 827 1751 871 1809; x_wconf 91' lang='lat' dir='ltr'><strong>his</strong></span> <span class='ocrx_word' id='word_1_198' title='bbox 894 1767 1002 1826; x_wconf 89' lang='lat' dir='ltr'><strong>quoque</strong></span> <span class='ocrx_word' id='word_1_199' title='bbox 1025 1751 1168 1824; x_wconf 89' lang='lat' dir='ltr'><strong>speciebus</strong></span> <span class='ocrx_word' id='word_1_200' title='bbox 1192 1753 1330 1824; x_wconf 86' lang='lat' dir='ltr'><strong>animalia,</strong></span> <span class='ocrx_word' id='word_1_201' title='bbox 1346 1773 1406 1828; x_wconf 88' lang='lat' dir='ltr'><strong>quaa</strong></span> <span class='ocrx_word' id='word_1_202' title='bbox 1433 1762 1541 1819; x_wconf 89' lang='lat' dir='ltr'><strong>nomine</strong></span> <span class='ocrx_word' id='word_1_203' title='bbox 1560 1780 1626 1823; x_wconf 90' lang='lat' dir='ltr'><strong>cou-</strong></span> 
     </span>
     <span class='ocr_line' id='line_1_18' title="bbox 111 1837 1626 1920; baseline 0.009 -24"><span class='ocrx_word' id='word_1_204' title='bbox 111 1837 167 1915; x_wconf 72' lang='lat' dir='ltr'><strong>lllf</strong></span> <span class='ocrx_word' id='word_1_205' title='bbox 189 1841 273 1897; x_wconf 87' lang='lat' dir='ltr'><strong>Plane</strong></span> <span class='ocrx_word' id='word_1_206' title='bbox 295 1851 325 1897; x_wconf 94' lang='lat' dir='ltr'><strong>ut</strong></span> <span class='ocrx_word' id='word_1_207' title='bbox 351 1841 445 1912; x_wconf 89' lang='lat' dir='ltr'><strong>piscis,</strong></span> <span class='ocrx_word' id='word_1_208' title='bbox 471 1857 506 1898; x_wconf 92' lang='lat' dir='ltr'><strong>ne</strong></span> <span class='ocrx_word' id='word_1_209' title='bbox 528 1840 619 1913; x_wconf 88' lang='lat' dir='ltr'><strong>aliqua</strong></span> <span class='ocrx_word' id='word_1_210' title='bbox 637 1838 775 1912; x_wconf 90' lang='lat' dir='ltr'><strong>sepultura</strong></span> <span class='ocrx_word' id='word_1_211' title='bbox 828 1840 972 1898; x_wconf 87' lang='lat' dir='ltr'><strong>trarietatis</strong></span> <span class='ocrx_word' id='word_1_212' title='bbox 988 1856 1167 1914; x_wconf 88' lang='lat' dir='ltr'><strong>opponerem.</strong></span> <span class='ocrx_word' id='word_1_213' title='bbox 1185 1841 1326 1898; x_wconf 83' lang='lat' dir='ltr'><strong>Contendo</strong></span> <span class='ocrx_word' id='word_1_214' title='bbox 1341 1847 1422 1916; x_wconf 89' lang='lat' dir='ltr'><strong>enim,</strong></span> <span class='ocrx_word' id='word_1_215' title='bbox 1438 1863 1472 1903; x_wconf 85' lang='lat' dir='ltr'><strong>ex</strong></span> <span class='ocrx_word' id='word_1_216' title='bbox 1492 1865 1626 1920; x_wconf 88' lang='lat' dir='ltr'><strong>quacum-</strong></span> 
     </span>
     <span class='ocr_line' id='line_1_19' title="bbox 111 1927 1626 2001; baseline 0.013 -21"><span class='ocrx_word' id='word_1_217' title='bbox 111 1942 135 1989; x_wconf 76' lang='lat' dir='ltr'><strong>te</strong></span> <span class='ocrx_word' id='word_1_218' title='bbox 152 1937 303 2001; x_wconf 85' lang='lat' dir='ltr'><strong>putesceret</strong></span> <span class='ocrx_word' id='word_1_219' title='bbox 323 1929 358 1995; x_wconf 83' lang='lat'><strong>⁶⁹,</strong></span> <span class='ocrx_word' id='word_1_220' title='bbox 379 1945 470 1984; x_wconf 80' lang='lat' dir='ltr'><strong>assum</strong></span> <span class='ocrx_word' id='word_1_221' title='bbox 495 1945 523 1984; x_wconf 89' lang='lat' dir='ltr'><strong>se</strong></span> <span class='ocrx_word' id='word_1_222' title='bbox 542 1928 646 1994; x_wconf 89' lang='lat' dir='ltr'><strong>maluit,</strong></span> <span class='ocrx_word' id='word_1_223' title='bbox 666 1927 694 1983; x_wconf 92' lang='lat' dir='ltr'><strong>in</strong></span> <span class='ocrx_word' id='word_1_224' title='bbox 715 1927 774 1984; x_wconf 86' lang='lat' dir='ltr'><strong>lEt-</strong></span> <span class='ocrx_word' id='word_1_225' title='bbox 829 1944 882 2001; x_wconf 91' lang='lat' dir='ltr'><strong>que</strong></span> <span class='ocrx_word' id='word_1_226' title='bbox 899 1928 1048 1986; x_wconf 84' lang='lat' dir='ltr'><strong>substantia</strong></span> <span class='ocrx_word' id='word_1_227' title='bbox 1069 1928 1225 2001; x_wconf 87' lang='lat' dir='ltr'><strong>supradicta</strong></span> <span class='ocrx_word' id='word_1_228' title='bbox 1242 1930 1408 1987; x_wconf 87' lang='lat' dir='ltr'><strong>constitisset</strong></span> <span class='ocrx_word' id='word_1_229' title='bbox 1427 1934 1544 1994; x_wconf 87' lang='lat' dir='ltr'><strong>humana</strong></span> <span class='ocrx_word' id='word_1_230' title='bbox 1564 1943 1626 2000; x_wconf 86' lang='lat' dir='ltr'><strong>aui-</strong></span> 
     </span>
     <span class='ocr_line' id='line_1_20' title="bbox 111 2014 1628 2102; baseline 0.01 -29"><span class='ocrx_word' id='word_1_231' title='bbox 111 2014 269 2091; x_wconf 66' lang='lat' dir='ltr'><strong>mipftando.</strong></span> <span class='ocrx_word' id='word_1_232' title='bbox 295 2017 384 2089; x_wconf 75' lang='lat' dir='ltr'><strong>Atque</strong></span> <span class='ocrx_word' id='word_1_233' title='bbox 402 2016 500 2072; x_wconf 81' lang='lat' dir='ltr'><strong>exinde</strong></span> <span class='ocrx_word' id='word_1_234' title='bbox 524 2017 552 2071; x_wconf 92' lang='lat' dir='ltr'><strong>iu</strong></span> <span class='ocrx_word' id='word_1_235' title='bbox 572 2015 619 2071; x_wconf 91' lang='lat' dir='ltr'><strong>illo</strong></span> <span class='ocrx_word' id='word_1_236' title='bbox 644 2015 720 2071; x_wconf 88' lang='lat' dir='ltr'><strong>finita</strong></span> <span class='ocrx_word' id='word_1_237' title='bbox 740 2015 776 2072; x_wconf 94' lang='lat' dir='ltr'><strong>sit</strong></span> <span class='ocrx_word' id='word_1_238' title='bbox 828 2032 884 2085; x_wconf 91' lang='lat' dir='ltr'><strong>ma,</strong></span> <span class='ocrx_word' id='word_1_239' title='bbox 903 2031 959 2074; x_wconf 92' lang='lat' dir='ltr'><strong>non</strong></span> <span class='ocrx_word' id='word_1_240' title='bbox 980 2017 1100 2088; x_wconf 88' lang='lat' dir='ltr'><strong>potuisse</strong></span> <span class='ocrx_word' id='word_1_241' title='bbox 1118 2033 1176 2073; x_wconf 89' lang='lat' dir='ltr'><strong>earn</strong></span> <span class='ocrx_word' id='word_1_242' title='bbox 1205 2018 1233 2074; x_wconf 91' lang='lat' dir='ltr'><strong>in</strong></span> <span class='ocrx_word' id='word_1_243' title='bbox 1253 2028 1307 2076; x_wconf 83' lang='lat' dir='ltr'><strong>mm</strong></span> <span class='ocrx_word' id='word_1_244' title='bbox 1324 2023 1457 2078; x_wconf 88' lang='lat' dir='ltr'><strong>contraria</strong></span> <span class='ocrx_word' id='word_1_245' title='bbox 1481 2026 1628 2102; x_wconf 87' lang='lat' dir='ltr'><strong>unicuique</strong></span> 
     </span>
     <span class='ocr_line' id='line_1_21' title="bbox 111 2103 1627 2178; baseline 0.007 -14"><span class='ocrx_word' id='word_1_246' title='bbox 111 2106 221 2175; x_wconf 69' lang='lat' dir='ltr'><strong>uictis,</strong></span> <span class='ocrx_word' id='word_1_247' title='bbox 237 2113 267 2161; x_wconf 93' lang='lat' dir='ltr'><strong>ut</strong></span> <span class='ocrx_word' id='word_1_248' title='bbox 281 2107 373 2163; x_wconf 85' lang='lat' dir='ltr'><strong>aestiva</strong></span> <span class='ocrx_word' id='word_1_249' title='bbox 391 2121 468 2162; x_wconf 90' lang='lat' dir='ltr'><strong>coena</strong></span> <span class='ocrx_word' id='word_1_250' title='bbox 481 2113 543 2178; x_wconf 91' lang='lat' dir='ltr'><strong>post</strong></span> <span class='ocrx_word' id='word_1_251' title='bbox 556 2120 658 2163; x_wconf 90' lang='lat' dir='ltr'><strong>assum.</strong></span> <span class='ocrx_word' id='word_1_252' title='bbox 679 2105 775 2160; x_wconf 86' lang='lat' dir='ltr'><strong>Pariu-</strong></span> <span class='ocrx_word' id='word_1_253' title='bbox 829 2103 986 2161; x_wconf 76' lang='lat' dir='ltr'><strong>substantia</strong></span> <span class='ocrx_word' id='word_1_254' title='bbox 1012 2105 1139 2162; x_wconf 86' lang='lat' dir='ltr'><strong>animalia</strong></span> <span class='ocrx_word' id='word_1_255' title='bbox 1166 2105 1323 2178; x_wconf 92' lang='lat' dir='ltr'><strong>reformari,</strong></span> <span class='ocrx_word' id='word_1_256' title='bbox 1342 2117 1370 2165; x_wconf 93' lang='lat' dir='ltr'><strong>et</strong></span> <span class='ocrx_word' id='word_1_257' title='bbox 1397 2125 1509 2169; x_wconf 88' lang='lat' dir='ltr'><strong>censum</strong></span> <span class='ocrx_word' id='word_1_258' title='bbox 1533 2118 1574 2172; x_wconf 88' lang='lat' dir='ltr'><strong>eis</strong></span> <span class='ocrx_word' id='word_1_259' title='bbox 1592 2118 1627 2175; x_wconf 93' lang='lat' dir='ltr'><strong>de</strong></span> 
     </span>
     <span class='ocr_line' id='line_1_22' title="bbox 111 2193 1628 2268; baseline 0.007 -15"><span class='ocrx_word' id='word_1_260' title='bbox 111 2204 167 2253; x_wconf 84' lang='lat' dir='ltr'><strong>ret</strong></span> <span class='ocrx_word' id='word_1_261' title='bbox 189 2194 234 2252; x_wconf 90' lang='lat' dir='ltr'><strong>bic</strong></span> <span class='ocrx_word' id='word_1_262' title='bbox 258 2195 418 2252; x_wconf 89' lang='lat' dir='ltr'><strong>dimicemus</strong></span> <span class='ocrx_word' id='word_1_263' title='bbox 445 2210 556 2252; x_wconf 89' lang='lat' dir='ltr'><strong>necesse</strong></span> <span class='ocrx_word' id='word_1_264' title='bbox 584 2202 626 2250; x_wconf 86' lang='lat' dir='ltr'><strong>est</strong></span> <span class='ocrx_word' id='word_1_265' title='bbox 645 2193 777 2251; x_wconf 88' lang='lat' dir='ltr'><strong>adversus</strong></span> <span class='ocrx_word' id='word_1_266' title='bbox 829 2208 879 2249; x_wconf 89' lang='lat' dir='ltr'><strong>sua</strong></span> <span class='ocrx_word' id='word_1_267' title='bbox 905 2193 1081 2251; x_wconf 77' lang='lat' dir='ltr'><strong>mansiatione</strong></span> <span class='ocrx_word' id='word_1_268' title='bbox 1108 2194 1241 2262; x_wconf 90' lang='lat' dir='ltr'><strong>conferre,</strong></span> <span class='ocrx_word' id='word_1_269' title='bbox 1261 2212 1277 2251; x_wconf 90' lang='lat' dir='ltr'><strong>a</strong></span> <span class='ocrx_word' id='word_1_270' title='bbox 1295 2197 1392 2268; x_wconf 90' lang='lat' dir='ltr'><strong>quibus</strong></span> <span class='ocrx_word' id='word_1_271' title='bbox 1408 2201 1513 2257; x_wconf 79' lang='lat' dir='ltr'><strong>excludi</strong></span> <span class='ocrx_word' id='word_1_272' title='bbox 1532 2219 1564 2262; x_wconf 88' lang='lat' dir='ltr'><strong>ae</strong></span> <span class='ocrx_word' id='word_1_273' title='bbox 1582 2221 1628 2262; x_wconf 87' lang='lat' dir='ltr'><strong>re·</strong></span> 
     </span>
     <span class='ocr_line' id='line_1_23' title="bbox 111 2280 1631 2362; baseline 0.012 -29"><span class='ocrx_word' id='word_1_274' title='bbox 111 2282 778 2357; x_wconf 63' lang='lat' dir='ltr'><strong>minpraesumptionem,bestiasexhominibus</strong></span> <span class='ocrx_word' id='word_1_275' title='bbox 829 2281 891 2355; x_wconf 90' lang='lat' dir='ltr'><strong>spui</strong></span> <span class='ocrx_word' id='word_1_276' title='bbox 910 2280 997 2356; x_wconf 80' lang='lat' dir='ltr'><strong>maqis</strong></span> <span class='ocrx_word' id='word_1_277' title='bbox 1018 2282 1139 2352; x_wconf 90' lang='lat' dir='ltr'><strong>haberet,</strong></span> <span class='ocrx_word' id='word_1_278' title='bbox 1160 2298 1242 2355; x_wconf 90' lang='lat' dir='ltr'><strong>quam</strong></span> <span class='ocrx_word' id='word_1_279' title='bbox 1262 2285 1366 2340; x_wconf 91' lang='lat' dir='ltr'><strong>admitti</strong></span> <span class='ocrx_word' id='word_1_280' title='bbox 1386 2291 1499 2362; x_wconf 79' lang='lat' dir='ltr'><strong>accepi,</strong></span> <span class='ocrx_word' id='word_1_281' title='bbox 1518 2293 1631 2352; x_wconf 90' lang='lat' dir='ltr'><strong>nomina</strong></span> 
     </span>
     <span class='ocr_line' id='line_1_24' title="bbox 111 2369 1631 2445; baseline 0.005 -12"><span class='ocrx_word' id='word_1_282' title='bbox 111 2388 175 2433; x_wconf 64' lang='grc' dir='ltr'><strong>’σοι</strong></span> <span class='ocrx_word' id='word_1_283' title='bbox 183 2373 278 2430; x_wconf 84' lang='lat' dir='ltr'><strong>bestiis</strong></span> <span class='ocrx_word' id='word_1_284' title='bbox 288 2376 483 2432; x_wconf 91' lang='lat' dir='ltr'><strong>revolventem.</strong></span> <span class='ocrx_word' id='word_1_285' title='bbox 494 2373 620 2430; x_wconf 80' lang='lat' dir='ltr'><strong>Viderint</strong></span> <span class='ocrx_word' id='word_1_286' title='bbox 629 2372 730 2429; x_wconf 89' lang='lat' dir='ltr'><strong>thamni</strong></span> <span class='ocrx_word' id='word_1_287' title='bbox 740 2374 775 2430; x_wconf 75' lang='lat'><strong>⁷⁰.</strong></span> <span class='ocrx_word' id='word_1_288' title='bbox 829 2369 913 2440; x_wconf 75' lang='lat' dir='ltr'><strong>huius</strong></span> <span class='ocrx_word' id='word_1_289' title='bbox 938 2369 1034 2442; x_wconf 81' lang='lat' dir='ltr'><strong>primae</strong></span> <span class='ocrx_word' id='word_1_290' title='bbox 1059 2370 1264 2439; x_wconf 85' lang='lat' dir='ltr'><strong>contrarietatis,</strong></span> <span class='ocrx_word' id='word_1_291' title='bbox 1283 2388 1344 2445; x_wconf 82' lang='lat' dir='ltr'><strong>quta</strong></span> <span class='ocrx_word' id='word_1_292' title='bbox 1362 2375 1521 2437; x_wconf 81' lang='lat' dir='ltr'><strong>substantivi</strong></span> <span class='ocrx_word' id='word_1_293' title='bbox 1544 2392 1631 2441; x_wconf 84' lang='lat' dir='ltr'><strong>status</strong></span> 
     </span>
     <span class='ocr_line' id='line_1_25' title="bbox 111 2457 1628 2537; baseline 0.017 -36"><span class='ocrx_word' id='word_1_294' title='bbox 111 2464 320 2537; x_wconf 48' lang='lat' dir='ltr'><strong>puppimque</strong></span> <span class='ocrx_word' id='word_1_295' title='bbox 333 2463 580 2536; x_wconf 62' lang='lat' dir='ltr'><strong>ppugfjderequnm</strong></span> <span class='ocrx_word' id='word_1_296' title='bbox 591 2463 778 2536; x_wconf 64' lang='lat' dir='ltr'><strong>documenqu-</strong></span> <span class='ocrx_word' id='word_1_297' title='bbox 831 2457 1013 2514; x_wconf 84' lang='lat' dir='ltr'><strong>diversitatem</strong></span> <span class='ocrx_word' id='word_1_298' title='bbox 1031 2459 1183 2527; x_wconf 86' lang='lat' dir='ltr'><strong>committit,</strong></span> <span class='ocrx_word' id='word_1_299' title='bbox 1205 2468 1269 2517; x_wconf 91' lang='lat' dir='ltr'><strong>tunc</strong></span> <span class='ocrx_word' id='word_1_300' title='bbox 1288 2469 1315 2518; x_wconf 96' lang='lat' dir='ltr'><strong>et</strong></span> <span class='ocrx_word' id='word_1_301' title='bbox 1332 2461 1446 2535; x_wconf 84' lang='lat' dir='ltr'><strong>reliquae</strong></span> <span class='ocrx_word' id='word_1_302' title='bbox 1464 2481 1513 2536; x_wconf 88' lang='lat' dir='ltr'><strong>per</strong></span> <span class='ocrx_word' id='word_1_303' title='bbox 1530 2483 1628 2527; x_wconf 90' lang='lat' dir='ltr'><strong>conse-</strong></span> 
     </span>
     <span class='ocr_line' id='line_1_26' title="bbox 111 2547 1628 2621; baseline 0.004 -11"><span class='ocrx_word' id='word_1_304' title='bbox 111 2550 191 2611; x_wconf 80' lang='lat' dir='ltr'><strong>rimus</strong></span> <span class='ocrx_word' id='word_1_305' title='bbox 213 2554 330 2609; x_wconf 86' lang='lat' dir='ltr'><strong>animam</strong></span> <span class='ocrx_word' id='word_1_306' title='bbox 352 2550 435 2609; x_wconf 73' lang='grc'><strong>703</strong></span> <span class='ocrx_word' id='word_1_307' title='bbox 449 2554 593 2609; x_wconf 89' lang='lat' dir='ltr'><strong>humanam</strong></span> <span class='ocrx_word' id='word_1_308' title='bbox 607 2551 778 2609; x_wconf 90' lang='lat' dir='ltr'><strong>nullomodo</strong></span> <span class='ocrx_word' id='word_1_309' title='bbox 831 2554 961 2621; x_wconf 83' lang='lat' dir='ltr'><strong>quantem</strong></span> <span class='ocrx_word' id='word_1_310' title='bbox 987 2547 1111 2606; x_wconf 83' lang='lat' dir='ltr'><strong>ordinem</strong></span> <span class='ocrx_word' id='word_1_311' title='bbox 1136 2549 1267 2621; x_wconf 79' lang='lat' dir='ltr'><strong>cujusque</strong></span> <span class='ocrx_word' id='word_1_312' title='bbox 1294 2559 1407 2609; x_wconf 86' lang='lat' dir='ltr'><strong>naturae.</strong></span> <span class='ocrx_word' id='word_1_313' title='bbox 1435 2555 1504 2611; x_wconf 88' lang='lat' dir='ltr'><strong>Nam</strong></span> <span class='ocrx_word' id='word_1_314' title='bbox 1533 2565 1561 2613; x_wconf 89' lang='lat' dir='ltr'><strong>et</strong></span> <span class='ocrx_word' id='word_1_315' title='bbox 1584 2575 1628 2616; x_wconf 89' lang='lat' dir='ltr'><strong>se·</strong></span> 
     </span>
     <span class='ocr_line' id='line_1_27' title="bbox 111 2636 1630 2715; baseline 0.004 -16"><span class='ocrx_word' id='word_1_316' title='bbox 111 2655 228 2715; x_wconf 87' lang='lat' dir='ltr'><strong>tposse</strong></span> <span class='ocrx_word' id='word_1_317' title='bbox 254 2641 404 2708; x_wconf 80' lang='lat' dir='ltr'><strong>transferri,</strong></span> <span class='ocrx_word' id='word_1_318' title='bbox 425 2640 530 2696; x_wconf 89' lang='lat' dir='ltr'><strong>etiamsi</strong></span> <span class='ocrx_word' id='word_1_319' title='bbox 546 2640 693 2696; x_wconf 90' lang='lat' dir='ltr'><strong>secundum</strong></span> <span class='ocrx_word' id='word_1_320' title='bbox 713 2641 777 2712; x_wconf 90' lang='lat' dir='ltr'><strong>phi·</strong></span> <span class='ocrx_word' id='word_1_321' title='bbox 831 2637 881 2692; x_wconf 88' lang='lat' dir='ltr'><strong>des</strong></span> <span class='ocrx_word' id='word_1_322' title='bbox 903 2636 969 2693; x_wconf 90' lang='lat' dir='ltr'><strong>elias</strong></span> <span class='ocrx_word' id='word_1_323' title='bbox 990 2637 1110 2694; x_wconf 88' lang='lat' dir='ltr'><strong>humana</strong></span> <span class='ocrx_word' id='word_1_324' title='bbox 1133 2639 1223 2694; x_wconf 85' lang='lat' dir='ltr'><strong>anima</strong></span> <span class='ocrx_word' id='word_1_325' title='bbox 1241 2640 1335 2695; x_wconf 87' lang='lat' dir='ltr'><strong>sortita</strong></span> <span class='ocrx_word' id='word_1_326' title='bbox 1359 2649 1411 2708; x_wconf 89' lang='lat' dir='ltr'><strong>est,</strong></span> <span class='ocrx_word' id='word_1_327' title='bbox 1435 2651 1462 2698; x_wconf 90' lang='lat' dir='ltr'><strong>et</strong></span> <span class='ocrx_word' id='word_1_328' title='bbox 1484 2646 1580 2714; x_wconf 88' lang='lat' dir='ltr'><strong>victus,</strong></span> <span class='ocrx_word' id='word_1_329' title='bbox 1602 2657 1630 2705; x_wconf 87' lang='lat' dir='ltr'><strong>et</strong></span> 
     </span>
     <span class='ocr_line' id='line_1_28' title="bbox 144 2725 1626 2802; baseline 0.004 -15"><span class='ocrx_word' id='word_1_330' title='bbox 144 2744 178 2787; x_wconf 82' lang='lat' dir='ltr'><strong>ex</strong></span> <span class='ocrx_word' id='word_1_331' title='bbox 214 2728 388 2786; x_wconf 85' lang='lat' dir='ltr'><strong>clementitiis</strong></span> <span class='ocrx_word' id='word_1_332' title='bbox 421 2728 578 2784; x_wconf 91' lang='lat' dir='ltr'><strong>substantiis</strong></span> <span class='ocrx_word' id='word_1_333' title='bbox 610 2736 777 2785; x_wconf 88' lang='lat' dir='ltr'><strong>censeretur.</strong></span> <span class='ocrx_word' id='word_1_334' title='bbox 832 2727 989 2796; x_wconf 88' lang='lat' dir='ltr'><strong>instructus,</strong></span> <span class='ocrx_word' id='word_1_335' title='bbox 1018 2735 1045 2783; x_wconf 92' lang='lat' dir='ltr'><strong>et</strong></span> <span class='ocrx_word' id='word_1_336' title='bbox 1072 2741 1182 2793; x_wconf 88' lang='lat' dir='ltr'><strong>sensus,</strong></span> <span class='ocrx_word' id='word_1_337' title='bbox 1212 2732 1240 2781; x_wconf 89' lang='lat' dir='ltr'><strong>et</strong></span> <span class='ocrx_word' id='word_1_338' title='bbox 1266 2725 1378 2785; x_wconf 84' lang='lat' dir='ltr'><strong>affectus</strong></span> <span class='ocrx_word' id='word_1_339' title='bbox 1405 2737 1432 2785; x_wconf 88' lang='lat' dir='ltr'><strong>et</strong></span> <span class='ocrx_word' id='word_1_340' title='bbox 1458 2735 1626 2802; x_wconf 88' lang='lat' dir='ltr'><strong>concubitus,</strong></span> 
     </span>
     <span class='ocr_line' id='line_1_29' title="bbox 111 2811 1629 2893; baseline 0.005 -21"><span class='ocrx_word' id='word_1_341' title='bbox 111 2821 143 2877; x_wconf 74' lang='lat' dir='ltr'><strong>un</strong></span> <span class='ocrx_word' id='word_1_342' title='bbox 168 2817 240 2892; x_wconf 76' lang='lat' dir='ltr'><strong>ignis</strong></span> <span class='ocrx_word' id='word_1_343' title='bbox 262 2818 361 2886; x_wconf 88' lang='lat' dir='ltr'><strong>anima,</strong></span> <span class='ocrx_word' id='word_1_344' title='bbox 384 2817 441 2875; x_wconf 91' lang='lat' dir='ltr'><strong>sive</strong></span> <span class='ocrx_word' id='word_1_345' title='bbox 463 2832 546 2888; x_wconf 89' lang='lat' dir='ltr'><strong>aqua,</strong></span> <span class='ocrx_word' id='word_1_346' title='bbox 570 2817 627 2873; x_wconf 92' lang='lat' dir='ltr'><strong>sive</strong></span> <span class='ocrx_word' id='word_1_347' title='bbox 653 2817 776 2890; x_wconf 77' lang='lat' dir='ltr'><strong>sanquis,</strong></span> <span class='ocrx_word' id='word_1_348' title='bbox 832 2813 974 2881; x_wconf 89' lang='lat' dir='ltr'><strong>etfoetus;</strong></span> <span class='ocrx_word' id='word_1_349' title='bbox 988 2811 1054 2870; x_wconf 90' lang='lat' dir='ltr'><strong>item</strong></span> <span class='ocrx_word' id='word_1_350' title='bbox 1079 2813 1220 2888; x_wconf 53' lang='lat' dir='ltr'><strong>ingenius</strong></span> <span class='ocrx_word' id='word_1_351' title='bbox 1233 2822 1288 2869; x_wconf 92' lang='lat' dir='ltr'><strong>tum</strong></span> <span class='ocrx_word' id='word_1_352' title='bbox 1308 2830 1402 2887; x_wconf 88' lang='lat' dir='ltr'><strong>opera,</strong></span> <span class='ocrx_word' id='word_1_353' title='bbox 1417 2819 1524 2891; x_wconf 74' lang='lat' dir='ltr'><strong>gaudia,</strong></span> <span class='ocrx_word' id='word_1_354' title='bbox 1540 2824 1629 2893; x_wconf 84' lang='lat' dir='ltr'><strong>taedia,</strong></span> 
     </span>
     <span class='ocr_line' id='line_1_30' title="bbox 111 2900 1626 2978; baseline 0.005 -20"><span class='ocrx_word' id='word_1_355' title='bbox 111 2908 174 2978; x_wconf 81' lang='lat' dir='ltr'><strong>itus,</strong></span> <span class='ocrx_word' id='word_1_356' title='bbox 188 2907 244 2964; x_wconf 86' lang='lat' dir='ltr'><strong>sive</strong></span> <span class='ocrx_word' id='word_1_357' title='bbox 258 2922 314 2977; x_wconf 90' lang='lat' dir='ltr'><strong>aer,</strong></span> <span class='ocrx_word' id='word_1_358' title='bbox 330 2908 388 2963; x_wconf 92' lang='lat' dir='ltr'><strong>sive</strong></span> <span class='ocrx_word' id='word_1_359' title='bbox 403 2906 505 2973; x_wconf 88' lang='lat' dir='ltr'><strong>lumen,</strong></span> <span class='ocrx_word' id='word_1_360' title='bbox 521 2905 673 2978; x_wconf 79' lang='lat' dir='ltr'><strong>recogitare</strong></span> <span class='ocrx_word' id='word_1_361' title='bbox 692 2907 776 2962; x_wconf 89' lang='lat' dir='ltr'><strong>debe·</strong></span> <span class='ocrx_word' id='word_1_362' title='bbox 832 2902 907 2970; x_wconf 83' lang='lat' dir='ltr'><strong>sitia,</strong></span> <span class='ocrx_word' id='word_1_363' title='bbox 936 2900 1086 2975; x_wconf 84' lang='lat' dir='ltr'><strong>cupidines,</strong></span> <span class='ocrx_word' id='word_1_364' title='bbox 1113 2902 1277 2975; x_wconf 88' lang='lat' dir='ltr'><strong>voluptates,</strong></span> <span class='ocrx_word' id='word_1_365' title='bbox 1304 2903 1483 2974; x_wconf 81' lang='lat' dir='ltr'><strong>valetudines,</strong></span> <span class='ocrx_word' id='word_1_366' title='bbox 1512 2911 1626 2969; x_wconf 87' lang='lat' dir='ltr'><strong>medici-</strong></span> 
     </span>
     <span class='ocr_line' id='line_1_31' title="bbox 111 2991 1628 3070; baseline 0.007 -23"><span class='ocrx_word' id='word_1_367' title='bbox 111 2995 320 3068; x_wconf 65' lang='lat' dir='ltr'><strong>undequaque</strong></span> <span class='ocrx_word' id='word_1_368' title='bbox 336 2994 450 3068; x_wconf 78' lang='lat' dir='ltr'><strong>singulis</strong></span> <span class='ocrx_word' id='word_1_369' title='bbox 469 2995 607 3066; x_wconf 89' lang='lat' dir='ltr'><strong>speciebus</strong></span> <span class='ocrx_word' id='word_1_370' title='bbox 625 2994 751 3051; x_wconf 88' lang='lat' dir='ltr'><strong>animalia</strong></span> <span class='ocrx_word' id='word_1_371' title='bbox 766 3013 773 3051; x_wconf 92' lang='lat'><strong>:</strong></span> <span class='ocrx_word' id='word_1_372' title='bbox 791 2991 896 3070; x_wconf 66' lang='lat' dir='ltr'><strong>enas,</strong></span> <span class='ocrx_word' id='word_1_373' title='bbox 925 3005 992 3046; x_wconf 86' lang='lat' dir='ltr'><strong>suos</strong></span> <span class='ocrx_word' id='word_1_374' title='bbox 1022 3001 1160 3064; x_wconf 87' lang='lat' dir='ltr'><strong>postremo</strong></span> <span class='ocrx_word' id='word_1_375' title='bbox 1189 3003 1214 3048; x_wconf 92' lang='lat' dir='ltr'><strong>et</strong></span> <span class='ocrx_word' id='word_1_376' title='bbox 1244 2993 1309 3049; x_wconf 73' lang='lat' dir='ltr'><strong>vitae</strong></span> <span class='ocrx_word' id='word_1_377' title='bbox 1340 2995 1458 3064; x_wconf 87' lang='lat' dir='ltr'><strong>modos,</strong></span> <span class='ocrx_word' id='word_1_378' title='bbox 1483 3003 1510 3053; x_wconf 91' lang='lat' dir='ltr'><strong>et</strong></span> <span class='ocrx_word' id='word_1_379' title='bbox 1537 3000 1628 3058; x_wconf 89' lang='lat' dir='ltr'><strong>exitus</strong></span> 
     </span>
     <span class='ocr_line' id='line_1_32' title="bbox 111 3079 1628 3159; baseline 0.009 -25"><span class='ocrx_word' id='word_1_380' title='bbox 111 3082 170 3141; x_wconf 62' lang='lat' dir='ltr'><strong>um</strong></span> <span class='ocrx_word' id='word_1_381' title='bbox 197 3099 231 3141; x_wconf 87' lang='lat' dir='ltr'><strong>ee</strong></span> <span class='ocrx_word' id='word_1_382' title='bbox 252 3100 315 3157; x_wconf 84' lang='lat' dir='ltr'><strong>quae</strong></span> <span class='ocrx_word' id='word_1_383' title='bbox 340 3083 437 3156; x_wconf 75' lang='lat' dir='ltr'><strong>rigent,</strong></span> <span class='ocrx_word' id='word_1_384' title='bbox 465 3083 603 3150; x_wconf 90' lang='lat' dir='ltr'><strong>colubros,</strong></span> <span class='ocrx_word' id='word_1_385' title='bbox 627 3081 774 3152; x_wconf 90' lang='lat' dir='ltr'><strong>stelliones,</strong></span> <span class='ocrx_word' id='word_1_386' title='bbox 831 3079 933 3136; x_wconf 88' lang='lat' dir='ltr'><strong>mortis.</strong></span> <span class='ocrx_word' id='word_1_387' title='bbox 961 3079 1105 3150; x_wconf 87' lang='lat' dir='ltr'><strong>Quomodo</strong></span> <span class='ocrx_word' id='word_1_388' title='bbox 1132 3080 1217 3153; x_wconf 78' lang='lat' dir='ltr'><strong>igitur</strong></span> <span class='ocrx_word' id='word_1_389' title='bbox 1241 3080 1349 3154; x_wconf 74' lang='lat' dir='ltr'><strong>illati)</strong></span> <span class='ocrx_word' id='word_1_390' title='bbox 1372 3087 1545 3159; x_wconf 84' lang='lat' dir='ltr'><strong>animaquae</strong></span> <span class='ocrx_word' id='word_1_391' title='bbox 1568 3098 1628 3147; x_wconf 89' lang='lat' dir='ltr'><strong>ter·</strong></span> 
     </span>
     <span class='ocr_line' id='line_1_33' title="bbox 111 3167 1628 3249; baseline 0.007 -24"><span class='ocrx_word' id='word_1_392' title='bbox 111 3170 177 3245; x_wconf 53' lang='grc' dir='ltr'><strong>ιω</strong></span> <span class='ocrx_word' id='word_1_393' title='bbox 193 3174 285 3243; x_wconf 86' lang='lat' dir='ltr'><strong>etjam</strong></span> <span class='ocrx_word' id='word_1_394' title='bbox 301 3187 477 3245; x_wconf 82' lang='lat' dir='ltr'><strong>quaecumque</strong></span> <span class='ocrx_word' id='word_1_395' title='bbox 498 3172 533 3227; x_wconf 90' lang='lat' dir='ltr'><strong>de</strong></span> <span class='ocrx_word' id='word_1_396' title='bbox 551 3171 650 3227; x_wconf 73' lang='lat' dir='ltr'><strong>amulo</strong></span> <span class='ocrx_word' id='word_1_397' title='bbox 671 3172 777 3242; x_wconf 89' lang='lat' dir='ltr'><strong>produ·</strong></span> <span class='ocrx_word' id='word_1_398' title='bbox 831 3168 868 3224; x_wconf 91' lang='lat' dir='ltr'><strong>ris</strong></span> <span class='ocrx_word' id='word_1_399' title='bbox 894 3167 1061 3236; x_wconf 83' lang='lat' dir='ltr'><strong>inhaerebat,</strong></span> <span class='ocrx_word' id='word_1_400' title='bbox 1088 3167 1189 3225; x_wconf 88' lang='lat' dir='ltr'><strong>nullius</strong></span> <span class='ocrx_word' id='word_1_401' title='bbox 1215 3167 1405 3238; x_wconf 89' lang='lat' dir='ltr'><strong>sublimitatis,</strong></span> <span class='ocrx_word' id='word_1_402' title='bbox 1432 3173 1534 3230; x_wconf 91' lang='lat' dir='ltr'><strong>nullius</strong></span> <span class='ocrx_word' id='word_1_403' title='bbox 1561 3193 1628 3249; x_wconf 90' lang='lat' dir='ltr'><strong>pro·</strong></span> 
     </span>
     <span class='ocr_line' id='line_1_34' title="bbox 111 3254 1628 3340; baseline 0.007 -27"><span class='ocrx_word' id='word_1_404' title='bbox 111 3260 237 3331; x_wconf 64' lang='lat' dir='ltr'><strong>mutu,</strong></span> <span class='ocrx_word' id='word_1_405' title='bbox 258 3261 293 3318; x_wconf 91' lang='lat' dir='ltr'><strong>de</strong></span> <span class='ocrx_word' id='word_1_406' title='bbox 312 3277 382 3333; x_wconf 88' lang='lat' dir='ltr'><strong>aqua</strong></span> <span class='ocrx_word' id='word_1_407' title='bbox 400 3260 511 3328; x_wconf 89' lang='lat' dir='ltr'><strong>seilicet,</strong></span> <span class='ocrx_word' id='word_1_408' title='bbox 533 3260 646 3332; x_wconf 91' lang='lat' dir='ltr'><strong>perinde</strong></span> <span class='ocrx_word' id='word_1_409' title='bbox 666 3269 776 3318; x_wconf 89' lang='lat' dir='ltr'><strong>contra·</strong></span> <span class='ocrx_word' id='word_1_410' title='bbox 831 3254 974 3314; x_wconf 79' lang='lat' dir='ltr'><strong>subditatis</strong></span> <span class='ocrx_word' id='word_1_411' title='bbox 987 3255 1129 3328; x_wconf 87' lang='lat' dir='ltr'><strong>intrepida,</strong></span> <span class='ocrx_word' id='word_1_412' title='bbox 1143 3271 1259 3314; x_wconf 88' lang='lat' dir='ltr'><strong>ascensu</strong></span> <span class='ocrx_word' id='word_1_413' title='bbox 1273 3258 1353 3314; x_wconf 63' lang='lat' dir='ltr'><strong>mam</strong></span> <span class='ocrx_word' id='word_1_414' title='bbox 1374 3261 1508 3317; x_wconf 90' lang='lat' dir='ltr'><strong>scalarum</strong></span> <span class='ocrx_word' id='word_1_415' title='bbox 1528 3263 1628 3340; x_wconf 80' lang='lat' dir='ltr'><strong>fatiga·</strong></span> 
     </span>
     <span class='ocr_line' id='line_1_35' title="bbox 111 3344 1628 3424; baseline 0.005 -21"><span class='ocrx_word' id='word_1_416' title='bbox 111 3348 173 3411; x_wconf 71' lang='lat' dir='ltr'><strong>te³¹</strong></span> <span class='ocrx_word' id='word_1_417' title='bbox 186 3349 241 3420; x_wconf 92' lang='lat' dir='ltr'><strong>illa,</strong></span> <span class='ocrx_word' id='word_1_418' title='bbox 258 3365 318 3424; x_wconf 87' lang='lat' dir='ltr'><strong>quea</strong></span> <span class='ocrx_word' id='word_1_419' title='bbox 337 3350 412 3405; x_wconf 90' lang='lat' dir='ltr'><strong>arida</strong></span> <span class='ocrx_word' id='word_1_420' title='bbox 426 3359 454 3407; x_wconf 91' lang='lat' dir='ltr'><strong>et</strong></span> <span class='ocrx_word' id='word_1_421' title='bbox 474 3349 639 3407; x_wconf 83' lang='lat' dir='ltr'><strong>exsuccida:</strong></span> <span class='ocrx_word' id='word_1_422' title='bbox 654 3348 774 3423; x_wconf 90' lang='lat' dir='ltr'><strong>denique</strong></span> <span class='ocrx_word' id='word_1_423' title='bbox 827 3346 903 3415; x_wconf 90' lang='lat' dir='ltr'><strong>bilis,</strong></span> <span class='ocrx_word' id='word_1_424' title='bbox 931 3344 1076 3403; x_wconf 90' lang='lat' dir='ltr'><strong>submersu</strong></span> <span class='ocrx_word' id='word_1_425' title='bbox 1104 3344 1184 3402; x_wconf 88' lang='lat' dir='ltr'><strong>etiam</strong></span> <span class='ocrx_word' id='word_1_426' title='bbox 1213 3346 1379 3419; x_wconf 89' lang='lat' dir='ltr'><strong>piscinarum</strong></span> <span class='ocrx_word' id='word_1_427' title='bbox 1407 3352 1628 3423; x_wconf 74' lang='lat' dir='ltr'><strong>strangulabilis,</strong></span> 
     </span>
    </p>
   </div>
   <div class='ocr_carea' id='block_1_4' title="bbox 667 3476 940 3541">
    <p class='ocr_par' dir='ltr' id='par_1_6' title="bbox 667 3476 940 3541">
     <span class='ocr_line' id='line_1_36' title="bbox 667 3476 940 3541; baseline -0.018 -2"><span class='ocrx_word' id='word_1_428' title='bbox 667 3476 765 3541; x_wconf 79' lang='lat' dir='ltr'><strong>Variae</strong></span> <span class='ocrx_word' id='word_1_429' title='bbox 781 3476 940 3539; x_wconf 89' lang='lat' dir='ltr'><strong>lectiones.</strong></span> 
     </span>
    </p>
   </div>
   <div class='ocr_carea' id='block_1_5' title="bbox 111 3574 1626 3727">
    <p class='ocr_par' dir='ltr' id='par_1_7' title="bbox 111 3574 1626 3727">
     <span class='ocr_line' id='line_1_37' title="bbox 111 3574 1626 3653; baseline 0 -11"><span class='ocrx_word' id='word_1_430' title='bbox 111 3580 181 3642; x_wconf 69' lang='lat' dir='ltr'><strong>hest.</strong></span> <span class='ocrx_word' id='word_1_431' title='bbox 200 3579 226 3620; x_wconf 80' lang='lat'><strong>⁸⁹</strong></span> <span class='ocrx_word' id='word_1_432' title='bbox 238 3585 391 3640; x_wconf 89' lang='lat' dir='ltr'><strong>Patesceret</strong></span> <span class='ocrx_word' id='word_1_433' title='bbox 409 3583 541 3642; x_wconf 85' lang='lat' dir='ltr'><strong>Woawcr.</strong></span> <span class='ocrx_word' id='word_1_434' title='bbox 561 3580 681 3639; x_wconf 89' lang='lat' dir='ltr'><strong>conditio</strong></span> <span class='ocrx_word' id='word_1_435' title='bbox 708 3587 895 3653; x_wconf 90' lang='lat' dir='ltr'><strong>reputesceret</strong></span> <span class='ocrx_word' id='word_1_436' title='bbox 913 3577 1018 3637; x_wconf 79' lang='lat' dir='ltr'><strong>Pomef.</strong></span> <span class='ocrx_word' id='word_1_437' title='bbox 1045 3578 1134 3636; x_wconf 80' lang='lat' dir='ltr'><strong>liban.</strong></span> <span class='ocrx_word' id='word_1_438' title='bbox 1159 3574 1185 3619; x_wconf 77' lang='lat'><strong>⁷⁰</strong></span> <span class='ocrx_word' id='word_1_439' title='bbox 1202 3577 1316 3651; x_wconf 84' lang='lat' dir='ltr'><strong>Lapathi</strong></span> <span class='ocrx_word' id='word_1_440' title='bbox 1334 3582 1417 3642; x_wconf 86' lang='lat' dir='ltr'><strong>Pam.</strong></span> <span class='ocrx_word' id='word_1_441' title='bbox 1432 3583 1522 3644; x_wconf 77' lang='lat' dir='ltr'><strong>ulan.</strong></span> <span class='ocrx_word' id='word_1_442' title='bbox 1546 3586 1626 3644; x_wconf 86' lang='lat' dir='ltr'><strong>Pam.</strong></span> 
     </span>
     <span class='ocr_line' id='line_1_38' title="bbox 111 3648 1376 3727; baseline -0.003 -13"><span class='ocrx_word' id='word_1_443' title='bbox 111 3656 152 3715; x_wconf 77' lang='lat' dir='ltr'><strong>&#39;fa</strong></span> <span class='ocrx_word' id='word_1_444' title='bbox 166 3652 229 3713; x_wconf 83' lang='lat' dir='ltr'><strong>licat</strong></span> <span class='ocrx_word' id='word_1_445' title='bbox 241 3655 284 3711; x_wconf 91' lang='lat' dir='ltr'><strong>bis</strong></span> <span class='ocrx_word' id='word_1_446' title='bbox 296 3653 359 3711; x_wconf 89' lang='lat' dir='ltr'><strong>elati</strong></span> <span class='ocrx_word' id='word_1_447' title='bbox 373 3655 435 3712; x_wconf 82' lang='lat' dir='ltr'><strong>Lat.</strong></span> <span class='ocrx_word' id='word_1_448' title='bbox 451 3665 478 3711; x_wconf 89' lang='lat' dir='ltr'><strong>et</strong></span> <span class='ocrx_word' id='word_1_449' title='bbox 495 3655 583 3727; x_wconf 86' lang='lat' dir='ltr'><strong>lappae</strong></span> <span class='ocrx_word' id='word_1_450' title='bbox 597 3654 664 3711; x_wconf 77' lang='lat' dir='ltr'><strong>fun.</strong></span> <span class='ocrx_word' id='word_1_451' title='bbox 682 3651 706 3691; x_wconf 67' lang='grc' dir='ltr'><strong>Ἡ</strong></span> <span class='ocrx_word' id='word_1_452' title='bbox 722 3654 806 3725; x_wconf 84' lang='lat' dir='ltr'><strong>hqnae</strong></span> <span class='ocrx_word' id='word_1_453' title='bbox 821 3653 887 3710; x_wconf 80' lang='lat' dir='ltr'><strong>fun.</strong></span> <span class='ocrx_word' id='word_1_454' title='bbox 903 3649 928 3689; x_wconf 66' lang='grc' dir='ltr'><strong><em>Ὦ</em></strong></span> <span class='ocrx_word' id='word_1_455' title='bbox 943 3648 1176 3709; x_wconf 71' lang='grc' dir='ltr'><strong>ΝονοτίιηΡατιέ.</strong></span> <span class='ocrx_word' id='word_1_456' title='bbox 1195 3651 1291 3710; x_wconf 80' lang='lat' dir='ltr'><strong>delen.</strong></span> <span class='ocrx_word' id='word_1_457' title='bbox 1309 3653 1376 3711; x_wconf 77' lang='lat' dir='ltr'><strong>fen.</strong></span> 
     </span>
    </p>
   </div>
   <div class='ocr_carea' id='block_1_6' title="bbox 684 3777 934 3843">
    <p class='ocr_par' dir='ltr' id='par_1_8' title="bbox 684 3777 934 3843">
     <span class='ocr_line' id='line_1_39' title="bbox 684 3777 934 3843; baseline -0.004 0"><span class='ocrx_word' id='word_1_458' title='bbox 684 3777 934 3843; x_wconf 86' lang='lat' dir='ltr'><strong>Commentarius.</strong></span> 
     </span>
    </p>
   </div>
   <div class='ocr_carea' id='block_1_7' title="bbox 111 3880 1633 5167">
    <p class='ocr_par' dir='ltr' id='par_1_9' title="bbox 111 3880 1633 5167">
     <span class='ocr_line' id='line_1_40' title="bbox 111 3880 1547 3963; baseline 0.001 -18"><span class='ocrx_word' id='word_1_459' title='bbox 111 3884 151 3945; x_wconf 68' lang='grc' dir='ltr'><strong>Ισί</strong></span> <span class='ocrx_word' id='word_1_460' title='bbox 172 3900 240 3953; x_wconf 70' lang='lat' dir='ltr'><strong>ttae,</strong></span> <span class='ocrx_word' id='word_1_461' title='bbox 267 3885 360 3941; x_wconf 84' lang='lat' dir='ltr'><strong>scribit</strong></span> <span class='ocrx_word' id='word_1_462' title='bbox 383 3885 556 3954; x_wconf 61' lang='lat' dir='ltr'><strong>lamblichus</strong></span> <span class='ocrx_word' id='word_1_463' title='bbox 575 3901 635 3957; x_wconf 85' lang='lat' dir='ltr'><strong>cap.</strong></span> <span class='ocrx_word' id='word_1_464' title='bbox 658 3888 701 3952; x_wconf 78' lang='lat' dir='ltr'><strong>st,</strong></span> <span class='ocrx_word' id='word_1_465' title='bbox 722 3885 768 3940; x_wconf 87' lang='lat' dir='ltr'><strong>ubi</strong></span> <span class='ocrx_word' id='word_1_466' title='bbox 893 3884 963 3954; x_wconf 81' lang='grc' dir='ltr'>’Ἤδη</span> <span class='ocrx_word' id='word_1_467' title='bbox 975 3883 1025 3957; x_wconf 70' lang='grc' dir='ltr'><strong>γάρ</strong></span> <span class='ocrx_word' id='word_1_468' title='bbox 1037 3883 1094 3937; x_wconf 81' lang='grc' dir='ltr'>ποτ’</span> <span class='ocrx_word' id='word_1_469' title='bbox 1110 3880 1157 3955; x_wconf 69' lang='lat' dir='ltr'><strong>tph</strong></span> <span class='ocrx_word' id='word_1_470' title='bbox 1171 3885 1277 3957; x_wconf 73' lang='grc' dir='ltr'><strong>γενόμην</strong></span> <span class='ocrx_word' id='word_1_471' title='bbox 1290 3888 1366 3960; x_wconf 79' lang='grc' dir='ltr'><strong>κούρη</strong></span> <span class='ocrx_word' id='word_1_472' title='bbox 1379 3907 1406 3943; x_wconf 80' lang='grc' dir='ltr'><strong>τε</strong></span> <span class='ocrx_word' id='word_1_473' title='bbox 1418 3890 1492 3963; x_wconf 79' lang='grc' dir='ltr'><strong>κόρος</strong></span> <span class='ocrx_word' id='word_1_474' title='bbox 1510 3910 1547 3959; x_wconf 79' lang='grc' dir='ltr'><strong>τε,</strong></span> 
     </span>
     <span class='ocr_line' id='line_1_41' title="bbox 111 3953 1545 4031; baseline -0.002 -16"><span class='ocrx_word' id='word_1_475' title='bbox 111 3955 227 4015; x_wconf 72' lang='lat' dir='ltr'><strong>madum</strong></span> <span class='ocrx_word' id='word_1_476' title='bbox 258 3958 421 4029; x_wconf 75' lang='lat' dir='ltr'><strong>Pythagora</strong></span> <span class='ocrx_word' id='word_1_477' title='bbox 450 3957 600 4028; x_wconf 88' lang='lat' dir='ltr'><strong>discipulos</strong></span> <span class='ocrx_word' id='word_1_478' title='bbox 635 3956 662 4012; x_wconf 89' lang='lat' dir='ltr'><strong>fu</strong></span> <span class='ocrx_word' id='word_1_479' title='bbox 684 3957 770 4013; x_wconf 89' lang='lat' dir='ltr'><strong>ientes</strong></span> <span class='ocrx_word' id='word_1_480' title='bbox 896 3956 993 4028; x_wconf 69' lang='grc' dir='ltr'><strong>θάμνος</strong></span> <span class='ocrx_word' id='word_1_481' title='bbox 1006 3957 1028 4010; x_wconf 81' lang='grc' dir='ltr'><strong>τ’</strong></span> <span class='ocrx_word' id='word_1_482' title='bbox 1042 3953 1126 4015; x_wconf 80' lang='grc' dir='ltr'>οἰωνός</span> <span class='ocrx_word' id='word_1_483' title='bbox 1140 3973 1179 4021; x_wconf 80' lang='lat' dir='ltr'><strong>ra,</strong></span> <span class='ocrx_word' id='word_1_484' title='bbox 1194 3957 1235 4008; x_wconf 74' lang='grc' dir='ltr'><strong>καὶ</strong></span> <span class='ocrx_word' id='word_1_485' title='bbox 1248 3955 1281 4010; x_wconf 82' lang='lat' dir='ltr'><strong>ab</strong></span> <span class='ocrx_word' id='word_1_486' title='bbox 1295 3957 1337 4011; x_wconf 72' lang='lat' dir='ltr'><strong>tut</strong></span> <span class='ocrx_word' id='word_1_487' title='bbox 1351 3959 1456 4024; x_wconf 71' lang='grc' dir='ltr'>ῐλλοπος</span> <span class='ocrx_word' id='word_1_488' title='bbox 1470 3963 1545 4031; x_wconf 68' lang='grc' dir='ltr'><strong>ἰχθύς,</strong></span> 
     </span>
     <span class='ocr_line' id='line_1_42' title="bbox 111 3973 1626 4110; baseline 0.005 -25"><span class='ocrx_word' id='word_1_489' title='bbox 111 4018 221 4101; x_wconf 74' lang='lat' dir='ltr'><strong>lfonpsii</strong></span> <span class='ocrx_word' id='word_1_490' title='bbox 247 4031 362 4108; x_wconf 35' lang='lat' dir='ltr'><strong>tyranni·</strong></span> <span class='ocrx_word' id='word_1_491' title='bbox 379 4028 507 4085; x_wconf 90' lang='lat' dir='ltr'><strong>incidisse</strong></span> <span class='ocrx_word' id='word_1_492' title='bbox 528 4043 593 4084; x_wconf 89' lang='lat' dir='ltr'><strong>casu</strong></span> <span class='ocrx_word' id='word_1_493' title='bbox 611 4028 639 4082; x_wconf 91' lang='lat' dir='ltr'><strong>iu</strong></span> <span class='ocrx_word' id='word_1_494' title='bbox 662 3973 768 4096; x_wconf 49' lang='lat' dir='ltr'><strong>fabalia,</strong></span> <span class='ocrx_word' id='word_1_495' title='bbox 824 4026 953 4109; x_wconf 81' lang='lat' dir='ltr'><strong>chalcidii</strong></span> <span class='ocrx_word' id='word_1_496' title='bbox 987 4028 1154 4106; x_wconf 82' lang='lat' dir='ltr'><strong>versionem,</strong></span> <span class='ocrx_word' id='word_1_497' title='bbox 1184 4025 1315 4110; x_wconf 82' lang='lat' dir='ltr'><strong>hactenus</strong></span> <span class='ocrx_word' id='word_1_498' title='bbox 1349 4030 1422 4088; x_wconf 79' lang='lat' dir='ltr'><strong>fmlu</strong></span> <span class='ocrx_word' id='word_1_499' title='bbox 1454 4044 1626 4107; x_wconf 88' lang='lat' dir='ltr'><strong>corruptam,</strong></span> 
     </span>
     <span class='ocr_line' id='line_1_43' title="bbox 111 4095 1496 4166; baseline 0.001 -9"><span class='ocrx_word' id='word_1_500' title='bbox 111 4100 143 4157; x_wconf 82' lang='lat' dir='ltr'><strong>sti</strong></span> <span class='ocrx_word' id='word_1_501' title='bbox 155 4110 301 4166; x_wconf 88' lang='lat' dir='ltr'><strong>memores,</strong></span> <span class='ocrx_word' id='word_1_502' title='bbox 317 4109 344 4155; x_wconf 88' lang='lat' dir='ltr'><strong>et</strong></span> <span class='ocrx_word' id='word_1_503' title='bbox 356 4099 424 4154; x_wconf 84' lang='lat' dir='ltr'><strong>illud</strong></span> <span class='ocrx_word' id='word_1_504' title='bbox 441 4100 542 4155; x_wconf 89' lang='lat' dir='ltr'><strong>violare</strong></span> <span class='ocrx_word' id='word_1_505' title='bbox 556 4098 688 4166; x_wconf 89' lang='lat' dir='ltr'><strong>nolentes,</strong></span> <span class='ocrx_word' id='word_1_506' title='bbox 703 4099 770 4155; x_wconf 90' lang='lat' dir='ltr'><strong>sub·</strong></span> <span class='ocrx_word' id='word_1_507' title='bbox 823 4104 931 4154; x_wconf 83' lang='lat' dir='ltr'><strong>restitui</strong></span> <span class='ocrx_word' id='word_1_508' title='bbox 944 4095 1044 4154; x_wconf 85' lang='lat' dir='ltr'><strong>debere</strong></span> <span class='ocrx_word' id='word_1_509' title='bbox 1058 4098 1219 4153; x_wconf 88' lang='lat' dir='ltr'><strong>arbitramur</strong></span> <span class='ocrx_word' id='word_1_510' title='bbox 1234 4114 1262 4153; x_wconf 81' lang='lat' dir='ltr'><strong>an</strong></span> <span class='ocrx_word' id='word_1_511' title='bbox 1277 4099 1347 4155; x_wconf 92' lang='lat' dir='ltr'><strong>hunc</strong></span> <span class='ocrx_word' id='word_1_512' title='bbox 1360 4103 1472 4160; x_wconf 88' lang='lat' dir='ltr'><strong>modum</strong></span> <span class='ocrx_word' id='word_1_513' title='bbox 1488 4121 1496 4158; x_wconf 91' lang='lat'><strong>:</strong></span> 
     </span>
     <span class='ocr_line' id='line_1_44' title="bbox 111 4168 1575 4252; baseline 0.002 -10"><span class='ocrx_word' id='word_1_514' title='bbox 111 4168 208 4252; x_wconf 55' lang='lat' dir='ltr'><strong>lim?</strong></span> <span class='ocrx_word' id='word_1_515' title='bbox 225 4171 284 4251; x_wconf 51' lang='lat'><strong>&amp;3⁸¹</strong></span> <span class='ocrx_word' id='word_1_516' title='bbox 301 4170 415 4252; x_wconf 51' lang='lat' dir='ltr'><strong>“³⁰⁸1ss</strong></span> <span class='ocrx_word' id='word_1_517' title='bbox 434 4186 482 4241; x_wconf 69' lang='lat' dir='ltr'><em>W</em></span> <span class='ocrx_word' id='word_1_518' title='bbox 495 4168 601 4250; x_wconf 48' lang='lat' dir='ltr'><strong>filiali&amp;</strong></span> <span class='ocrx_word' id='word_1_519' title='bbox 616 4170 666 4224; x_wconf 70' lang='lat' dir='ltr'><strong>⁸²d</strong></span> <span class='ocrx_word' id='word_1_520' title='bbox 680 4170 771 4239; x_wconf 71' lang='lat' dir='ltr'><strong>votius</strong></span> <span class='ocrx_word' id='word_1_521' title='bbox 870 4183 984 4247; x_wconf 83' lang='lat' dir='ltr'><strong>Namque</strong></span> <span class='ocrx_word' id='word_1_522' title='bbox 1000 4197 1044 4247; x_wconf 76' lang='lat' dir='ltr'><strong>epo</strong></span> <span class='ocrx_word' id='word_1_523' title='bbox 1058 4181 1208 4247; x_wconf 85' lang='lat' dir='ltr'><strong>jamdudum</strong></span> <span class='ocrx_word' id='word_1_524' title='bbox 1222 4184 1277 4234; x_wconf 82' lang='lat' dir='ltr'><strong>vixi</strong></span> <span class='ocrx_word' id='word_1_525' title='bbox 1288 4199 1352 4248; x_wconf 90' lang='lat' dir='ltr'><strong>puer</strong></span> <span class='ocrx_word' id='word_1_526' title='bbox 1366 4196 1389 4239; x_wconf 91' lang='lat' dir='ltr'><strong>et</strong></span> <span class='ocrx_word' id='word_1_527' title='bbox 1403 4190 1489 4241; x_wconf 87' lang='lat' dir='ltr'><strong>solida</strong></span> <span class='ocrx_word' id='word_1_528' title='bbox 1499 4192 1575 4245; x_wconf 84' lang='lat' dir='ltr'><strong>arbos</strong></span> 
     </span>
     <span class='ocr_line' id='line_1_45' title="bbox 111 4232 1584 4320; baseline 0.001 -23"><span class='ocrx_word' id='word_1_529' title='bbox 111 4241 259 4299; x_wconf 61' lang='lat' dir='ltr'><strong>trucidari</strong></span> <span class='ocrx_word' id='word_1_530' title='bbox 274 4248 301 4296; x_wconf 93' lang='lat' dir='ltr'><strong>et</strong></span> <span class='ocrx_word' id='word_1_531' title='bbox 314 4243 402 4298; x_wconf 89' lang='lat' dir='ltr'><strong>obrui.</strong></span> <span class='ocrx_word' id='word_1_532' title='bbox 418 4240 500 4297; x_wconf 86' lang='lat' dir='ltr'><strong>Solus</strong></span> <span class='ocrx_word' id='word_1_533' title='bbox 514 4241 733 4320; x_wconf 88' lang='lat' dir='ltr'><strong>llylhascaptus,</strong></span> <span class='ocrx_word' id='word_1_534' title='bbox 744 4246 771 4294; x_wconf 90' lang='lat' dir='ltr'><strong>et</strong></span> <span class='ocrx_word' id='word_1_535' title='bbox 871 4246 939 4305; x_wconf 74' lang='lat' dir='ltr'><strong>Ales,</strong></span> <span class='ocrx_word' id='word_1_536' title='bbox 956 4253 981 4295; x_wconf 86' lang='lat' dir='ltr'><strong>st</strong></span> <span class='ocrx_word' id='word_1_537' title='bbox 994 4259 1025 4294; x_wconf 83' lang='lat' dir='ltr'><strong>ax</strong></span> <span class='ocrx_word' id='word_1_538' title='bbox 1042 4245 1117 4294; x_wconf 78' lang='lat' dir='ltr'><strong>undm</strong></span> <span class='ocrx_word' id='word_1_539' title='bbox 1132 4242 1236 4304; x_wconf 88' lang='lat' dir='ltr'><strong>animal,</strong></span> <span class='ocrx_word' id='word_1_540' title='bbox 1251 4253 1304 4297; x_wconf 89' lang='lat' dir='ltr'><strong>tum</strong></span> <span class='ocrx_word' id='word_1_541' title='bbox 1320 4248 1402 4298; x_wconf 85' lang='lat' dir='ltr'><strong>lactea</strong></span> <span class='ocrx_word' id='word_1_542' title='bbox 1416 4252 1498 4314; x_wconf 73' lang='lat' dir='ltr'><strong>virga.</strong></span> <span class='ocrx_word' id='word_1_543' title='bbox 1577 4232 1584 4257; x_wconf 92' lang='grc'><strong>’</strong></span> 
     </span>
     <span class='ocr_line' id='line_1_46' title="bbox 111 4307 1625 4381; baseline -0.004 -12"><span class='ocrx_word' id='word_1_544' title='bbox 111 4326 177 4369; x_wconf 74' lang='lat' dir='ltr'><strong>um</strong></span> <span class='ocrx_word' id='word_1_545' title='bbox 196 4312 304 4381; x_wconf 90' lang='lat' dir='ltr'><strong>ductus,</strong></span> <span class='ocrx_word' id='word_1_546' title='bbox 319 4328 373 4368; x_wconf 93' lang='lat' dir='ltr'><strong>non</strong></span> <span class='ocrx_word' id='word_1_547' title='bbox 392 4311 504 4367; x_wconf 89' lang='lat' dir='ltr'><strong>minoris</strong></span> <span class='ocrx_word' id='word_1_548' title='bbox 522 4311 685 4367; x_wconf 82' lang='lat' dir='ltr'><strong>fortitudinis</strong></span> <span class='ocrx_word' id='word_1_549' title='bbox 703 4326 770 4381; x_wconf 92' lang='lat' dir='ltr'><strong>spe·</strong></span> <span class='ocrx_word' id='word_1_550' title='bbox 825 4309 856 4364; x_wconf 92' lang='lat' dir='ltr'><strong>In</strong></span> <span class='ocrx_word' id='word_1_551' title='bbox 878 4307 1029 4379; x_wconf 88' lang='lat' dir='ltr'><strong>posteriore</strong></span> <span class='ocrx_word' id='word_1_552' title='bbox 1051 4318 1139 4363; x_wconf 88' lang='lat' dir='ltr'><strong>autem</strong></span> <span class='ocrx_word' id='word_1_553' title='bbox 1161 4321 1242 4369; x_wconf 71' lang='lat' dir='ltr'><strong>versu</strong></span> <span class='ocrx_word' id='word_1_554' title='bbox 1266 4308 1393 4380; x_wconf 85' lang='lat' dir='ltr'><strong>Cyrillus,</strong></span> <span class='ocrx_word' id='word_1_555' title='bbox 1420 4314 1467 4369; x_wconf 90' lang='lat' dir='ltr'><strong>lib.</strong></span> <span class='ocrx_word' id='word_1_556' title='bbox 1499 4331 1546 4374; x_wconf 84' lang='lat' dir='ltr'><strong>viu</strong></span> <span class='ocrx_word' id='word_1_557' title='bbox 1570 4320 1625 4377; x_wconf 90' lang='lat' dir='ltr'><strong>od.</strong></span> 
     </span>
     <span class='ocr_line' id='line_1_47' title="bbox 111 4376 1625 4464; baseline 0 -23"><span class='ocrx_word' id='word_1_558' title='bbox 111 4382 157 4441; x_wconf 74' lang='lat' dir='ltr'><strong>tulit</strong></span> <span class='ocrx_word' id='word_1_559' title='bbox 169 4399 178 4438; x_wconf 75' lang='grc' dir='ltr'><strong>ι</strong></span> <span class='ocrx_word' id='word_1_560' title='bbox 192 4398 256 4438; x_wconf 89' lang='lat' dir='ltr'><strong>nam</strong></span> <span class='ocrx_word' id='word_1_561' title='bbox 270 4395 379 4456; x_wconf 82' lang='lat' dir='ltr'><strong>rogatus</strong></span> <span class='ocrx_word' id='word_1_562' title='bbox 392 4399 408 4437; x_wconf 89' lang='lat' dir='ltr'><strong>a</strong></span> <span class='ocrx_word' id='word_1_563' title='bbox 422 4382 564 4452; x_wconf 78' lang='lat' dir='ltr'><strong>Dionysio,</strong></span> <span class='ocrx_word' id='word_1_564' title='bbox 576 4398 625 4438; x_wconf 91' lang='lat' dir='ltr'><strong>cur</strong></span> <span class='ocrx_word' id='word_1_565' title='bbox 638 4379 703 4438; x_wconf 92' lang='lat' dir='ltr'><strong>socii</strong></span> <span class='ocrx_word' id='word_1_566' title='bbox 716 4397 773 4436; x_wconf 91' lang='lat' dir='ltr'><strong>ma·</strong></span> <span class='ocrx_word' id='word_1_567' title='bbox 825 4396 923 4436; x_wconf 83' lang='lat' dir='ltr'><strong>versos</strong></span> <span class='ocrx_word' id='word_1_568' title='bbox 937 4379 1008 4446; x_wconf 76' lang='lat' dir='ltr'><strong>fath,</strong></span> <span class='ocrx_word' id='word_1_569' title='bbox 1022 4376 1123 4452; x_wconf 77' lang='lat' dir='ltr'><strong>legisse</strong></span> <span class='ocrx_word' id='word_1_570' title='bbox 1142 4382 1246 4438; x_wconf 83' lang='lat' dir='ltr'><strong>videtur</strong></span> <span class='ocrx_word' id='word_1_571' title='bbox 1261 4381 1303 4432; x_wconf 79' lang='grc' dir='ltr'><strong>καὶ</strong></span> <span class='ocrx_word' id='word_1_572' title='bbox 1316 4379 1350 4434; x_wconf 79' lang='grc' dir='ltr'><strong>εἰν</strong></span> <span class='ocrx_word' id='word_1_573' title='bbox 1366 4381 1406 4435; x_wconf 75' lang='lat' dir='ltr'><strong>tat</strong></span> <span class='ocrx_word' id='word_1_574' title='bbox 1421 4384 1533 4458; x_wconf 72' lang='grc' dir='ltr'><strong>φαίδιμος</strong></span> <span class='ocrx_word' id='word_1_575' title='bbox 1549 4387 1625 4464; x_wconf 60' lang='grc' dir='ltr'><strong>ἰχθὺς.</strong></span> 
     </span>
     <span class='ocr_line' id='line_1_48' title="bbox 111 4452 1129 4526; baseline -0.006 -15"><span class='ocrx_word' id='word_1_576' title='bbox 111 4455 181 4521; x_wconf 76' lang='lat' dir='ltr'><strong>ueri,</strong></span> <span class='ocrx_word' id='word_1_577' title='bbox 202 4469 284 4526; x_wconf 87' lang='lat' dir='ltr'><strong>qnam</strong></span> <span class='ocrx_word' id='word_1_578' title='bbox 308 4455 385 4509; x_wconf 91' lang='lat' dir='ltr'><strong>fabas</strong></span> <span class='ocrx_word' id='word_1_579' title='bbox 407 4455 575 4521; x_wconf 88' lang='lat' dir='ltr'><strong>conculcare,</strong></span> <span class='ocrx_word' id='word_1_580' title='bbox 601 4452 738 4521; x_wconf 85' lang='lat' dir='ltr'><strong>respondit</strong></span> <span class='ocrx_word' id='word_1_581' title='bbox 763 4469 770 4505; x_wconf 75' lang='grc' dir='ltr'><strong>ι</strong></span> <span class='ocrx_word' id='word_1_582' title='bbox 826 4452 928 4508; x_wconf 81' lang='lat' dir='ltr'><strong>hsPu.</strong></span> <span class='ocrx_word' id='word_1_583' title='bbox 1122 4510 1129 4524; x_wconf 58' lang='lat'>‚</span> 
     </span>
     <span class='ocr_line' id='line_1_49' title="bbox 111 4520 1627 4617; baseline 0.004 -34"><span class='ocrx_word' id='word_1_584' title='bbox 111 4522 187 4583; x_wconf 79' lang='lat' dir='ltr'><strong>idem</strong></span> <span class='ocrx_word' id='word_1_585' title='bbox 203 4526 388 4593; x_wconf 89' lang='lat' dir='ltr'><strong>substiterunt,</strong></span> <span class='ocrx_word' id='word_1_586' title='bbox 409 4539 443 4580; x_wconf 91' lang='lat' dir='ltr'><strong>ne</strong></span> <span class='ocrx_word' id='word_1_587' title='bbox 465 4523 540 4580; x_wconf 89' lang='lat' dir='ltr'><strong>fabas</strong></span> <span class='ocrx_word' id='word_1_588' title='bbox 561 4524 765 4592; x_wconf 89' lang='lat' dir='ltr'><strong>conculcareut;</strong></span> <span class='ocrx_word' id='word_1_589' title='bbox 784 4539 807 4617; x_wconf 68' lang='lat' dir='ltr'>n</span> <span class='ocrx_word' id='word_1_590' title='bbox 858 4523 895 4595; x_wconf 80' lang='lat' dir='ltr'><strong>(t)</strong></span> <span class='ocrx_word' id='word_1_591' title='bbox 907 4522 947 4578; x_wconf 81' lang='lat' dir='ltr'><strong>Et</strong></span> <span class='ocrx_word' id='word_1_592' title='bbox 960 4520 1204 4581; x_wconf 78' lang='lat' dir='ltr'><strong>chamaeleontem</strong></span> <span class='ocrx_word' id='word_1_593' title='bbox 1217 4525 1346 4595; x_wconf 72' lang='lat' dir='ltr'><strong>inflatas.</strong></span> <span class='ocrx_word' id='word_1_594' title='bbox 1361 4525 1535 4597; x_wconf 85' lang='lat' dir='ltr'><strong>Empedoclis</strong></span> <span class='ocrx_word' id='word_1_595' title='bbox 1550 4547 1627 4590; x_wconf 85' lang='lat' dir='ltr'><strong>arro·</strong></span> 
     </span>
     <span class='ocr_line' id='line_1_50' title="bbox 111 4593 1628 4670; baseline 0.003 -18"><span class='ocrx_word' id='word_1_596' title='bbox 111 4612 137 4655; x_wconf 84' lang='lat' dir='ltr'><strong>ts</strong></span> <span class='ocrx_word' id='word_1_597' title='bbox 148 4604 263 4652; x_wconf 84' lang='lat' dir='ltr'><strong>mortain</strong></span> <span class='ocrx_word' id='word_1_598' title='bbox 277 4597 395 4670; x_wconf 77' lang='lat' dir='ltr'><strong>elegero,</strong></span> <span class='ocrx_word' id='word_1_599' title='bbox 407 4611 487 4667; x_wconf 88' lang='lat' dir='ltr'><strong>quam</strong></span> <span class='ocrx_word' id='word_1_600' title='bbox 501 4596 583 4665; x_wconf 76' lang='lat' dir='ltr'><strong>liuius</strong></span> <span class='ocrx_word' id='word_1_601' title='bbox 596 4595 645 4651; x_wconf 93' lang='lat' dir='ltr'><strong>tibi</strong></span> <span class='ocrx_word' id='word_1_602' title='bbox 659 4609 768 4651; x_wconf 84' lang='lat' dir='ltr'><strong>causam</strong></span> <span class='ocrx_word' id='word_1_603' title='bbox 823 4596 942 4666; x_wconf 76' lang='lat' dir='ltr'><strong>gantiam</strong></span> <span class='ocrx_word' id='word_1_604' title='bbox 970 4601 997 4649; x_wconf 91' lang='lat' dir='ltr'><strong>et</strong></span> <span class='ocrx_word' id='word_1_605' title='bbox 1023 4594 1140 4666; x_wconf 67' lang='grc' dir='ltr'><strong>τραγικὸν</strong></span> <span class='ocrx_word' id='word_1_606' title='bbox 1166 4600 1244 4667; x_wconf 73' lang='grc' dir='ltr'>τῦφον</span> <span class='ocrx_word' id='word_1_607' title='bbox 1263 4593 1388 4667; x_wconf 87' lang='lat' dir='ltr'><strong>plerique</strong></span> <span class='ocrx_word' id='word_1_608' title='bbox 1406 4602 1529 4655; x_wconf 67' lang='lat' dir='ltr'><strong>veoerum</strong></span> <span class='ocrx_word' id='word_1_609' title='bbox 1552 4612 1628 4661; x_wconf 76' lang='lat' dir='ltr'><strong>nom-</strong></span> 
     </span>
     <span class='ocr_line' id='line_1_51' title="bbox 111 4665 1020 4741; baseline -0.004 -17"><span class='ocrx_word' id='word_1_610' title='bbox 111 4668 262 4741; x_wconf 79' lang='lat' dir='ltr'><strong>‚quamob</strong></span> <span class='ocrx_word' id='word_1_611' title='bbox 278 4684 334 4722; x_wconf 91' lang='lat' dir='ltr'><strong>rem</strong></span> <span class='ocrx_word' id='word_1_612' title='bbox 349 4668 424 4722; x_wconf 85' lang='lat' dir='ltr'><strong>fabas</strong></span> <span class='ocrx_word' id='word_1_613' title='bbox 436 4669 593 4724; x_wconf 89' lang='lat' dir='ltr'><strong>conculcare</strong></span> <span class='ocrx_word' id='word_1_614' title='bbox 609 4666 737 4722; x_wconf 88' lang='lat' dir='ltr'><strong>nolimus.</strong></span> <span class='ocrx_word' id='word_1_615' title='bbox 755 4682 767 4718; x_wconf 76' lang='lat' dir='ltr'><strong>a</strong></span> <span class='ocrx_word' id='word_1_616' title='bbox 824 4681 895 4723; x_wconf 84' lang='lat' dir='ltr'><strong>vere.</strong></span> <span class='ocrx_word' id='word_1_617' title='bbox 912 4666 952 4720; x_wconf 81' lang='lat' dir='ltr'><strong>hs</strong></span> <span class='ocrx_word' id='word_1_618' title='bbox 970 4665 1020 4721; x_wconf 87' lang='lat' dir='ltr'><strong>Ptt.</strong></span> 
     </span>
     <span class='ocr_line' id='line_1_52' title="bbox 111 4735 1629 4812; baseline 0.003 -15"><span class='ocrx_word' id='word_1_619' title='bbox 111 4750 195 4811; x_wconf 81' lang='lat' dir='ltr'><strong>toque</strong></span> <span class='ocrx_word' id='word_1_620' title='bbox 209 4741 396 4812; x_wconf 75' lang='lat' dir='ltr'><strong>Pythagoram,</strong></span> <span class='ocrx_word' id='word_1_621' title='bbox 412 4748 441 4794; x_wconf 94' lang='lat' dir='ltr'><strong>ut</strong></span> <span class='ocrx_word' id='word_1_622' title='bbox 454 4740 545 4795; x_wconf 90' lang='lat' dir='ltr'><strong>scribit</strong></span> <span class='ocrx_word' id='word_1_623' title='bbox 564 4739 644 4795; x_wconf 87' lang='lat' dir='ltr'><strong>etiam</strong></span> <span class='ocrx_word' id='word_1_624' title='bbox 663 4736 769 4805; x_wconf 88' lang='lat' dir='ltr'><strong>Suidas,</strong></span> <span class='ocrx_word' id='word_1_625' title='bbox 863 4737 901 4808; x_wconf 84' lang='lat' dir='ltr'><strong>(b)</strong></span> <span class='ocrx_word' id='word_1_626' title='bbox 922 4735 1034 4793; x_wconf 67' lang='lat' dir='ltr'><strong>luctet</strong></span> <span class='ocrx_word' id='word_1_627' title='bbox 1052 4739 1082 4794; x_wconf 86' lang='lat' dir='ltr'><strong>ef</strong></span> <span class='ocrx_word' id='word_1_628' title='bbox 1099 4740 1216 4811; x_wconf 83' lang='lat' dir='ltr'><strong>raptim.</strong></span> <span class='ocrx_word' id='word_1_629' title='bbox 1237 4737 1294 4793; x_wconf 88' lang='lat' dir='ltr'><strong>Hoc</strong></span> <span class='ocrx_word' id='word_1_630' title='bbox 1312 4745 1373 4794; x_wconf 89' lang='lat' dir='ltr'><strong>est:</strong></span> <span class='ocrx_word' id='word_1_631' title='bbox 1401 4735 1521 4796; x_wconf 86' lang='lat' dir='ltr'><strong>Sufficiet</strong></span> <span class='ocrx_word' id='word_1_632' title='bbox 1542 4742 1629 4801; x_wconf 91' lang='lat' dir='ltr'><strong>obiter</strong></span> 
     </span>
     <span class='ocr_line' id='line_1_53' title="bbox 111 4807 1628 4882; baseline 0 -15"><span class='ocrx_word' id='word_1_633' title='bbox 111 4809 258 4867; x_wconf 70' lang='lat' dir='ltr'><strong>musmo</strong></span> <span class='ocrx_word' id='word_1_634' title='bbox 274 4817 499 4881; x_wconf 86' lang='lat' dir='ltr'><strong>persequerentur</strong></span> <span class='ocrx_word' id='word_1_635' title='bbox 516 4827 579 4866; x_wconf 86' lang='lat' dir='ltr'><strong>erim</strong></span> <span class='ocrx_word' id='word_1_636' title='bbox 599 4813 702 4873; x_wconf 86' lang='lat' dir='ltr'><strong>hostes.</strong></span> <span class='ocrx_word' id='word_1_637' title='bbox 724 4810 773 4867; x_wconf 90' lang='lat' dir='ltr'><strong>ubi</strong></span> <span class='ocrx_word' id='word_1_638' title='bbox 829 4807 1030 4882; x_wconf 79' lang='lat' dir='ltr'><strong>perstrinxisse.</strong></span> <span class='ocrx_word' id='word_1_639' title='bbox 1056 4809 1161 4865; x_wconf 78' lang='lat' dir='ltr'><strong>Etenim</strong></span> <span class='ocrx_word' id='word_1_640' title='bbox 1185 4819 1237 4865; x_wconf 77' lang='lat' dir='ltr'><strong>mm</strong></span> <span class='ocrx_word' id='word_1_641' title='bbox 1260 4807 1372 4864; x_wconf 87' lang='lat' dir='ltr'><strong>ridicula</strong></span> <span class='ocrx_word' id='word_1_642' title='bbox 1391 4819 1465 4879; x_wconf 89' lang='lat' dir='ltr'><strong>suut,</strong></span> <span class='ocrx_word' id='word_1_643' title='bbox 1486 4821 1516 4869; x_wconf 90' lang='lat' dir='ltr'><strong>ut</strong></span> <span class='ocrx_word' id='word_1_644' title='bbox 1533 4815 1576 4869; x_wconf 87' lang='lat' dir='ltr'><strong>vel</strong></span> <span class='ocrx_word' id='word_1_645' title='bbox 1600 4815 1628 4871; x_wconf 92' lang='lat' dir='ltr'><strong>in</strong></span> 
     </span>
     <span class='ocr_line' id='line_1_54' title="bbox 111 4878 1626 4961; baseline 0.001 -22"><span class='ocrx_word' id='word_1_646' title='bbox 111 4894 164 4939; x_wconf 80' lang='lat' dir='ltr'><strong>rum</strong></span> <span class='ocrx_word' id='word_1_647' title='bbox 187 4878 257 4938; x_wconf 89' lang='lat' dir='ltr'><strong>fabis</strong></span> <span class='ocrx_word' id='word_1_648' title='bbox 285 4881 419 4938; x_wconf 87' lang='lat' dir='ltr'><strong>consitum</strong></span> <span class='ocrx_word' id='word_1_649' title='bbox 447 4881 576 4955; x_wconf 86' lang='lat' dir='ltr'><strong>venisset,</strong></span> <span class='ocrx_word' id='word_1_650' title='bbox 600 4879 718 4938; x_wconf 87' lang='lat' dir='ltr'><strong>constitit</strong></span> <span class='ocrx_word' id='word_1_651' title='bbox 744 4890 771 4938; x_wconf 93' lang='lat' dir='ltr'><strong>et</strong></span> <span class='ocrx_word' id='word_1_652' title='bbox 826 4895 983 4948; x_wconf 65' lang='lat' dir='ltr'><strong>pranscursu</strong></span> <span class='ocrx_word' id='word_1_653' title='bbox 995 4887 1100 4936; x_wconf 88' lang='lat' dir='ltr'><strong>tautum</strong></span> <span class='ocrx_word' id='word_1_654' title='bbox 1113 4880 1231 4937; x_wconf 88' lang='lat' dir='ltr'><strong>indicata</strong></span> <span class='ocrx_word' id='word_1_655' title='bbox 1245 4880 1312 4937; x_wconf 86' lang='lat' dir='ltr'><strong>setis</strong></span> <span class='ocrx_word' id='word_1_656' title='bbox 1326 4879 1493 4939; x_wconf 84' lang='lat' dir='ltr'><strong>refellantur.</strong></span> <span class='ocrx_word' id='word_1_657' title='bbox 1509 4883 1555 4940; x_wconf 93' lang='lat' dir='ltr'><strong>Sic</strong></span> <span class='ocrx_word' id='word_1_658' title='bbox 1569 4885 1626 4961; x_wconf 80' lang='lat' dir='ltr'><strong>igi-</strong></span> 
     </span>
     <span class='ocr_line' id='line_1_55' title="bbox 111 4951 1633 5034; baseline 0.006 -27"><span class='ocrx_word' id='word_1_659' title='bbox 111 4954 179 5009; x_wconf 73' lang='lat' dir='ltr'><strong>tett</strong></span> <span class='ocrx_word' id='word_1_660' title='bbox 194 4953 261 5008; x_wconf 81' lang='lat' dir='ltr'><strong>Luc.</strong></span> <span class='ocrx_word' id='word_1_661' title='bbox 823 4974 869 5021; x_wconf 69' lang='lat' dir='ltr'><strong>pur</strong></span> <span class='ocrx_word' id='word_1_662' title='bbox 881 4951 1081 5009; x_wconf 87' lang='lat' dir='ltr'><strong>emendavimus</strong></span> <span class='ocrx_word' id='word_1_663' title='bbox 1103 4951 1176 5026; x_wconf 89' lang='lat' dir='ltr'><strong>quod</strong></span> <span class='ocrx_word' id='word_1_664' title='bbox 1189 4951 1272 5023; x_wconf 72' lang='lat' dir='ltr'><strong>vulgo</strong></span> <span class='ocrx_word' id='word_1_665' title='bbox 1298 4951 1437 5034; x_wconf 70' lang='lat' dir='ltr'><strong>legebatur</strong></span> <span class='ocrx_word' id='word_1_666' title='bbox 1453 4966 1459 5007; x_wconf 92' lang='lat'>:</span> <span class='ocrx_word' id='word_1_667' title='bbox 1474 4955 1581 5014; x_wconf 81' lang='lat' dir='ltr'><strong>Ltcehit</strong></span> <span class='ocrx_word' id='word_1_668' title='bbox 1603 4963 1633 5016; x_wconf 85' lang='lat' dir='ltr'><strong>et</strong></span> 
     </span>
     <span class='ocr_line' id='line_1_56' title="bbox 111 5022 1632 5153; baseline 0.002 -71"><span class='ocrx_word' id='word_1_669' title='bbox 111 5022 255 5153; x_wconf 44' lang='lat' dir='ltr'><strong>wdecim,</strong></span> <span class='ocrx_word' id='word_1_670' title='bbox 267 5026 332 5097; x_wconf 85' lang='lat' dir='ltr'><strong>quic</strong></span> <span class='ocrx_word' id='word_1_671' title='bbox 346 5040 374 5082; x_wconf 86' lang='lat' dir='ltr'><strong>ae</strong></span> <span class='ocrx_word' id='word_1_672' title='bbox 388 5025 472 5081; x_wconf 83' lang='lat' dir='ltr'><strong>dcent</strong></span> <span class='ocrx_word' id='word_1_673' title='bbox 482 5023 773 5089; x_wconf 76' lang='lat' dir='ltr'><strong>delirarat.‚l)elirium</strong></span> <span class='ocrx_word' id='word_1_674' title='bbox 829 5024 948 5103; x_wconf 76' lang='lat' dir='ltr'><strong>lapathi.</strong></span> <span class='ocrx_word' id='word_1_675' title='bbox 965 5022 995 5077; x_wconf 93' lang='lat' dir='ltr'><strong>lu</strong></span> <span class='ocrx_word' id='word_1_676' title='bbox 1012 5023 1104 5079; x_wconf 91' lang='lat' dir='ltr'><strong>codice</strong></span> <span class='ocrx_word' id='word_1_677' title='bbox 1122 5023 1262 5097; x_wconf 77' lang='lat' dir='ltr'><strong>hqohardi</strong></span> <span class='ocrx_word' id='word_1_678' title='bbox 1280 5023 1391 5096; x_wconf 76' lang='lat' dir='ltr'><strong>legitur,</strong></span> <span class='ocrx_word' id='word_1_679' title='bbox 1406 5025 1511 5082; x_wconf 82' lang='lat' dir='ltr'><strong>Licebit</strong></span> <span class='ocrx_word' id='word_1_680' title='bbox 1525 5031 1553 5085; x_wconf 85' lang='lat' dir='ltr'><strong>ef</strong></span> <span class='ocrx_word' id='word_1_681' title='bbox 1568 5028 1632 5104; x_wconf 88' lang='lat' dir='ltr'><strong>lop-</strong></span> 
     </span>
     <span class='ocr_line' id='line_1_57' title="bbox 174 5096 940 5167; baseline 0 -16"><span class='ocrx_word' id='word_1_682' title='bbox 174 5097 359 5165; x_wconf 82' lang='lat' dir='ltr'><strong>vtupiditatem</strong></span> <span class='ocrx_word' id='word_1_683' title='bbox 386 5112 448 5151; x_wconf 90' lang='lat' dir='ltr'><strong>cum</strong></span> <span class='ocrx_word' id='word_1_684' title='bbox 475 5096 609 5153; x_wconf 90' lang='lat' dir='ltr'><strong>historicis</strong></span> <span class='ocrx_word' id='word_1_685' title='bbox 636 5097 774 5167; x_wconf 85' lang='lat' dir='ltr'><strong>demiror,</strong></span> <span class='ocrx_word' id='word_1_686' title='bbox 829 5098 940 5164; x_wconf 56' lang='lat' dir='ltr'><strong>mllio.</strong></span> 
     </span>
    </p>
   </div>
   <div class='ocr_carea' id='block_1_8' title="bbox 111 5165 1631 5250">
    <p class='ocr_par' dir='ltr' id='par_1_10' title="bbox 111 5165 1631 5250">
     <span class='ocr_line' id='line_1_58' title="bbox 111 5165 1631 5250; baseline 0.003 -25"><span class='ocrx_word' id='word_1_687' title='bbox 111 5166 155 5226; x_wconf 77' lang='lat' dir='ltr'><strong>alle</strong></span> <span class='ocrx_word' id='word_1_688' title='bbox 173 5166 247 5224; x_wconf 89' lang='lat' dir='ltr'><strong>enim</strong></span> <span class='ocrx_word' id='word_1_689' title='bbox 262 5167 306 5225; x_wconf 90' lang='lat' dir='ltr'><strong>hic</strong></span> <span class='ocrx_word' id='word_1_690' title='bbox 319 5167 434 5225; x_wconf 88' lang='lat' dir='ltr'><strong>retertur</strong></span> <span class='ocrx_word' id='word_1_691' title='bbox 452 5183 575 5227; x_wconf 88' lang='lat' dir='ltr'><strong>versus:</strong></span> <span class='ocrx_word' id='word_1_692' title='bbox 867 5170 906 5242; x_wconf 85' lang='grc'><strong>(6)</strong></span> <span class='ocrx_word' id='word_1_693' title='bbox 935 5166 1143 5239; x_wconf 82' lang='lat' dir='ltr'><strong>Vespercpa&#39;aas.</strong></span> <span class='ocrx_word' id='word_1_694' title='bbox 1172 5165 1230 5222; x_wconf 85' lang='lat' dir='ltr'><strong>Hoc</strong></span> <span class='ocrx_word' id='word_1_695' title='bbox 1257 5174 1299 5223; x_wconf 86' lang='lat' dir='ltr'><strong>est</strong></span> <span class='ocrx_word' id='word_1_696' title='bbox 1325 5168 1542 5250; x_wconf 77' lang='lat' dir='ltr'><strong>vespertiliones,</strong></span> <span class='ocrx_word' id='word_1_697' title='bbox 1566 5173 1631 5245; x_wconf 91' lang='lat' dir='ltr'><strong>qnia</strong></span> 
     </span>
    </p>
   </div>
   <div class='ocr_carea' id='block_1_9' title="bbox 112 5236 1630 5387">
    <p class='ocr_par' dir='ltr' id='par_1_11' title="bbox 112 5236 1630 5387">
     <span class='ocr_line' id='line_1_59' title="bbox 112 5236 1630 5357; baseline -0.018 -30"><span class='ocrx_word' id='word_1_698' title='bbox 112 5278 256 5357; x_wconf 55' lang='grc' dir='ltr'><strong>ητὺδὲῦ</strong></span> <span class='ocrx_word' id='word_1_699' title='bbox 276 5284 290 5301; x_wconf 69' lang='lat'><em>-</em></span> <span class='ocrx_word' id='word_1_700' title='bbox 312 5283 372 5337; x_wconf 50' lang='grc' dir='ltr'><strong>οὔ,</strong></span> <span class='ocrx_word' id='word_1_701' title='bbox 392 5282 437 5335; x_wconf 66' lang='grc'><strong>’5</strong></span> <span class='ocrx_word' id='word_1_702' title='bbox 550 5279 604 5337; x_wconf 65' lang='lat' dir='ltr'><strong>vg</strong></span> <span class='ocrx_word' id='word_1_703' title='bbox 706 5284 711 5302; x_wconf 85' lang='lat'><strong>·</strong></span> <span class='ocrx_word' id='word_1_704' title='bbox 829 5239 953 5305; x_wconf 83' lang='lat' dir='ltr'><strong>Lucifero</strong></span> <span class='ocrx_word' id='word_1_705' title='bbox 968 5252 1016 5294; x_wconf 89' lang='lat' dir='ltr'><strong>seu</strong></span> <span class='ocrx_word' id='word_1_706' title='bbox 1031 5236 1215 5319; x_wconf 78' lang='lat' dir='ltr'><strong>Vesperugine</strong></span> <span class='ocrx_word' id='word_1_707' title='bbox 1229 5237 1306 5320; x_wconf 76' lang='lat' dir='ltr'><strong>stella</strong></span> <span class='ocrx_word' id='word_1_708' title='bbox 1320 5237 1436 5295; x_wconf 84' lang='lat' dir='ltr'><strong>Veneris</strong></span> <span class='ocrx_word' id='word_1_709' title='bbox 1457 5256 1557 5298; x_wconf 92' lang='lat' dir='ltr'><strong>nomen</strong></span> <span class='ocrx_word' id='word_1_710' title='bbox 1581 5252 1630 5299; x_wconf 88' lang='lat' dir='ltr'><strong>ha·</strong></span> 
     </span>
     <span class='ocr_line' id='line_1_60' title="bbox 259 5284 1630 5387; baseline -0.019 8"><span class='ocrx_word' id='word_1_711' title='bbox 259 5303 298 5356; x_wconf 80' lang='lat' dir='ltr'><strong>pu</strong></span> <span class='ocrx_word' id='word_1_712' title='bbox 335 5303 423 5355; x_wconf 50' lang='grc' dir='ltr'><strong>’ἀμ</strong></span> <span class='ocrx_word' id='word_1_713' title='bbox 439 5302 521 5354; x_wconf 55' lang='lat'><strong>‘&#39;⁰³⁰‘&#39;</strong></span> <span class='ocrx_word' id='word_1_714' title='bbox 534 5302 578 5336; x_wconf 60' lang='lat'><strong>⁰⁰¹</strong></span> <span class='ocrx_word' id='word_1_715' title='bbox 605 5304 628 5337; x_wconf 56' lang='grc' dir='ltr'><strong>τι</strong></span> <span class='ocrx_word' id='word_1_716' title='bbox 642 5284 731 5354; x_wconf 44' lang='grc' dir='ltr'><strong>Μ’</strong></span> <span class='ocrx_word' id='word_1_717' title='bbox 831 5316 958 5378; x_wconf 85' lang='lat' dir='ltr'><strong>buerunt,</strong></span> <span class='ocrx_word' id='word_1_718' title='bbox 978 5321 1011 5364; x_wconf 87' lang='lat' dir='ltr'><strong>ao</strong></span> <span class='ocrx_word' id='word_1_719' title='bbox 1047 5308 1102 5365; x_wconf 92' lang='lat' dir='ltr'><strong>uod</strong></span> <span class='ocrx_word' id='word_1_720' title='bbox 1124 5324 1212 5364; x_wconf 87' lang='lat' dir='ltr'><strong>caveis</strong></span> <span class='ocrx_word' id='word_1_721' title='bbox 1231 5325 1289 5364; x_wconf 87' lang='lat' dir='ltr'><strong>suis</strong></span> <span class='ocrx_word' id='word_1_722' title='bbox 1307 5324 1363 5365; x_wconf 91' lang='lat' dir='ltr'><strong>uon</strong></span> <span class='ocrx_word' id='word_1_723' title='bbox 1383 5311 1514 5369; x_wconf 83' lang='lat' dir='ltr'><strong>excedere</strong></span> <span class='ocrx_word' id='word_1_724' title='bbox 1538 5315 1630 5387; x_wconf 87' lang='lat' dir='ltr'><strong>prius-</strong></span> 
     </span>
    </p>
   </div>
   <div class='ocr_carea' id='block_1_10' title="bbox 111 5325 1632 5676">
    <p class='ocr_par' dir='ltr' id='par_1_12' title="bbox 111 5325 1632 5676">
     <span class='ocr_line' id='line_1_61' title="bbox 123 5325 1593 5466; baseline -0.001 -25"><span class='ocrx_word' id='word_1_725' title='bbox 123 5380 244 5447; x_wconf 71' lang='lat' dir='ltr'><strong>saneta</strong></span> <span class='ocrx_word' id='word_1_726' title='bbox 261 5381 335 5438; x_wconf 81' lang='lat' dir='ltr'><strong>vobis</strong></span> <span class='ocrx_word' id='word_1_727' title='bbox 348 5383 425 5439; x_wconf 85' lang='lat' dir='ltr'><strong>enim</strong></span> <span class='ocrx_word' id='word_1_728' title='bbox 439 5382 505 5437; x_wconf 82' lang='lat' dir='ltr'><strong>deus</strong></span> <span class='ocrx_word' id='word_1_729' title='bbox 520 5397 580 5436; x_wconf 87' lang='lat' dir='ltr'><strong>sum</strong></span> <span class='ocrx_word' id='word_1_730' title='bbox 595 5384 776 5449; x_wconf 80' lang='lat' dir='ltr'><strong>immortalis,</strong></span> <span class='ocrx_word' id='word_1_731' title='bbox 832 5399 914 5466; x_wconf 83' lang='lat' dir='ltr'><strong>quam</strong></span> <span class='ocrx_word' id='word_1_732' title='bbox 928 5380 1004 5436; x_wconf 89' lang='lat' dir='ltr'><strong>stella</strong></span> <span class='ocrx_word' id='word_1_733' title='bbox 1017 5325 1063 5435; x_wconf 67' lang='lat' dir='ltr'><strong>ifle</strong></span> <span class='ocrx_word' id='word_1_734' title='bbox 1076 5388 1203 5462; x_wconf 81' lang='lat' dir='ltr'><strong>appareat</strong></span> <span class='ocrx_word' id='word_1_735' title='bbox 1218 5381 1298 5452; x_wconf 79' lang='lat' dir='ltr'><strong>vulgo</strong></span> <span class='ocrx_word' id='word_1_736' title='bbox 1313 5381 1468 5440; x_wconf 90' lang='lat' dir='ltr'><strong>credantur.</strong></span> <span class='ocrx_word' id='word_1_737' title='bbox 1490 5386 1528 5440; x_wconf 83' lang='lat' dir='ltr'><strong>Lu</strong></span> <span class='ocrx_word' id='word_1_738' title='bbox 1544 5386 1593 5442; x_wconf 84' lang='lat' dir='ltr'><strong>Pa.</strong></span> 
     </span>
     <span class='ocr_line' id='line_1_62' title="bbox 111 5451 1630 5533; baseline 0.003 -26"><span class='ocrx_word' id='word_1_739' title='bbox 111 5452 171 5511; x_wconf 60' lang='lat' dir='ltr'><strong>&amp;a</strong></span> <span class='ocrx_word' id='word_1_740' title='bbox 187 5452 277 5511; x_wconf 85' lang='lat' dir='ltr'><strong>homo.</strong></span> <span class='ocrx_word' id='word_1_741' title='bbox 295 5455 332 5508; x_wconf 84' lang='lat' dir='ltr'><strong>hs</strong></span> <span class='ocrx_word' id='word_1_742' title='bbox 351 5454 399 5509; x_wconf 89' lang='lat' dir='ltr'><strong>Pu.</strong></span> <span class='ocrx_word' id='word_1_743' title='bbox 868 5455 909 5533; x_wconf 70' lang='lat' dir='ltr'><strong>(a)</strong></span> <span class='ocrx_word' id='word_1_744' title='bbox 926 5451 1065 5522; x_wconf 79' lang='lat' dir='ltr'><strong>Quomodo</strong></span> <span class='ocrx_word' id='word_1_745' title='bbox 1088 5454 1178 5524; x_wconf 68' lang='lat' dir='ltr'><strong>matur</strong></span> <span class='ocrx_word' id='word_1_746' title='bbox 1202 5452 1264 5519; x_wconf 83' lang='lat' dir='ltr'><strong>iila,</strong></span> <span class='ocrx_word' id='word_1_747' title='bbox 1278 5462 1328 5507; x_wconf 88' lang='lat' dir='ltr'><strong>etc.</strong></span> <span class='ocrx_word' id='word_1_748' title='bbox 1346 5452 1387 5507; x_wconf 84' lang='lat' dir='ltr'><strong>Ex</strong></span> <span class='ocrx_word' id='word_1_749' title='bbox 1406 5453 1535 5511; x_wconf 85' lang='lat' dir='ltr'><strong>varietate</strong></span> <span class='ocrx_word' id='word_1_750' title='bbox 1553 5456 1630 5511; x_wconf 92' lang='lat' dir='ltr'><strong>cibo·</strong></span> 
     </span>
     <span class='ocr_line' id='line_1_63' title="bbox 111 5523 1632 5599; baseline -0.001 -15"><span class='ocrx_word' id='word_1_751' title='bbox 111 5538 217 5584; x_wconf 70' lang='lat' dir='ltr'><strong>mnes</strong></span> <span class='ocrx_word' id='word_1_752' title='bbox 231 5530 259 5581; x_wconf 84' lang='lat' dir='ltr'><strong>ct</strong></span> <span class='ocrx_word' id='word_1_753' title='bbox 267 5525 355 5598; x_wconf 83' lang='lat' dir='ltr'><strong>piscis</strong></span> <span class='ocrx_word' id='word_1_754' title='bbox 371 5527 423 5598; x_wconf 67' lang='lat' dir='ltr'><strong>fui.</strong></span> <span class='ocrx_word' id='word_1_755' title='bbox 439 5524 501 5596; x_wconf 90' lang='lat' dir='ltr'><strong>lpse</strong></span> <span class='ocrx_word' id='word_1_756' title='bbox 515 5524 597 5599; x_wconf 68' lang='lat' dir='ltr'><strong>igitur</strong></span> <span class='ocrx_word' id='word_1_757' title='bbox 609 5525 683 5599; x_wconf 90' lang='lat' dir='ltr'><strong>apud</strong></span> <span class='ocrx_word' id='word_1_758' title='bbox 697 5525 781 5583; x_wconf 73' lang='lat' dir='ltr'><strong>Athe·</strong></span> <span class='ocrx_word' id='word_1_759' title='bbox 834 5548 895 5590; x_wconf 87' lang='lat' dir='ltr'><strong>rom</strong></span> <span class='ocrx_word' id='word_1_760' title='bbox 918 5527 1090 5591; x_wconf 87' lang='lat' dir='ltr'><strong>demonstrat,</strong></span> <span class='ocrx_word' id='word_1_761' title='bbox 1107 5524 1346 5580; x_wconf 87' lang='lat' dir='ltr'><strong>transmutationes</strong></span> <span class='ocrx_word' id='word_1_762' title='bbox 1369 5523 1518 5581; x_wconf 87' lang='lat' dir='ltr'><strong>animarum</strong></span> <span class='ocrx_word' id='word_1_763' title='bbox 1533 5533 1560 5582; x_wconf 91' lang='lat' dir='ltr'><strong>et</strong></span> <span class='ocrx_word' id='word_1_764' title='bbox 1574 5541 1632 5582; x_wconf 89' lang='lat' dir='ltr'><strong>me-</strong></span> 
     </span>
     <span class='ocr_line' id='line_1_64' title="bbox 111 5592 1403 5676; baseline -0.005 -21"><span class='ocrx_word' id='word_1_765' title='bbox 111 5592 147 5655; x_wconf 84' lang='lat' dir='ltr'><strong>lt.</strong></span> <span class='ocrx_word' id='word_1_766' title='bbox 166 5608 230 5663; x_wconf 81' lang='lat' dir='ltr'><strong>vua,</strong></span> <span class='ocrx_word' id='word_1_767' title='bbox 244 5606 272 5654; x_wconf 91' lang='lat' dir='ltr'><strong>et</strong></span> <span class='ocrx_word' id='word_1_768' title='bbox 289 5597 362 5670; x_wconf 87' lang='lat' dir='ltr'><strong>apud</strong></span> <span class='ocrx_word' id='word_1_769' title='bbox 381 5596 519 5656; x_wconf 66' lang='lat' dir='ltr'><strong>Martium</strong></span> <span class='ocrx_word' id='word_1_770' title='bbox 538 5597 575 5654; x_wconf 86' lang='lat' dir='ltr'><strong>ait</strong></span> <span class='ocrx_word' id='word_1_771' title='bbox 594 5613 604 5656; x_wconf 75' lang='lat' dir='ltr'><strong>a</strong></span> <span class='ocrx_word' id='word_1_772' title='bbox 836 5595 1039 5676; x_wconf 75' lang='lat' dir='ltr'><strong>mmpsvcboses</strong></span> <span class='ocrx_word' id='word_1_773' title='bbox 1051 5592 1111 5651; x_wconf 88' lang='lat' dir='ltr'><strong>llari</strong></span> <span class='ocrx_word' id='word_1_774' title='bbox 1123 5609 1179 5651; x_wconf 91' lang='lat' dir='ltr'><strong>non</strong></span> <span class='ocrx_word' id='word_1_775' title='bbox 1193 5609 1284 5666; x_wconf 90' lang='lat' dir='ltr'><strong>posse.</strong></span> <span class='ocrx_word' id='word_1_776' title='bbox 1299 5594 1339 5649; x_wconf 84' lang='lat' dir='ltr'><strong>Ls</strong></span> <span class='ocrx_word' id='word_1_777' title='bbox 1354 5593 1403 5650; x_wconf 88' lang='lat' dir='ltr'><strong>Pa.</strong></span> 
     </span>
    </p>
   </div>
   <div class='ocr_carea' id='block_1_11' title="bbox 111 5699 1566 5765">
    <p class='ocr_par' dir='ltr' id='par_1_13' title="bbox 111 5699 1566 5765">
     <span class='ocr_line' id='line_1_65' title="bbox 111 5699 1566 5765; baseline 0.001 -2"><span class='ocrx_word' id='word_1_778' title='bbox 111 5715 179 5763; x_wconf 75' lang='lat' dir='ltr'><strong>nor..</strong></span> <span class='ocrx_word' id='word_1_779' title='bbox 208 5702 244 5765; x_wconf 92' lang='lat' dir='ltr'><strong>ll.</strong></span> <span class='ocrx_word' id='word_1_780' title='bbox 1528 5699 1566 5764; x_wconf 79' lang='lat' dir='ltr'><strong>tt</strong></span> 
     </span>
    </p>
   </div>
   <div class='ocr_carea' id='block_1_12' title="bbox 0 0 1928 6116">
    <p class='ocr_par' dir='ltr' id='par_1_14' title="bbox 0 0 1928 6116">
     <span class='ocr_line' id='line_1_66' title="bbox 0 0 1928 6116; baseline 0 0"><span class='ocrx_word' id='word_1_781' title='bbox 0 0 1928 6116; x_wconf 95' lang='lat' dir='ltr'><strong> </strong></span> 
     </span>
    </p>
   </div>
  </div>
 </body>
</html>
