3840 6134
133 301 201 364 1183
662 292 704 354 to
724 293 868 356 ustulat
887 290 1109 359 tabtbttdtrtt
1128 290 1235 351 uruat
1702 287 1774 349 118l

130 436 190 484 tare
214 441 356 497 sermone3
372 423 478 493 plenius
502 438 584 495 super
602 423 655 478 bac
674 436 702 477 re
715 429 809 478 contra
828 420 922 476 liclvi-
937 437 963 516 Α
977 434 1055 473 meus
1069 416 1217 491 Gregorius
1235 416 1429 479 Nazianzenus,
1450 414 1651 486 Virqt'nitatern
1664 418 1693 471 eb
1716 416 1776 472 Nu-

130 514 344 581 dium,etineo
367 513 437 569 libro
460 512 593 584 quemad
614 511 791 567 Eustochium
815 509 921 580 scripsi,
976 511 1052 584 ptius
1080 508 1216 564 disserens
1243 505 1347 562 Graecis
1374 504 1497 562 versibus
1525 504 1670 576 explicavit
1697 504 1776 575 (Ado.

129 603 245 660 arbitror
267 603 431 660 absolutum.
454 600 531 656 Certe
554 600 744 667 Tertullianus,
760 615 821 656 cum
836 599 925 655 adbuc
979 599 1082 665 donin,
1098 595 1117 652 l.
1134 598 1164 666 1).

127 700 201 750 esset
217 692 384 758 adolescens,
400 689 464 747 lusit
477 689 505 746 in
521 691 572 746 bae
593 688 716 759 materia,
733 696 759 745 et
772 695 924 761 praeceptor

165 860 274 919 1128
296 861 430 916 Hactenus
451 860 482 914 Β.
504 859 691 931 Hieronymus,
705 857 783 926 cnjus
805 857 924 929 integras
978 877 1039 918 rum
1070 859 1158 930 placet
1189 859 1322 916 sententia
1352 858 1399 931 qui
1430 857 1499 914 duos
1536 848 1666 914 diversos
1694 853 1777 912 libros

128 934 254 1005 periodos
273 932 435 987 adduximus
457 931 486 985 in
508 930 638 996 medium,
654 938 711 984 tum
734 929 844 1001 nequid
862 945 922 983 mu·
982 930 1091 987 lm
1114 929 1270 987 Tertulliani
1295 929 1374 987 dictis
1397 929 1463 988 loeis
1485 927 1574 986 videri
1596 927 1704 990 volunt,
1720 942 1779 982 cum

129 1003 205 1060 tilum
229 1012 313 1071 esset,
329 1012 384 1059 tum
399 1011 429 1057 ut
441 1001 574 1073 intelligat
591 1001 676 1057 lector
691 999 739 1073 qui
753 1010 874 1056 ueterum
888 1000 923 1054 de
978 1011 1121 1074 utrumque
1139 1003 1246 1057 disertis
1263 1002 1354 1059 verbis
1368 1002 1399 1056 B.
1424 1002 1534 1057 Hieron.
1560 999 1727 1069 inscriptum
1739 998 1775 1052 si·

128 1075 295 1148 virginttate,
319 1073 400 1129 hodie
427 1082 566 1144 tantopere
595 1081 778 1140 controversa,
803 1071 923 1141 scripse·
977 1073 1084 1144 gnificat
1098 1074 1277 1130 demolestiis
1291 1075 1472 1146 nuptiarum.
1488 1070 1572 1144 Atqui
1585 1087 1620 1125 an
1634 1071 1667 1125 B.
1683 1069 1776 1124 Hiero·

130 1146 203 1202 rint:
237 1145 344 1202 uocirca
357 1161 521 1216 magnopere
541 1144 658 1213 optarim
677 1150 781 1198 exstare
800 1142 853 1198 hoc
871 1158 923 1197 su·
977 1161 1074 1214 aymus
1101 1145 1236 1202 adscribat
1261 1144 1426 1200 Tertulliano
1453 1142 1534 1198 ctiam
1557 1143 1639 1207 ubios,
1661 1155 1779 1211 qaorum

129 1164 356 1281 ctorisbiuettum
373 1216 428 1270 sire
447 1231 527 1287 prosa
541 1214 730 1286 couscriptum,
746 1213 801 1270 sive
824 1214 921 1286 potius,
977 1215 1098 1272 meminit
1120 1217 1153 1274 de
1182 1217 1348 1289 Virpinitobe
1374 1215 1493 1283 libellos,
1519 1220 1627 1283 potarat
1652 1210 1775 1266 fortassis

130 1289 202 1429 &aad
223 1290 406 1361 perverbum
426 1287 497 1343 lusit
517 1286 630 1342 indicari
653 1285 766 1353 ridetur,
790 1285 922 1343 carmine.
977 1286 1103 1353 dubitari,
1116 1288 1193 1357 juxta
1214 1288 1317 1357 priores
1334 1287 1406 1342 illius
1418 1285 1560 1350 editiones,
1575 1286 1598 1338 si
1614 1285 1776 1354 legeretur:

156 1376 193 1416 uo
207 1359 238 1414 lit
251 1359 351 1432 magis,
367 1368 398 1414 ut
410 1357 476 1414 mibi
491 1372 545 1414 non
566 1359 694 1440 probetur
714 1356 857 1427 cujusdam
873 1355 923 1410 uiri
978 1360 1053 1431 tepus
1068 1359 1241 1416 Tertulliani
1247 1358 1284 1413 od
1294 1361 1420 1415 amicum
1429 1357 1628 1429 pbilosopbam
1637 1357 1666 1409 et
1675 1353 1710 1410 de
1722 1355 1779 1408 l'ir-

130 1431 228 1487 eruditi
255 1446 387 1499 censura,
416 1429 463 1510 qui
495 1428 664 1485 existimabat
694 1427 766 1484 bunc
798 1427 923 1483 eumdem
975 1430 1185 1502 pinitoteolios
1201 1429 1318 1487 libellos.
1334 1430 1413 1486 Certe
1431 1429 1639 1498 ejusdempene
1655 1437 1778 1479 suntar·

130 1518 188 1559 esse
209 1500 318 1571 librum,
342 1517 402 1558 cum
426 1500 540 1573 ulloqui
563 1499 715 1557 inscribitur
734 1499 923 1554 Exnoarxrro
977 1501 1098 1575 qumeati
1121 1500 1158 1557 ud
1174 1503 1291 1559 Uxorem
1312 1499 1375 1555 libri
1388 1500 1453 1568 duo,
1468 1514 1500 1555 ac
1513 1497 1587 1553 dicta
1610 1497 1778 1553 Exhortatio

130 1589 167 1630 xo
184 1588 368 1630 cxsrxnxnsx.
383 1573 562 1642 Praeterquam
577 1572 648 1627 enim
662 1569 735 1642 quod
751 1569 835 1625 ettam
854 1569 922 1625 ede·
977 1572 1197 1638 odeastitatern,
1208 1580 1235 1628 et
1248 1586 1303 1627 noa
1316 1572 1392 1626 aliud
1406 1577 1500 1626 tractat
1515 1568 1581 1625 liber
1596 1567 1630 1625 de
1650 1567 1777 1624 Velundis

133 1647 238 1703 leseens
260 1646 404 1717 scripsisse
427 1644 534 1709 dicitur,
549 1649 576 1697 et
589 1641 660 1697 hunc
675 1641 733 1721 ‘sub
757 1638 837 1721 linem
860 1642 924 1695 vitae
983 1643 1160 1714 Virpinibus‚·
1175 1643 1243 1698 alios
1265 1643 1376 1713 insuper
1390 1642 1423 1698 dc
1441 1641 1621 1713 Virpinitate,
1636 1638 1780 1694 continea-

131 1717 259 1787 scriptum
281 1722 403 1785 constet3
420 1714 502 1770 ctiam
524 1728 557 1768 ex
571 1718 712 1785 proposito
734 1711 845 1767 minime
867 1720 922 1767 tra·
977 1713 1015 1767 tia
1028 1723 1056 1769 et
1069 1713 1189 1770 castitate
1206 1714 1336 1770 servanda
1351 1714 1424 1770 locos
1442 1712 1600 1783 complures
1620 1710 1695 1782 apud
1711 1709 1779 1766 Ter·

131 1795 185 1846 ctat
198 1788 231 1847 de
243 1786 381 1844 molestiis
395 1788 574 1858 nuptiarum.
590 1784 683 1855 Neque
696 1797 759 1840 vero
773 1782 853 1839 etiam
867 1781 924 1839 illo
976 1784 1128 1854 tullianum,
1144 1801 1181 1841 ox
1198 1785 1289 1842 indice
1304 1793 1396 1842 nostro
1411 1783 1532 1844 inueniet
1546 1784 1644 1840 lector.

801 1918 833 1971 ll.
848 1918 888 1970 DE
915 1918 999 1973 FATO
1024 1921 1110 1974 LlBlll

447 2050 561 2097 stanno
578 2049 615 2096 nn
634 2048 840 2096 amabamus
860 2048 901 2094 ax
924 2047 1060 2097 smsnnu
1075 2052 1133 2099 trs.
1154 2053 1193 2100 ns
1212 2054 1309 2100 antus
1330 2044 1401 2115 (cap.
1422 2046 1468 2112 2⁰)

592 2143 620 2193 et
642 2136 785 2209 Fulgentio
813 2135 968 2209 Planciade,
987 2136 1021 2195 de
1049 2140 1158 2197 Vocibus
1179 2142 1315 2216 antiquis.

169 2237 333 2294 Postestates
365 2236 500 2293 enimvero
535 2244 662 2308 presunt.
695 2237 850 2295 Secundum
878 2253 929 2294 nos
944 2249 966 2327 B
980 2234 1100 2295 libertas.
1116 2240 1183 2295 Nam
1202 2240 1259 2295 baee
1274 2244 1301 2296 et
1318 2237 1469 2311 philosophi
1488 2236 1670 2310 distinguunt,
1688 2244 1715 2290 et
1734 2249 1782 2289 nos

133 2326 255 2399 quidem,
270 2326 402 2382 Dominus
424 2326 507 2396 Deus,
522 2334 550 2381 et
572 2325 697 2381 diabolus
721 2326 854 2394 aemulus;
879 2342 928 2382 se·
982 2329 1131 2384 secundum
1161 2329 1243 2386 iidem
1275 2328 1451 2398 disserenda,
1483 2341 1532 2383 suo
1561 2325 1620 2397 jam
1654 2324 1782 2382 novimus

132 2413 251 2471 cundum
266 2428 437 2469 communem
451 2419 540 2468 autem
555 2413 720 2484 opinionem,
738 2424 765 2470 et
780 2413 928 2471 Prouiden·
982 2415 1070 2475 titulo.

132 2501 179 2572 tia,
194 2508 222 2557 et
245 2505 357 2568 Fatum,
375 2510 402 2558 et
424 2501 579 2568 necessitas,
597 2510 624 2558 et
641 2500 757 2573 lortuna,
773 2509 799 2560 et
823 2503 928 2561 arbitrii

166 2616 300 2698 llaetenus
319 2619 515 2699 auctonanus
528 2632 590 2673 cum
604 2618 705 2700 nullum
733 2627 821 2676 exstet
846 2636 925 2691 opus,
981 2622 1027 2678 lib.
1045 2621 1079 2678 de
1106 2623 1217 2682 Vocibus
1238 2625 1381 2696 Antiquis.
1399 2642 1412 2678 s
1429 2626 1467 2682 De
1482 2627 1550 2680 Fato
1573 2628 1709 2693 praeterea
1731 2619 1782 2675 sub

131 2688 179 2746 ubt
201 2688 236 2744 de
259 2697 374 2761 quatuor
396 2688 450 2762 xlbs
474 2696 575 2755 tractet,
596 2691 663 2744 mthr
686 2705 797 2758 prorsus
820 2693 926 2750 uidetur
981 2694 1088 2750 nomine
1101 2693 1207 2750 bliautii
1220 2694 1316 2751 Felicis
1330 2695 1393 2752 olim
1418 2695 1549 2750 exstitisse
1570 2693 1701 2750 libellum
1721 2699 1780 2745 tra-

129 2761 248 2817 slludere
262 2763 295 2816 ad
314 2761 411 2842 librum
430 2773 479 2817 suo
502 2760 578 2818 titulo
597 2762 631 2820 de
645 2764 725 2842 Toto,
740 2771 833 2835 utpote
847 2780 927 2836 quem
980 2763 1020 2818 dit
1033 2765 1062 2820 b.
1079 2764 1201 2831 Hieron..
1221 2768 1311 2824 dubet.
1331 2769 1450 2839 scriptor
1469 2766 1586 2831 scetes,
1599 2763 1661 2820 sive
1680 2767 1782 2820 contre

128 2833 162 2886 ab
190 2846 223 2887 eo
250 2839 431 2902 conscriptum
460 2840 552 2902 pateat
579 2848 611 2889 ex
636 2834 762 2888 citatione
790 2835 837 2890 Ful
860 2835 925 2892 entii
981 2835 1209 2905 Mathematicou
1227 2838 1275 2908 qui
1299 2846 1399 2906 tamen,
1415 2854 1476 2894 cum
1500 2844 1527 2892 et
1549 2836 1608 2906 ipse
1630 2833 1725 2890 diserti
1749 2831 1784 2887 sit

129 2901 269 2968 Placiadis,
283 2905 340 2972 jam
355 2903 420 2984 olim
439 2905 531 2958 excusi
550 2919 612 2960 cum
629 2902 730 2976 Hygini
750 2852 926 2977 luythoboqiis
979 2906 1108 2974 hominis,
1122 2923 1176 2964 non
1192 2908 1298 2965 videtur
1311 2925 1372 2964 cum
1392 2909 1462 2979 stylo
1482 2906 1585 2964 Octavii
1599 2905 1680 2961 Dialo
1701 2904 1782 2974 iejus

129 2989 180 3098 Ber
197 2973 280 3028 verba
298 2980 460 3041 sequentia:
481 2995 494 3026 ι
518 2976 587 3032 Nam
605 2983 633 3031 et
646 2976 828 3032 Tertullianus
849 2978 877 3033 in
892 2977 925 3032 li·
980 2978 1133 3035 convenire.
1158 2979 1289 3035 Fortassis
1303 2979 1327 3034 is
1343 2982 1401 3049 ipse
1424 2980 1492 3034 liber
1506 2987 1547 3034 est
1561 2993 1645 3046 quern
1695 2975 1781 3030 emul-

149 3059 180 3100 ro
191 3059 270 3115 quem
285 3044 318 3100 de
332 3047 401 3104 Fato
414 3045 531 3116 scripsit,
545 3046 583 3101 ita
596 3046 633 3103 ait
648 3063 655 3102 :
672 3048 762 3105 Redde
788 3049 855 3104 buia
868 3050 925 3120 fati
979 3048 1051 3105 liano
1070 3048 1113 3106 bic
1131 3050 1320 3115 adscribimus,
1336 3060 1430 3122 utpote
1455 3065 1536 3122 quem
1557 3062 1613 3104 non
1637 3047 1723 3103 medo
1738 3044 1782 3100 di·

128 3117 255 3189 primum
261 3116 445 3190 problematis
452 3120 660 3192 mancipatum,
669 3121 697 3175 in
705 3118 770 3176 dict.
775 3120 922 3192 problema,
979 3131 1092 3188 sertum,
1106 3122 1152 3177 sed
1167 3123 1416 3194 eloquentissimum
1430 3120 1530 3178 alicubi
1543 3127 1693 3192 nuncrrpat.

503 3240 545 3290 lll.
561 3240 601 3293 DE
617 3241 735 3295 auauts
752 3244 791 3294 ET
808 3243 1172 3297 1ttltttbblsxtttttablstts
1189 3243 1406 3306 QUAESTIONUM

504 3366 618 3414 arnano
645 3367 687 3415 nx
716 3370 744 3416 s.
770 3369 940 3418 utnaoumu
971 3371 1065 3419 uersu.
1094 3358 1155 3426 125.
1183 3373 1223 3418 an
1252 3371 1406 3418 uxuxsuu.

151 3452 269 3521 Quaerit
283 3455 415 3512 Damasus
433 3453 502 3514 inter
515 3462 626 3511 eaeterss
640 3455 814 3528 questiones,
835 3466 931 3528 quaest.
947 3476 970 3556 c
984 3456 1119 3530 spondere
1132 3458 1162 3513 B.
1178 3455 1287 3511 Hieron.
1303 3470 1334 3511 se
1348 3453 1451 3522 scribit,
1467 3453 1571 3511 duabus
1586 3460 1694 3509 tantum
1708 3467 1782 3524 quar·

132 3542 168 3598 lll
192 3561 200 3599 ε
227 3563 240 3596 s
261 3544 290 3600 Si
310 3545 403 3601 omnia
424 3546 497 3603 Deus
516 3544 581 3602 lecit
603 3547 675 3602 bona
695 3546 773 3603 valde
792 3547 870 3619 (Gen.
896 3547 928 3620 r),
982 3545 1126 3603 stiunculis
1144 3543 1334 3617 pretermissis
1352 3545 1462 3617 (nempe
1483 3544 1535 3599 bac
1550 3550 1578 3598 et
1591 3559 1625 3599 ea
1638 3543 1676 3599 de
1688 3555 1743 3614 qua
1756 3540 1784 3594 in

131 3647 216 3704 quare
231 3633 286 3690 Noe
300 3634 333 3692 de
346 3633 460 3691 mundis
470 3639 498 3691 et
509 3634 845 3692 immundisonimulibns
859 3650 928 3706 prae·
981 3635 1102 3708 sequenti
1116 3634 1280 3709 fragmento)
1297 3651 1304 3688 r
1322 3654 1334 3685 r
1351 3634 1424 3700 Non,
1438 3633 1533 3705 inquit,
1544 3647 1599 3704 quo
1613 3646 1670 3687 non
1686 3639 1783 3702 potne—

131 3719 383 3792 cepitlden.s111),
399 3738 461 3778 curn
483 3723 652 3779 immundum
673 3721 738 3777 nihil
752 3723 853 3778 bonum
868 3738 928 3780 esse
982 3725 1033 3782 rim
1046 3732 1074 3781 et
1088 3723 1121 3780 sd
1138 3724 1196 3780 illas
1207 3722 1306 3795 aliquid
1322 3723 1497 3795 respondere,
1515 3721 1562 3779 sed
1578 3719 1655 3793 quod
1675 3721 1711 3776 ab
1723 3718 1783 3775 elc-

131 3807 241 3882 possitl
255 3809 290 3864 Et
305 3810 332 3864 in
345 3809 426 3866 Novo
451 3812 623 3866 Testamenta
637 3817 700 3882 post
718 3810 851 3866 visionem
866 3827 928 3883 quae
981 3812 1165 3884 quentissimis
1187 3813 1261 3880 viris,
1277 3812 1442 3869 Tertulliano
1465 3818 1557 3868 nostro
1580 3819 1608 3866 et
1631 3807 1783 3866 Novatisno

130 3898 209 3953 Petro
223 3895 310 3953 iuerat
325 3905 443 3966 ostensa,
458 3898 558 3955 dicenti
574 3919 580 3957 :
597 3898 684 3965 Absit,
697 3901 823 3969 Domine,
839 3917 926 3968 orne,
980 3904 1075 3961 Latino
1090 3917 1214 3959 sermone
1238 3910 1300 3960 suut
1328 3901 1424 3970 editae;
1444 3909 1471 3957 et
1485 3901 1509 3956 si
1522 3914 1593 3958 nora
1614 3897 1783 3954 voluerimus

130 3987 790 4062 quoniamcornrnuneetimmundumnonpncm
800 3992 928 4048 introivit
982 3990 1090 4059 afferre,
1106 3991 1141 4046 sit
1165 3991 1244 4046 latius
1267 3989 1471 4061 disputandum,
1496 3996 1547 4045 etc.
1570 3987 1642 4042 Nam
1667 3996 1697 4043 et
1720 3983 1782 4041 Ori-

130 4075 163 4131 in
177 4092 206 4133 os
220 4091 335 4145 meurn;
356 4091 407 4134 vox
427 4076 462 4133 de
484 4077 553 4134 coelo
576 4077 739 4148 respondit:
759 4079 835 4149 Quod
853 4082 928 4137 Deus
982 4096 1066 4154 genes
1081 4079 1116 4136 de
1129 4079 1237 4135 mundis
1258 4086 1284 4135 et
1307 4078 1454 4136 immundis
1476 4075 1641 4132 animalibus
1656 4074 1684 4131 in
1701 4072 1782 4130 Leri-

125 4166 280 4232 ,nunduor't,
297 4171 329 4223 tu
344 4183 381 4224 ne
403 4182 551 4225 commune
562 4167 669 4225 dixeris
690 4167 763 4239 (Act.
780 4169 820 4237 x).
843 4189 854 4219 r
871 4169 927 4226 lle-
982 4169 1034 4227 tieo
1048 4170 1127 4241 plura
1141 4168 1280 4225 disseruit.
1302 4187 1315 4221 u

1743 1974 1760 2001 Ι

167 4280 209 4336 An
224 4280 296 4338 istud
311 4280 445 4338 toleratur
456 4282 490 4338 ad
506 4281 671 4353 peculiarem
685 4281 802 4355 aliquem
825 4282 923 4338 librum
982 4284 1103 4340 tinentiae
1124 4284 1251 4356 intellige,
1267 4293 1295 4339 et
1307 4282 1400 4339 lrenos
1422 4282 1574 4353 impositos,
1602 4301 1613 4330 r
1630 4288 1688 4336 etc.
1706 4277 1783 4347 Quod

131 4351 191 4421 ejus
205 4351 288 4422 tituli,
304 4354 376 4424 quod
389 4353 476 4425 magis
492 4363 580 4410 tamen
603 4355 742 4437 probatur,
758 4369 791 4409 an
807 4369 873 4412 vero
892 4355 927 4409 ad
981 4356 1071 4426 ipsum
1087 4371 1146 4411 cum
1165 4354 1302 4420 sileretur,
1320 4355 1367 4410 sed
1381 4354 1461 4428 longe
1481 4352 1541 4408 aliis
1557 4352 1649 4408 serbis
1667 4352 1737 4408 libro
1751 4350 1783 4406 dc

132 4431 273 4479 tractatam
288 4427 409 4480 eadere
424 4441 472 4496 per
485 4426 588 4498 aliquot
597 4427 684 4482 lineas
698 4425 866 4490 Tertulliani,
878 4426 896 4482 l.
908 4441 928 4481 ιι
984 4429 1054 4484 Cibis
1065 4427 1201 4499 judaieis,
1216 4425 1258 4482 vel
1276 4424 1338 4481 iude
1356 4434 1472 4490 constat,
1490 4423 1568 4480 sicuti
1583 4431 1611 4479 et
1625 4438 1661 4478 ex
1677 4422 1781 4502 reliquo

134 4495 197 4552 uda.
224 4496 319 4565 liora,
335 4511 360 4554 c.
376 4499 419 4565 lii,
437 4496 530 4554 lectori
551 4497 669 4553 liberum
690 4495 928 4568 relinquimusJ'u-
981 4500 1062 4554 totius
1086 4497 1148 4553 libri
1170 4496 1252 4568 stylo,
1268 4511 1323 4552 non
1347 4511 1408 4552 esse
1431 4495 1602 4559 Tertulliani,
1618 4493 1668 4549 sed
1694 4501 1783 4564 potrus

134 4564 244 4620 dicium.
273 4567 322 4623 llic
339 4567 467 4625 duntaxat
491 4567 634 4624 sileremus
659 4568 746 4641 ipsam
774 4567 928 4648 responsio·
981 4569 1142 4635 Nouatinni,
1158 4567 1396 4640 utpoteadquem
1412 4566 1563 4637 iamdictis
1584 4564 1678 4622 verbis
1701 4564 1781 4620 adlu-

134 4635 177 4690 nis
191 4652 322 4693 summam
335 4638 360 4694 in
376 4639 551 4698 haecuerba:
570 4660 582 4691 ι
601 4639 636 4695 Et
650 4638 673 4695 si
687 4637 728 4694 lex
741 4637 843 4709 aliquid
860 4637 928 4693 cibis
982 4639 1048 4695 derc
1071 4640 1176 4696 videtur
1196 4639 1226 4694 B.
1252 4638 1440 4712 Hieronymus.
1465 4638 1518 4695 Ubi
1541 4637 1576 4692 de
1599 4636 1652 4692 hac
1671 4635 1783 4691 materia

133 4706 257 4776 detrabit,
274 4715 301 4764 et
316 4711 452 4766 immunda
471 4709 625 4781 pronuntiat
642 4708 777 4775 animalia,
794 4724 853 4780 quae
873 4707 927 4763 ali-
983 4709 1073 4767 latias.

133 4781 241 4850 quando
264 4781 407 4838 benedicta
431 4789 502 4848 sunt,
519 4781 660 4839 consilium
683 4784 839 4837 exercenda
861 4794 928 4836 con·

586 4901 628 4953 IV.
648 4901 689 4953 bn
713 4900 959 4954 clacttttctslotts
975 4902 1189 4965 QUAESTIONIJM
1206 4901 1332 4955 clxauto

716 5031 757 5077 Ex
772 5031 875 5078 Eobsnt
903 5032 931 5077 Β.
956 5032 1081 5081 stauos.
1111 5034 1196 5081 uoco.

170 5117 212 5173 Ad
244 5116 422 5190 quaestionem
450 5116 558 5174 Damasi
591 5116 766 5191 penultimam
794 5135 801 5174 :
831 5137 844 5169 ι
877 5116 931 5174 Cur
948 5119 1180 5213 naTertulliano
1204 5129 1299 5177 nostro
1323 5127 1351 5177 ct
1372 5118 1520 5176 Novatiauo
1543 5116 1639 5174 Latino
1658 5125 1782 5173 sermone

135 5205 272 5262 Abraham
289 5205 350 5262 fidei
365 5221 421 5262 suaa
435 5207 544 5281 siguum
558 5206 586 5262 in
607 5205 812 5265 circumcisione
837 5221 930 5262 susce·
985 5207 1142 5264 sinteditae.
1167 5207 1278 5264 Addcus
1298 5209 1380 5264 ctiam
1403 5204 1592 5278 Origenemin
1606 5205 1641 5262 lv
1655 5204 1780 5259 adRom.

136 5296 177 5367 pit
191 5295 271 5366 (Gen.
287 5295 381 5368 xvu)‘.’
397 5297 542 5368 respondet
555 5296 585 5351 B.
601 5295 712 5353 Hieron.
727 5292 880 5363 serbisjam
896 5292 936 5349 ci·
985 5297 1121 5370 εῑηγιῖσιων
1136 5298 1213 5370 Τόμῳ
1231 5296 1265 5354 dc
1290 5297 1508 5356 circumcisione
1529 5292 1671 5367 magnifice
1689 5291 1782 5362 dispu-

137 5383 200 5440 tutis
214 5383 298 5440 alters
313 5384 475 5456 praeeedenti
489 5400 519 5442 se
534 5383 607 5440 illam
633 5382 844 5457 pretermittere,
861 5378 935 5452 quod
987 5394 1067 5445 tasse.

174 5501 216 5554 ΛΠ
230 5498 401 5570 Willissiilbr
414 5498 553 5569 willserit
573 5496 754 5553 Tellulliinlss
776 5493 878 5551 librum
901 5493 935 5554 de
987 5504 1031 5560 eui
1043 5504 1200 5560 nominatim
1224 5503 1296 5560 tiber
1313 5503 1347 5561 de
1367 5499 1585 5561 circumcisione
1605 5497 1784 5554 inscribitur·

142 5570 372 5642 circumcisione,
382 5585 440 5629 non
455 5577 508 5627 tam
517 5571 626 5628 constat
639 5567 762 5640 atquede
775 5566 934 5641 Novatiano,
988 5576 1017 5633 Β.
1033 5575 1143 5634 Hieron.
1169 5575 1259 5636 daret.
1275 5575 1369 5646 serpe
1383 5574 1486 5632 becles.
1507 5570 1591 5643 Atqui
1609 5569 1694 5627 etism
1710 5564 1784 5623 latis·
