3840 6134
89 266 144 339 tlt
414 331 417 338 ,
698 265 760 328 tte.
782 264 818 328 lll
837 261 916 328 llll.
936 261 1140 327 intotonat.
1691 261 1743 329 dli

87 396 170 476 [Paci.
190 413 267 468 xnrv,
282 400 321 471 3),
341 413 428 474 supro
446 395 519 469 filios
537 394 691 463 bominum·
711 393 759 452 sed
780 393 808 452 in
822 394 889 452 alle-
903 406 927 488 fl
944 391 1134 450 medicatorem
1154 391 1296 463 (bourn)
1312 395 1390 467 :lpse
1409 393 1495 462 enim,
1511 393 1606 469 iuquit,
1621 392 1744 453 inrbccil-

86 489 180 565 gerico
212 488 261 548 illo
287 494 358 546 statu
382 487 475 561 gratie
493 484 633 558 spiritalis,
659 501 721 543 oum
740 484 889 558 accingitur
944 484 1041 544 litotes
1056 487 1168 541 nostros
1184 481 1309 550 obstulit,
1323 488 1351 540 ct
1375 483 1524 557 looprrorcs
1537 487 1671 559 porterit.

87 594 182 636 ensem
202 578 227 619 ⁹¹
248 576 390 648 sermonis,
415 576 461 650 qui
483 591 548 632 uere
573 575 678 648 species
705 583 733 630 et
755 574 837 632 decor
859 579 888 630 et
1224 627 1337 684 CAPUT
1354 626 1441 683 XVIII

85 668 175 743 gloria
216 666 302 740 ipsius
336 675 400 724 rst:
436 677 563 723 caeterum
594 665 687 721 habitu
724 664 887 736 incorpora·
1445 668 1451 681 ·

85 757 133 814 bili
152 756 210 828 (bi)
222 755 249 796 ⁹²
264 755 335 828 apud
350 753 475 812 eumdem
490 756 649 827 prophetam
663 754 747 826 (Prot.
770 768 830 820 ιιιιι,
845 758 886 826 7),
977 757 1016 812 De
1044 754 1120 811 exitu
1140 754 1218 827 plane
1242 761 1306 828 puto
1329 752 1510 811 diversitatem
1534 754 1643 811 tentatis
1665 754 1743 813 indu·

85 848 189 905 ecrmis
203 845 286 901 etiam
300 850 395 903 etnon
410 845 500 913 mino,
515 845 674 915 innominio
689 845 812 901 bominis
826 845 888 901 ⁹³ct
940 859 1014 910 cere,
1029 853 1159 919 negantes
1179 842 1333 914 passionem
1360 843 1448 899 crucis
1462 841 1489 897 in
1504 843 1640 899 Christum
1663 843 1744 898 Crea-

85 937 285 1007 nrttlificomcn
306 935 412 1008 populi.
434 934 529 1006 Neque
554 932 711 990 interiorem
731 933 886 1005 qualitatem
941 931 1007 987 toris
1037 932 1219 1003 predicatum,
1246 941 1272 989 et
1299 938 1516 1003 argumentantes
1543 931 1653 1003 insuper
1689 946 1743 989 nou

84 1027 155 1097 ejus,
174 1023 342 1096 ejuscemodi
366 1022 525 1080 annuntiant
544 1023 579 1083 ⁹⁹.
603 1021 631 1079 Si
649 1022 722 1078 enim
747 1021 887 1092 plenitudo
941 1037 1003 1078 esse
1020 1021 1195 1088 credendum,
1215 1028 1244 1079 ut
1269 1020 1297 1077 in
1321 1020 1347 1075 id
1368 1037 1457 1094 geues
1477 1019 1575 1077 mortis
1591 1018 1745 1092 exposuerit

84 1115 111 1171 in
132 1112 181 1171 illo
204 1113 316 1186 spiritus
333 1112 464 1179 constitit,
485 1127 604 1187 agnosco
626 1112 730 1184 virgam
749 1112 887 1170 deradice
940 1111 1051 1169 Creator
1081 1110 1181 1168 Filium
1219 1126 1309 1180 suum,
1339 1110 1413 1183 quod
1449 1110 1508 1184 ipse
1539 1108 1741 1167 maledixerat:

81 1207 176 1272 lesse,·
187 1203 239 1260 llos
253 1203 322 1273 cius,
332 1217 408 1258 meus
422 1201 473 1258 erit
488 1201 619 1267 Christus,
633 1202 885 1277 inquorepuicoit,
941 1200 1115 1270 Maledictus,
1134 1198 1221 1274 inquit
1238 1201 1333 1272 (Dect.
1349 1200 1423 1270 xxi),
1439 1202 1531 1258 omnis
1546 1202 1597 1273 qui
1607 1199 1745 1273 pepende-

82 1293 232 1352 semndum
253 1292 351 1348 lsaiam
367 1292 420 1365 (ιιι,
442 1289 481 1362 2),
496 1288 582 1348 845
597 1293 715 1366 spiritns
738 1295 887 1367 rapientia
941 1291 981 1346 rit
995 1291 1027 1345 in
1041 1292 1126 1363 lieno.
1140 1289 1195 1346 Sed
1208 1289 1288 1360 hujus
1303 1287 1499 1346 maledictionis
1509 1304 1619 1345 sensum
1634 1286 1742 1355 dillero,

81 1387 111 1442 ct
133 1380 314 1445 intellectus,
328 1381 447 1453 spiritus
467 1378 580 1438 consilii
593 1384 622 1436 ct
639 1381 751 1453 viperis,
766 1382 886 1454 spiritus
940 1378 1030 1452 dignm
1058 1380 1115 1435 sola
1139 1379 1329 1451 praedicatione
1357 1380 1455 1450 erucis,
1485 1379 1519 1435 da
1551 1395 1603 1451 qua
1627 1393 1699 1433 nuuc
1717 1374 1742 1416 ⁹⁹

83 1471 241 1546 unitionis
255 1474 283 1529 ct
301 1470 429 1543 pictatis,
444 1470 563 1541 spiritus
583 1470 693 1527 timoris
713 1471 772 1528 Dei.
791 1470 885 1542 Neque
941 1468 1054 1525 maxime
1075 1469 1212 1543 queritur,
1231 1467 1319 1526 316
1333 1468 1397 1541 quia
1417 1478 1444 1525 et
1462 1468 1526 1524 alias
1549 1467 1681 1524 antecedit
1697 1484 1741 1523 re-

82 1559 156 1618 eninr
174 1557 226 1616 ulli
245 1557 387 1614 hominurn
402 1556 540 1614 diversitas
557 1555 719 1630 spiritalium
733 1558 884 1615 documen·
940 1573 998 1612 mm
1023 1558 1145 1628 probatio
1168 1558 1305 1614 rationem.
1328 1559 1367 1613 De
1391 1557 1487 1629 liguris
1515 1555 1591 1628 prius
1613 1554 1741 1612 edoceboi

84 1660 175 1707 torum
193 1648 374 1720 competebat,
398 1646 449 1704 nisi
468 1646 496 1703 in
518 1645 652 1703 Christum
669 1664 676 1701 ι
692 1646 752 1704 llori
773 1648 884 1721 quidem
938 1646 974 1702 Et
1005 1647 1097 1719 utique
1117 1646 1159 1704 rel
1179 1644 1295 1702 maxime
1318 1653 1515 1702 sacramentum
1531 1645 1602 1700 istud
1637 1643 1742 1716 figurar

82 1738 119 1796 ob
140 1736 256 1810 gratim
279 1737 388 1808 spiritus
408 1737 594 1808 adaequatum,
622 1752 654 1792 ex
683 1735 766 1807 stirpe
793 1745 883 1793 autem
937 1733 963 1790 in
979 1734 1168 1807 predicatione
1183 1735 1334 1807 oportebat,
1357 1741 1458 1807 quanto
1478 1733 1640 1800 incredibile,
1666 1738 1740 1788 tanto

85 1828 163 1885 lesse
187 1827 356 1899 deputatum,
385 1842 434 1896 per
456 1824 565 1880 illariam
583 1823 647 1881 iude
665 1824 827 1881 censendum
846 1827 881 1881 ⁹⁵.
901 1805 922 1883 Β
939 1824 1023 1898 magis
1064 1823 1190 1881 scandalo
1222 1823 1349 1892 inimum,
1379 1823 1403 1879 si
1426 1824 1496 1880 nude
1531 1824 1738 1895 prediceretur;

88 1913 234 1986 &postulo
252 1922 343 1971 autem
370 1914 404 1969 de
432 1912 572 1985 proposito
593 1931 599 1968 :
623 1912 645 1970 si
665 1913 713 1969 das
745 1913 769 1971 ei
797 1914 885 1971 omnis
940 1921 1094 1985 quantoque
1114 1911 1297 1986 magnificum,
1317 1918 1391 1968 tanto
1406 1913 1492 1985 magis
1510 1913 1738 1978 obumbrandum,

92 2002 241 2060 humilitatis
275 2011 302 2059 et
334 2001 471 2073 patientiae
503 2008 530 2057 et
558 2000 756 2072 tranquillitatis
793 2002 885 2059 inten-
940 2010 969 2058 ut
984 2000 1128 2058 difficultas
1143 2001 1295 2059 intellectus
1316 1999 1430 2072 gratiam
1449 1999 1500 2056 Dei
1520 2007 1663 2074 quaereret.
1683 1999 1739 2055 lta-

86 2093 197 2161 donem,
215 2100 241 2148 et
255 2108 288 2147 ex
311 2092 353 2146 his
372 2091 446 2146 lsaiae
466 2090 518 2146 erit
538 2089 660 2147 Christus
675 2092 738 2156 tiso.
760 2107 819 2157 ιιιι,
834 2093 883 2162 il:
939 2107 991 2163 que
1006 2090 1033 2146 in
1052 2090 1145 2162 primis
1167 2091 1254 2162 isaac,
1277 2106 1339 2147 curn
1359 2106 1374 2144 a
1395 2097 1471 2162 patre
1494 2089 1522 2146 irr
1553 2089 1668 2147 hostiam
1690 2089 1739 2147 de·

84 2183 170 2240 nomo
188 2182 221 2238 in
238 2184 332 2255 ptopo,
349 2184 378 2239 ct
391 2180 480 2239 acicam
495 2182 571 2252 ferre
585 2179 824 2248 imbecilitatem,-
836 2184 885 2254 qui
938 2187 1021 2254 ditus,
1037 2186 1142 2260 lignum
1161 2187 1285 2258 sibiipsa
1304 2194 1431 2259 portaret,
1447 2187 1546 2243 Christi
1564 2187 1664 2243 exitum
1681 2188 1761 2258 jam1

83 2273 885 2346 munuumooisodoictimomodductusnortmannum
939 2283 1002 2333 tuuc
1029 2275 1185 2342 denotabat,
1213 2276 1241 2332 in
1274 2276 1407 2333 victimam
1421 2276 1543 2333 concessi
1565 2293 1581 2331 o
1607 2278 1696 2345 Patre,
1711 2290 1739 2333 at

80 2359 883 2436 uenusuntetcndcntcmnonupcruitos;qui(lso.xurr,2)
938 2365 1042 2437 lignum
1065 2366 1202 2438 passionis
1220 2381 1277 2422 suaa
1294 2365 1445 2437 bajulantis.
1460 2366 1561 2439 loseph
1575 2374 1602 2423 et
1615 2366 1673 2437 ipse
1687 2366 1736 2422 in¹

81 2468 174 2525 neom
196 2451 354 2519 contendit,
371 2465 460 2526 neque
477 2449 618 2516 obruerit,
645 2466 696 2507 nec
720 2450 819 2507 audito
842 2455 883 2507 cst
937 2452 1071 2511 Christum
1094 2453 1233 2527 figuratus,
1250 2470 1299 2511 nec
1314 2456 1366 2511 hoc
1383 2453 1443 2511 solo
1463 2456 1509 2524 (ne
1528 2453 1653 2511 demorer
1672 2471 1737 2512 cnr·

81 2543 154 2612 torr's
182 2556 238 2597 oon
258 2543 342 2610 ejus,·
356 2541 406 2613 qui
420 2540 592 2597 arundinem
610 2544 768 2606 contusam,
789 2538 882 2606 idest,
938 2543 1010 2614 sum)
1029 2544 1102 2616 quod
1118 2542 1333 2615 persecutionem
1350 2542 1506 2600 afratribus
1524 2560 1621 2615 passos
1634 2552 1686 2615 est,
1710 2551 1738 2603 ct

77 2644 209 2701 quassam
231 2627 385 2685 tucaeorum
413 2627 504 2695 iidem,
531 2644 588 2686 non
609 2630 781 2686 comminuit
801 2650 810 2686 :
834 2630 884 2702 ptri
937 2631 1117 2688 venumdatus
1132 2632 1159 2687 iu
1170 2633 1319 2706 AEgyptnm
1335 2632 1357 2698 ²,
1373 2633 1408 2689 ob
1422 2631 1473 2688 Dei
1488 2633 1612 2704 gratiam,
1627 2635 1697 2689 sicut
1710 2642 1737 2691 et

79 2717 174 2773 lanum
192 2716 309 2788 ardens,
329 2717 407 2784 idest,
429 2724 647 2774 momentaneum
668 2716 791 2774 ardorem
810 2733 882 2790 geu·
937 2717 1057 2778 Christus
1075 2737 1091 2776 a
1113 2720 1214 2777 ludaeis
1239 2720 1381 2778 carnaliter
1402 2720 1532 2777 iratribus
1546 2722 1734 2791 venumdatus,

77 2805 156 2870 tium,
173 2806 398 2871 nomenatincit,
415 2805 616 2861 sedlnccrnam
634 2804 722 2877 magis
741 2805 804 2861 lecit
822 2815 883 2862 ortu
935 2809 1144 2867 aloda³cum
1176 2809 1300 2866 traditur.
1321 2809 1389 2866 Nam
1413 2811 1468 2866 et⁹
1490 2809 1734 2868 benedicitur⁵in

78 2892 198 2948 luminis
216 2894 271 2950 sui.
299 2894 361 2950 Nou
392 2902 482 2965 potest
507 2894 532 2933 ⁹⁶
554 2893 622 2949 alius
645 2910 713 2960 esse,
740 2911 822 2967 quam
837 2896 882 2967 qui
935 2900 993 2955 haec
1011 2900 1093 2956 verba
1115 2899 1208 2970 (Dent.
1229 2915 1332 2971 xxxin,
1358 2900 1422 2971 til:
1450 2900 1533 2957 lauri
1551 2899 1635 2958 decor
1660 2902 1733 2971 eius,

81 2981 287 3054 predicabatur.
310 2983 424 3053 Oportet
446 2991 533 3039 actum
555 2982 616 3052 ejus
630 2983 664 3038 ad
683 2983 881 3055 Scripturarum
935 3003 1043 3043 cernuo
1058 2989 1205 3044 unicornis
1219 2989 1275 3058 (49)
1293 2991 1482 3059 cornuoejrts,
1502 2989 1534 3046 in
1548 2990 1588 3046 cis
1602 2991 1733 3046 notiones

83 3069 208 3140 regulam
228 3072 395 3144 recognosci,
414 3070 523 3142 duplici,
544 3070 596 3126 nisi
614 3071 701 3142 lallor,
722 3080 878 3142 operatione
893 3075 1397 3167 ⁹coentiloln'tpuritcrodsummunt
1409 3083 1606 3151 usqucterrce:
1618 3078 1733 3133 neunti-

85 3157 248 3231 distinctnm,
289 3160 485 3235 praedicationis
520 3168 546 3217 et
578 3161 696 3218 virtutis.
743 3161 796 3219 Sed
845 3161 879 3218 de
932 3179 986 3236 que
1009 3164 1166 3221 rhinoceros
1193 3165 1376 3221 destinabatur
1399 3166 1547 3232 unicornis,
1573 3183 1621 3223 nec
1642 3167 1732 3223 lllioo·

83 3256 202 3321 utroque
226 3248 298 3306 titulo
327 3249 367 3305 sic
393 3248 543 3322 disponam,
573 3257 603 3305 ut
630 3247 758 3322 quoniam
789 3248 878 3321 ipsum
933 3262 1024 3309 taurus
1043 3252 1174 3324 bicornis;
1191 3253 1238 3308 sed
1260 3254 1384 3310 Christus
1410 3252 1437 3307 in
1456 3252 1730 3324 illosignilrcabatur,

77 3351 191 3409 quoque
213 3337 355 3394 llarcionis
382 3337 558 3411 Evangelium
582 3336 680 3395 discuti
706 3336 816 3409 placuit,
843 3338 877 3396 do
930 3351 1023 3399 taurus
1048 3342 1084 3398 ob
1108 3348 1249 3413 utramque
1269 3341 1488 3412 dispositionem
1512 3339 1680 3406 chisimus,
1703 3349 1733 3398 ut

75 3425 225 3499 speciebus
238 3426 418 3485 doctrinarum
436 3435 463 3482 ct
481 3426 620 3500 signorum
640 3426 704 3483 illuc
719 3425 879 3483 difleramus
928 3431 1025 3503 judeam
1051 3430 1110 3486 aliis
1130 3441 1297 3495 mansuetus,
1323 3439 1353 3485 ut
1375 3431 1507 3498 salrator,·
1522 3429 1606 3499 cujus
1630 3443 1731 3485 cornua

76 3514 158 3588 qnasi
182 3514 209 3570 in
237 3530 293 3571 rem
320 3525 511 3586 praesentem:
536 3516 580 3574 hie
603 3524 692 3571 autern
720 3515 879 3587 generaliter
930 3528 1019 3576 esseut
1043 3518 1131 3577 crucis
1147 3517 1247 3574 extima
1266 3519 1289 3576 ⁹.
1308 3519 1369 3574 Nau
1383 3526 1409 3576 et
1432 3518 1461 3573 iu
1485 3525 1601 3574 eumuna
1617 3517 1693 3574 navis
1707 3517 1729 3588 ³,

76 3620 270 3678 expungamus
291 3605 414 3662 ordinem
441 3614 568 3678 coeptum,
590 3605 720 3663 docentes
742 3605 877 3679 praedica-
931 3625 991 3681 qure
1021 3609 1109 3666 crucis
1132 3623 1195 3681 pars
1219 3615 1270 3674 est,
1296 3608 1476 3664 extremitates
1505 3622 1606 3664 cornua
1633 3621 1732 3665 vocan-

77 3703 167 3750 torem
199 3694 305 3752 interim
341 3695 495 3750 annuntiari
530 3694 662 3751 Christum
698 3712 747 3766 per
782 3696 879 3752 lsaiam
932 3707 973 3753 tur
995 3698 1054 3769 (50)
1070 3716 1077 3753 :
1093 3697 1229 3754 unicornis
1252 3704 1352 3763 autern,
1378 3695 1616 3768 media⁹slipitis,
1641 3697 1730 3768 palus.

77 3786 118 3854 (ι.
139 3785 205 3854 lot:
226 3785 293 3854 Quis
316 3786 403 3848 cuim,
425 3785 522 3857 inquit,
538 3787 570 3841 in
588 3785 669 3852 cobis,
687 3787 735 3860 qui
753 3789 839 3842 Deurn
854 3786 878 3825 ⁹⁷
933 3787 987 3842 llac
1001 3786 1117 3859 danique
1130 3784 1227 3842 virtute
1242 3787 1331 3842 crocis
1345 3787 1412 3858 (bl),
1428 3793 1455 3841 et
1472 3786 1525 3842 hoc
1541 3799 1618 3841 more
1632 3799 1732 3841 cornu·

77 3875 187 3930 statuit
205 3872 274 3946 (ta),
290 3878 318 3931 et
332 3874 466 3932 aaudiat
479 3875 504 3914 ⁹⁹
523 3890 616 3935 vocem
634 3876 690 3945 filii
712 3873 791 3947 ejus?
811 3875 878 3930 Item
932 3884 985 3942 tus,
1007 3875 1147 3943 nniversas
1169 3883 1265 3949 gentes
1293 3884 1320 3930 et
1344 3890 1416 3930 nunc
1434 3874 1547 3942 ventilat
1563 3890 1611 3947 per
1637 3871 1729 3944 iidem,

769 3998 865 4062 Variae
883 4004 1039 4063 lectiones.

114 4131 138 4169 ⁹¹
154 4131 228 4186 Ense
247 4129 334 4188 llbcn.
352 4130 436 4188 Semi.
455 4130 563 4190 ocant.
578 4130 604 4169 ⁹⁹
617 4131 648 4186 ln
670 4130 805 4201 corporali
819 4132 885 4188 tun.
914 4131 1079 4202 incorporali
1093 4133 1156 4189 olii.
1172 4131 1198 4169 ⁹³
1213 4131 1335 4189 Hominis
1349 4134 1426 4189 obest
1445 4134 1510 4187 Por.
1532 4131 1557 4169 ⁹⁹
1571 4130 1730 4201 Cujusmodi

77 4202 317 4258 annuntiasScmt.
332 4202 463 4271 eiusmodi
478 4202 637 4257 annuntiant
652 4204 717 4257 Por.
733 4201 792 4256 cod.
823 4203 925 4261 Wouw.
950 4204 1089 4258 adnuntiat
1113 4205 1172 4270 litu.
1189 4203 1214 4241 ⁹⁵
1233 4204 1399 4260 censendam
1415 4203 1505 4258 littere.
1524 4202 1609 4258 Scml.
1625 4203 1690 4256 tun.
1705 4200 1731 4240 ⁹⁶

81 4273 212 4327 lixtinxit.
226 4273 288 4330 Non
304 4269 699 4342 potesnnilrtttntcrmedtam,
716 4271 802 4328 Rbcn.
814 4272 900 4328 Semi.
923 4273 1033 4331 Obcrtlr.
1053 4274 1121 4329 lun.
1145 4262 1170 4310 ⁹⁷
1198 4273 1343 4345 Dominum
1357 4275 1419 4328 ulii.
1435 4273 1460 4311 ⁹⁹
1487 4272 1617 4328 Exaudiet
1644 4274 1728 4328 Fron.

86 4345 183 4399 l'enet.
199 4344 258 4415 Rip.
276 4341 301 4382 ⁹⁹
315 4343 381 4399 Cum
401 4344 486 4399 inser.
502 4346 563 4400 lut.
581 4344 590 4381 ¹
610 4343 638 4397 ln
653 4344 749 4400 omitt.
765 4343 853 4400 iiten.
868 4344 953 4401 Semi.
968 4343 1077 4400 liberti.
1094 4342 1106 4380 ²
1134 4344 1168 4398 Et
1184 4344 1301 4399 venund.
1317 4345 1345 4397 in
1359 4344 1505 4417 AEgyptum
1520 4343 1616 4400 omitt·
1643 4343 1729 4400 Semi.

80 4422 94 4455 ⁸
117 4414 239 4469 tenund.
255 4413 353 4469 eluda
370 4415 464 4471 omitt.
476 4413 561 4472 llbcn.
579 4415 664 4472 Semi.
684 4412 795 4469 Olrcrtlt.
810 4413 823 4450 ¹·
836 4410 975 4470 Traditur.
990 4414 1057 4469 Nam
1072 4421 1108 4482 et,
1124 4415 1217 4470 omitt.
1248 4414 1333 4471 Senot.
1349 4413 1361 4450 ⁵
1375 4416 1398 4468 Α
1412 4424 1490 4485 patre
1504 4414 1606 4471 inserit
1643 4415 1729 4469 Semi.

78 4493 180 4554 aperte
193 4485 278 4541 ulii.⁶
291 4485 407 4542 Ειιιιιιιι
423 4483 509 4542 liban.
519 4486 603 4543 Semt.
620 4482 730 4543 Oberllr.
745 4484 756 4521 l
771 4482 907 4540 Antemna
921 4486 1008 4545 liltcn.
1025 4486 1111 4543 Semi.
1144 4484 1253 4554 Olcrtlr,
1267 4489 1295 4541 et
1309 4485 1405 4541 omitt.
1423 4484 1510 4541 navis.
1526 4486 1539 4522 ⁹
1553 4483 1655 4539 lledius
1668 4484 1728 4542 cod.

86 4558 221 4616 Wouwer.

780 4652 1032 4717 Commentarius.

119 4793 178 4863 (l'l)
199 4793 301 4849 Habitu
321 4791 534 4864 incorporabili.
555 4790 652 4847 Forma
678 4805 730 4861 qna
751 4790 880 4861 incorpo-
897 4807 920 4885 n
936 4789 1024 4862 ipsum
1048 4789 1083 4846 da
1100 4790 1201 4861 loseph
1222 4788 1343 4860 alloyse
1374 4785 1508 4858 prolatum
1526 4786 1606 4841 Dect.
1625 4799 1731 4854 xxxrrr,
1786 4850 1799 4871 Α

82 4863 149 4933 rari,
164 4863 221 4919 sive
243 4863 378 4918 incarnari
392 4863 507 4918 habebat
520 4863 652 4918 Christus.
668 4861 730 4918 liin.
746 4862 825 4917 —ld
840 4871 882 4919 est
936 4876 990 4918 uon
1007 4861 1091 4918 modo
1111 4861 1231 4917 lustinus
1250 4869 1359 4932 martyr,
1375 4875 1407 4914 er
1425 4873 1479 4929 quo
1499 4856 1553 4913 lere
1568 4857 1603 4912 ad
1620 4856 1732 4914 verbum

83 4937 168 4990 multo
195 4934 296 5006 potius,
327 4943 357 4990 ut
383 4933 462 4990 nobis
491 4934 603 4998 ridetur,
642 4932 735 4988 habitu
763 4931 881 4989 informi.
937 4934 995 4989 haec
1008 4932 1160 5005 desumpsit
1172 4933 1285 4995 Auctor,
1300 4930 1348 4987 sed
1360 4931 1439 4989 etiam
1454 4931 1484 4985 B.
1500 4931 1614 5002 august.
1633 4936 1732 5001 quast.

81 5005 153 5062 Euo.
935 5005 963 5060 in
985 5007 1065 5061 Dent.
1081 5020 1140 5076 cap.
1158 5019 1214 5070 cvr,
1235 5011 1261 5057 et
1274 5003 1412 5074 Rabanusi
1426 5003 1453 5057 in
1478 5016 1577 5058 comm.
1602 5002 1635 5058 de
1656 5000 1733 5058 Chri·

118 5074 884 5148 (48)Quireniminuotriainpuit,quillcuntnceluit?
935 5082 977 5131 sto
1000 5076 1219 5145 interpretantur.
1242 5074 1310 5131 Parc.

84 5148 124 5202 lta
147 5149 221 5203 huuc
241 5147 329 5202 locum
349 5147 384 5202 la.
405 5161 431 5215 n,
447 5147 510 5204 citat
529 5155 556 5203 et
578 5147 768 5219 interpretatur
783 5146 812 5199 B.
829 5146 882 5218 Cy·
971 5147 1233 5217 (doldxtrcrnitutcs
1247 5161 1354 5203 cornato
1368 5147 1516 5205 nocentur.
1532 5145 1561 5201 si
1573 5144 1662 5220 capud
1676 5143 1735 5201 Vir-

84 5217 159 5273 rillus
174 5217 279 5273 Comm.
304 5218 333 5272 in
356 5218 394 5274 ls.
409 5234 441 5274 ex
465 5232 519 5288 quo
545 5218 624 5275 etiam
645 5217 786 5288 suppletur
809 5217 884 5288 prior
935 5216 1051 5288 gilium:

84 5289 166 5359 hujus
182 5291 326 5362 scripturae
348 5302 422 5361 pars,
437 5304 500 5351 uuae
521 5288 548 5344 lu
567 5289 722 5362 exemplari,
738 5303 793 5360 quo
817 5305 883 5345 usos
1328 5340 1333 5350 ,

87 5371 127 5417 ω
139 5360 169 5416 Β.
190 5361 385 5433 pheronymus,
405 5374 459 5416 non
479 5360 671 5431 reperiemur.
685 5369 711 5416 e,
726 5371 815 5417 ,amen
831 5376 883 5433 ge,
965 5337 1067 5391 Cornua
1080 5342 1220 5393 relamrum
1237 5339 1393 5392 obvertimus
1403 5347 1578 5392 antennarum.
1591 5339 1627 5389 Lu
1640 5337 1686 5389 Px.

86 5431 195 5488 umnam
216 5449 279 5490 esse
299 5436 415 5498 constat,
436 5438 531 5504 utpote
554 5445 609 5487 non
628 5432 671 5486 hic
694 5432 775 5489 modo
792 5431 881 5501 citata,
971 5428 1088 5500 (illitae
1104 5429 1221 5505 deniqne
1240 5434 1346 5490 virtute
1359 5430 1461 5489 crucia
1475 5430 1614 5486 Maximam
1629 5442 1736 5498 semper

86 5503 131 5560 sed
148 5503 228 5561 etiam
243 5504 291 5562 lib.
308 5519 337 5559 ιι
351 5503 413 5562 ndu.
428 5504 520 5562 Marc.
537 5518 597 5573 cap.
612 5505 656 5557 22.
673 5503 739 5558 Pru.
935 5497 1020 5556 luisse
1043 5501 1167 5557 virtutem
1197 5504 1286 5560 erucis
1304 5511 1436 5560 testantur
1462 5498 1608 5570 cujuslibet
1633 5503 1737 5568 tempo·

121 5576 180 5645 (49)
205 5577 290 5634 Tauri
307 5573 390 5634 decor
403 5576 474 5643 cius,
499 5589 606 5633 cornua
630 5574 786 5633 unicornis.
809 5573 883 5631 lstud
936 5570 975 5627 ris
998 5571 1126 5629 historiae.
1152 5572 1275 5631 lulianus
1298 5573 1398 5648 quippe
1411 5572 1490 5645 imp,
1510 5571 1571 5627 licet
1587 5573 1736 5640 apostatam
