3840 6134
134 287 188 348 cll
743 289 804 349 litt.
827 290 851 349 ll
871 292 951 351 tul.
972 295 1175 357 MARCIONEM.
1736 303 1790 364 342

131 417 171 474 od
195 417 403 490 paenitendum.
428 417 491 472 llaec
515 415 604 487 itaque
623 415 743 473 delinitio
767 416 796 471 in
818 418 943 474 omnibus
957 434 980 513 g
997 421 1152 488 homiuem,
1184 421 1211 476 iu
1242 420 1323 479 causa
1355 434 1401 479 aut
1426 425 1576 499 negationis
1602 431 1651 485 set
1676 427 1789 486 contes-

131 506 213 561 aliam
246 504 361 561 sormam
406 503 502 559 divina
532 503 696 575 paenitentiae
730 504 841 575 statuit,
882 523 943 578 qnae
996 512 1080 570 sionis
1094 513 1117 550 ⁵¹
1133 514 1209 569 daret
1227 512 1253 569 ei
1271 512 1360 569 locum
1375 521 1472 584 sponte
1489 512 1633 572 confitendi
1652 516 1788 586 delictum,

130 608 220 664 neque
246 608 281 647 ex
304 592 529 664 improvidentia,
557 608 643 665 neque
668 608 702 649 ex
721 593 775 648 ulla
799 593 864 650 boni
896 606 943 653 aut
995 609 1022 658 et
1044 602 1097 658 hoc
1120 603 1228 658 nomine
1250 602 1387 659 relevandi
1410 604 1445 670 44,
1460 603 1529 660 sicut
1552 606 1586 661 de
1610 607 1676 662 Cain
1695 605 1790 663 scisci·

129 681 195 738 meli
219 681 310 754 operis
336 680 510 738 damnatione
537 689 690 752 reputetur,
722 683 790 738 sicut
811 684 938 740 liutricus.
995 698 1075 761 tatur,
1101 692 1210 748 ubinam
1234 691 1316 748 irater
1339 693 1413 763 ejus,
1430 693 1508 764 quasi
1536 709 1590 749 non
1612 696 1668 765 jam
1690 695 1790 753 vocife-

128 768 200 839 Quis
215 784 282 842 ergo
296 770 345 824 ent
359 784 420 825 unns
438 768 605 840 poenitauttae
620 769 736 825 ‹tit-tuat
754 771 813 824 tam
829 773 940 840 relucet,
995 786 1080 834 ratum
1104 797 1119 834 a
1143 789 1214 835 terra
1238 781 1400 853 sauguinem
1424 781 1518 837 abetis
1540 781 1681 839 audisset:
1698 785 1792 842 sadut

129 860 153 914 si
167 876 224 915 non
246 859 281 913 ad
306 860 436 914 humanas
458 857 626 915 conditiones
647 876 708 915 eam
738 861 850 919 referas.
867 864 941 921 Niliii
994 877 1021 924 ot
1044 867 1090 923 ille
1109 868 1220 924 haberet
1243 875 1403 939 potestatem
1420 885 1453 926 ex
1477 869 1572 927 eadem
1587 870 1692 928 arbitrii
1715 881 1791 942 pote·

128 948 203 1004 enim
230 945 304 1002 aliud
330 945 515 1021 intelligetur,
544 963 626 1019 quam
650 947 766 1021 simplex
797 952 941 1008 conversio
994 964 1062 1013 state
1076 967 1171 1028 sponte
1183 957 1300 1032 negandi
1309 958 1408 1025 delicti,
1418 969 1444 1015 et
1458 959 1511 1016 hoc
1521 960 1634 1017 nornine
1644 961 1789 1034 gravandi3

128 1036 272 1093 tententiae
300 1035 413 1106 prioris,
439 1052 501 1106 (11¹ae
528 1035 611 1092 eliam
640 1036 698 1092 siue
730 1039 940 1109 reprehensione
996 1045 1221 1115 atqueitauobis
1240 1047 1556 1120 conderenturexempla
1573 1047 1790 1107 confitendorum

127 1130 189 1196 ejus
203 1126 292 1198 possit
304 1124 420 1193 admitti,
443 1126 523 1181 etiam
543 1126 569 1180 in
592 1126 710 1195 homine,
730 1125 817 1185 314
841 1130 939 1186 nedum
995 1133 1084 1206 potius
1116 1135 1276 1192 delictorum
1304 1152 1386 1207 quam
1414 1136 1603 1210 negandorum
1636 1155 1643 1193 ε
1673 1145 1703 1194 ut
1734 1140 1789 1209 jam

127 1216 156 1274 in
171 1217 241 1282 Deo,
258 1214 337 1291 cujus
355 1214 444 1271 omnis
463 1214 597 1270 sententia
616 1223 690 1271 caret
712 1216 802 1289 culpa.
822 1218 891 1273 Nam
915 1231 941 1278 et
993 1228 1058 1279 tune
1071 1221 1223 1280 initiaretur
1233 1223 1388 1295 evangelica
1397 1223 1520 1280 doctrina
1535 1225 1721 1294 (Mottl.,xn,
1733 1226 1789 1296 ill:

127 1309 156 1364 in
191 1305 291 1362 Graeco
315 1318 382 1359 sono
409 1305 466 1375 (ll)
495 1304 661 1375 paenitentiae
693 1322 793 1362 nornen
823 1322 877 1363 non
908 1324 938 1364 eir
994 1313 1099 1368 Exere
1115 1315 1162 1368 tuo
1173 1311 1430 1381 justificuoertr⁵³‚
1448 1318 1590 1371 eiecere
1607 1316 1790 1373 tendantne·

129 1393 222 1453 delicti
235 1393 417 1463 confessione,
446 1393 494 1450 sed
513 1409 547 1449 ex
567 1392 649 1448 animi
668 1395 848 1452 demutatione
867 1412 941 1454 com·
993 1399 1064 1456 berta
1079 1399 1113 1452 44.
1128 1395 1215 1454 atr»
1229 1398 1298 1452 Nam
1314 1398 1365 1454 etsi
1379 1399 1465 1454 Adam
1483 1410 1595 1471 propter
1607 1409 1705 1457 statum
1721 1403 1789 1475 legis

129 1485 247 1557 positum
264 1485 355 1549 ⁴²est,
370 1498 450 1554 quam
465 1485 536 1555 apud
551 1483 638 1540 Deum
652 1501 702 1555 pro
722 1502 812 1543 rerum
832 1488 940 1545 rarian·
995 1485 1104 1542 deditus
1127 1485 1207 1541 morti
1228 1496 1278 1552 est,
1295 1486 1343 1543 sed
1375 1504 1439 1560 spes
1461 1488 1487 1543 ei
1510 1487 1583 1546 salva
1606 1496 1657 1558 est,
1682 1490 1789 1546 dicente

130 1574 195 1631 dum
210 1586 274 1630 sese
288 1586 408 1629 occursu
422 1570 479 1627 lieri
493 1571 518 1609 ⁴³
543 1572 726 1629 ostendimus.
994 1574 1120 1630 Domino·
1140 1576 1219 1645 (Gen.
1245 1591 1292 1640 ιιι,
1313 1578 1357 1647 22)
1383 1597 1393 1634 .·
1416 1579 1486 1634 Eece
1513 1577 1603 1634 Adam
1625 1582 1720 1649 taetus
1746 1584 1789 1637 est

994 1669 1132 1738 tanquam
1146 1680 1220 1720 ocos
1234 1680 1270 1722 ere
1280 1665 1374 1722 nodis:
1385 1665 1418 1720 de
1432 1667 1520 1721 littura
1534 1666 1634 1723 seilicet
1648 1667 1788 1725 allectione

416 1712 529 1769 CAPUT
548 1713 640 1770 ΧΠ
723 1794 726 1801 .
991 1751 1107 1809 bominis
1135 1752 1163 1807 in
1188 1751 1368 1810 divinitatem.
1397 1754 1530 1824 Denique,
1556 1756 1621 1827 quid
1644 1756 1786 1828 sequitur?

168 1838 223 1892 lam
249 1851 323 1893 nunc
357 1844 386 1891 ut
415 1835 504 1891 omnia
538 1835 673 1904 ejusmodi
711 1836 864 1907 expediam,
901 1837 936 1894 ad
989 1840 1029 1897 nt
1042 1857 1121 1896 ncne
1135 1856 1172 1896 rte
1185 1840 1298 1913 quauta
1312 1841 1447 1898 extendet
1461 1848 1629 1908 manumet
1644 1851 1740 1901 acmot
1754 1846 1787 1903 de

137 1936 244 1982 mteros
261 1924 437 1997 pusillitates,
453 1934 481 1980 et
504 1923 685 1992 infirmitates,
706 1933 732 1981 et
751 1925 935 1998 incongruen-
992 1929 1065 2000 ligno
1084 1932 1160 1996 vitae,
1180 1931 1296 1987 etaient
1311 1931 1342 1985 in
1362 1939 1462 1987 terum.
1478 1930 1655 2000 Interponens
1670 1933 1743 1988 enim
1758 1939 1786 1991 et

135 2015 182 2070 tias
200 2013 243 2084 int
263 2013 377 2085 putatis)
403 2013 620 2084 interpretandas
640 2015 847 2087 purgandasque
871 2033 936 2087 per·
990 2036 1078 2085 tenete,
1101 2019 1241 2090 praesentis
1266 2019 1395 2090 temporis
1417 2019 1539 2088 verbum,
1560 2022 1736 2092 temporalem
1759 2029 1786 2078 et

131 2103 243 2159 tendam.
268 2103 399 2159 Inclamat
421 2104 495 2160 Deus
513 2101 675 2175 (Geo.111):
693 2105 791 2171 Artem,
818 2107 865 2163 itte
888 2109 936 2166 es?
988 2107 1022 2160 ad
1051 2122 1174 2178 praesens
1201 2106 1356 2162 dilationem
1388 2107 1450 2163 vitae
1473 2108 1569 2165 fecisse
1597 2123 1627 2164 se
1654 2110 1784 2169 ostendit.

129 2193 230 2249 seilicet
255 2193 389 2264 ignorans
424 2194 469 2248 ubi
493 2194 583 2248 esset?
606 2201 632 2247 et
663 2203 775 2251 causato
808 2196 936 2253 nuditatis
988 2195 1106 2266 Ideoque
1130 2210 1181 2251 nec
1196 2195 1334 2251 maledixit
1354 2196 1442 2266 ipsum
1458 2196 1554 2263 Adam,
1575 2212 1625 2254 nec
1645 2197 1739 2262 Evam,
1756 2205 1785 2254 ut

128 2283 240 2356 pudere,
263 2299 300 2337 an
321 2281 356 2337 de
375 2283 472 2338 arbore
497 2293 636 2355 gustasset
654 2283 813 2359 interrogat,
834 2286 936 2344 scilicet
989 2283 1166 2339 restitutionis
1179 2284 1203 2373 44
1218 2283 1375 2341 candidatos
1390 2284 1458 2357 (72),
1474 2293 1503 2341 ut
1521 2284 1692 2342 confessione
1712 2286 1784 2343 rele-

128 2372 266 2430 incertus?
292 2372 351 2428 lmo
374 2387 425 2428 nec
452 2371 571 2429 incertus
594 2372 714 2442 admissi,
742 2389 792 2430 nec
807 2374 935 2448 ignorans
989 2379 1075 2431 vatos.
1092 2372 1158 2445 Cain
1173 2388 1236 2430 vero
1251 2382 1277 2429 et
1300 2374 1324 2412 44
1339 2373 1485 2439 maledixit,
1501 2382 1527 2430 et
1550 2373 1678 2447 cupidum
1698 2383 1785 2434 morte

129 2461 187 2519 loci.
206 2461 365 2517 Enimvero
390 2462 533 2532 oportebat
552 2461 717 2518 conscientia
736 2465 840 2533 peccati
863 2464 934 2520 deli·
989 2460 1063 2518 tuere
1090 2462 1217 2519 delictum
1253 2462 1322 2519 mori
1349 2462 1456 2519 interim
1488 2464 1595 2531 vetuit,
1624 2471 1655 2519 ut
1686 2446 1785 2536 praetei

130 2559 287 2617 tescentem,
321 2557 464 2607 evocatum
502 2550 610 2620 prodire
635 2552 659 2588 ⁴⁴
695 2551 723 2607 in
760 2561 933 2623 conspectum
988 2552 1145 2621 admissum,
1163 2552 1243 2608 etiam
1267 2553 1421 2626 negationis
1442 2554 1502 2624 ojus
1517 2554 1540 2593 44
1556 2560 1706 2611 oneratum.
1722 2555 1785 2611 llaec

130 2642 244 2707 Domini,
272 2654 327 2696 non
357 2640 415 2695 sola
438 2640 556 2696 nominis
574 2640 776 2710 inclamatione,
804 2642 853 2698 sed
872 2657 934 2698 cum
988 2640 1039 2696 crit
1053 2640 1205 2714 ignorantia
1226 2640 1275 2696 Dei
1289 2642 1386 2708 nostri,
1401 2658 1462 2713 quae
1476 2643 1536 2698 ideo
1556 2642 1734 2710 simulabitur,
1751 2660 1786 2701 ne

130 2730 214 2804 tique
235 2731 295 2800 jam
325 2735 388 2784 tune
410 2727 524 2784 admissi
548 2729 750 2804 suggillatione.
781 2732 836 2788 Nec
861 2732 934 2786 enim
987 2729 1146 2804 delinquens
1159 2733 1251 2798 homo,
1268 2732 1334 2804 quid
1347 2732 1399 2787 sibi
1415 2734 1549 2805 agendum
1563 2732 1609 2798 sit,
1627 2733 1734 2806 ignoret
1748 2735 1783 2788 44.

130 2818 241 2892 simplici
252 2817 345 2882 modo,
362 2816 389 2872 id
408 2825 450 2873 est
464 2817 674 2892 interrogatorio
690 2834 769 2885 sono,
789 2819 934 2895 legendum
988 2819 1042 2875 Sed
1065 2820 1099 2874 ad
1128 2819 1273 2876 Sodomam
1309 2828 1337 2876 et
1368 2820 1546 2878 Gomorrham
1574 2821 1744 2877 descendens
1774 2841 1781 2877 :

132 2916 178 2974 est,
198 2907 302 2976 ntum,
324 2905 371 2962 uos
390 2923 417 2964 es
437 2905 480 2962 ⁴⁵?
501 2907 548 2963 sed
566 2906 700 2978 impresso
720 2915 748 2963 et
766 2907 885 2974 incusso,
908 2925 934 2982 ep
993 2909 1095 2975 Videte,
1111 2909 1148 2965 ait
1161 2910 1243 2980 (Gen.
1264 2926 1340 2976 ιιιιιι,
1358 2911 1411 2982 at),
1423 2913 1447 2968 st
1460 2911 1616 2968 seeundum
1630 2911 1783 2968 electorem

135 2995 299 3068 imputativo,
314 2996 417 3062 Adam,
437 2996 486 3050 ott
498 3000 544 3051 es?
564 2996 589 3051 id
606 3003 656 3060 est,
672 2995 699 3050 in
723 2997 874 3066 perditione
886 3013 931 3065 es;
987 3001 1196 3070 perennitatem
1210 3000 1246 3056 od
1255 3015 1297 3055 me
1308 3004 1504 3057 consomtrtent
1514 3001 1548 3067 ⁵⁹,
1560 3002 1586 3056 si
1595 3017 1658 3058 vero
1670 3016 1737 3071 con,
1748 3005 1783 3056 ut

137 3083 161 3141 id
187 3095 238 3150 est,
255 3086 310 3154 jam
333 3085 376 3141 liic
400 3099 454 3140 non
477 3100 523 3152 es,
552 3093 582 3139 ut
605 3093 631 3140 et
659 3085 683 3122 44
709 3084 866 3157 increpandi
905 3097 932 3142 ct
948 3055 1192 3156 cognoscamini
1214 3086 1416 3152 bic,videlicet,
1437 3102 1470 3141 ca
1492 3087 1645 3160 ignorantia
1663 3088 1782 3145 incertus

138 3170 244 3227 dolendi
264 3170 351 3227 esitus
375 3186 426 3228 roa
447 3170 491 3225 sit.
509 3170 712 3241 Caeterumqni
733 3178 818 3226 totum
839 3173 931 3229 orbem
987 3182 1014 3228 et
1043 3172 1112 3228 scire
1141 3172 1278 3242 cupidus?
1304 3189 1338 3226 an
1367 3173 1410 3229 hic
1441 3188 1524 3229 sonas
1552 3175 1781 3245 pronuntiationis

135 3259 336 3332 comprehendit
363 3276 446 3315 manu
477 3260 551 3319 vetut
587 3259 691 3325 nidum,
726 3261 804 3330 cujus
831 3261 931 3317 coelum

135 3349 250 3415 tironus,
271 3361 299 3404 et
317 3359 389 3404 terra
410 3348 568 3416 scabellum,
589 3348 714 3404 nimirum
738 3350 820 3419 hujus
838 3351 931 3407 oculos

135 3438 219 3510 tique
251 3437 371 3509 paradisi
400 3437 487 3509 portio
519 3446 652 3506 evaserat,
686 3453 741 3509 quo
770 3438 859 3496 minus
890 3439 930 3495 illi

135 3526 285 3599 ubicunqne
302 3526 392 3581 Adam
415 3529 476 3580 ante
500 3528 684 3583 evocationem
708 3526 850 3594 viseretur,
876 3538 929 3585 tam

135 3614 223 3684 biens,
248 3616 385 3688 quamde
408 3614 549 3672 interdicta
578 3615 656 3689 fruge
680 3617 810 3673 sumens?
832 3617 930 3686 Specu-

136 3703 242 3762 latorem
266 3704 353 3760 vineae
380 3702 422 3759 vel
440 3703 512 3759 horti
541 3703 578 3760 tui
601 3704 681 3775 lupus
702 3712 749 3760 aut
771 3703 929 3761 furunculus

137 3810 181 3857 uon
198 3795 278 3852 latet.
294 3794 382 3850 Deum
402 3801 468 3865 puto
486 3793 520 3850 de
535 3792 737 3849 sublimioribus
755 3793 929 3850 oculatiorem

136 3883 225 3958 siquid
251 3883 367 3953 subjecti
391 3880 526 3951 praeterire
552 3884 607 3936 non
636 3897 728 3953 posse.
759 3880 857 3950 Stulte,
881 3881 930 3953 qui

985 3263 1165 3326 necessarius,
1190 3276 1245 3317 nou
1272 3261 1461 3328 dubitativum,
1487 3261 1536 3317 sed
1559 3262 1780 3321 comminativum

985 3351 1140 3424 exprimens
1178 3365 1288 3405 sensum
1329 3349 1380 3407 sub
1413 3351 1603 3408 sciscitationis
1644 3352 1781 3408 obtentu?

984 3440 1062 3509 Quod
1095 3438 1116 3496 si
1144 3441 1301 3494 descensum
1332 3454 1440 3512 quoque
1477 3439 1526 3495 Dei
1557 3438 1670 3510 irrides,
1704 3441 1778 3512 quasi

984 3520 1061 3583 aliter
1075 3542 1129 3583 non
1149 3527 1266 3598 potnerit
1282 3527 1411 3596 perlicere
1427 3527 1573 3600 judicium,
1593 3529 1644 3584 nisi
1663 3529 1779 3585 descen-

983 3617 1076 3683 disset,
1092 3615 1153 3675 vide
1176 3631 1209 3671 ne
1232 3623 1307 3671 tuum
1332 3632 1409 3689 aeque
1432 3617 1516 3672 Deum
1538 3617 1638 3688 pulses.
1666 3618 1779 3676 Namet

982 3705 1029 3763 ille
1042 3703 1191 3772 deseendit,
1208 3713 1238 3761 ut
1252 3704 1325 3777 qnod
1340 3706 1427 3772 vellet,
1448 3704 1581 3762 eliceret.

1255 3847 1368 3904 CAPUT
1401 3846 1501 3903 XXVI.

138 3981 230 4029 tantum
250 3979 443 4044 argumentum
467 3970 565 4026 divinae
586 3970 744 4039 maiestatis,
760 3977 787 4024 et
805 3970 937 4035 humanu·
1018 3970 1072 4026 Sed
1097 3975 1125 4026 et
1145 3970 1218 4039 jurat
1244 3971 1325 4027 Deus.
1355 3971 1492 4043 Numquid
1517 3971 1585 4030 forte
1610 3989 1659 4046 per
1690 3974 1779 4031 Deum

138 4059 326 4126 astructionis,
347 4075 413 4117 naso
430 4061 502 4133 agis.
522 4058 704 4131 interrogabat
722 4059 745 4096 44
763 4060 835 4115 Deus
848 4056 928 4132 quasi
945 4057 1144 4169 nllarcionis?
1159 4058 1226 4127 lmo,
1248 4057 1344 4131 inquit,
1360 4060 1434 4130 quod
1459 4061 1543 4117 multo
1566 4053 1662 4119 vanius
1680 4063 1716 4128 44,
1731 4081 1779 4135 per

138 4148 259 4218 incertus,
280 4158 310 4205 ut
329 4150 354 4187 44
368 4158 395 4205 et
412 4148 476 4205 hinc
494 4149 519 4187 44
538 4146 618 4203 liberi
633 4146 736 4202 arbitrii
755 4148 875 4220 probans
903 4149 928 4186 44
983 4144 1167 4216 semetipsum.
1185 4144 1256 4213 Quid
1275 4146 1358 4204 velles
1370 4148 1393 4186 44
1418 4146 1517 4205 laceret
1532 4150 1566 4217 44,
1583 4150 1604 4205 si
1620 4150 1689 4206 alius
1704 4152 1778 4207 Deus

815 4290 912 4352 Variae
938 4292 1092 4351 lectiones.

166 4428 190 4466 44
205 4428 399 4497 comparatum
409 4426 463 4483 elii
487 4427 513 4465 ⁴³
527 4427 594 4498 Regi
614 4430 706 4485 Venct.
727 4427 786 4496 etp.
803 4424 842 4480 rei
856 4425 915 4481 cort.
931 4424 1195 4487 Pitineoccursura,
1209 4421 1376 4478 ostendimus
1391 4422 1499 4485 Pomsi.
1514 4428 1600 4482 Fron.
1614 4427 1639 4465 44
1660 4428 1779 4485 Prodere

138 4500 190 4571 ltig.
212 4501 307 4555 l'enct.
323 4497 409 4552 ⁴³³Ubi
423 4515 463 4564 es,
481 4497 563 4552 adam
579 4501 641 4555 (etti.
654 4501 679 4537 44
690 4498 721 4552 Et
731 4498 808 4552 abest
818 4499 907 4551 Poris.
920 4495 943 4533 44
959 4496 1107 4568 interrogat
1121 4495 1207 4575 Semi.
1221 4494 1246 4532 44
1261 4495 1294 4548 Ut
1309 4493 1385 4575 abeat
1401 4494 1549 4575 l’nmet.·⁴⁹
1562 4496 1612 4550 llic
1627 4499 1676 4604 stig
1696 4501 1779 4556 Vener

139 4571 215 4627 Seram
231 4571 256 4607 44
271 4570 429 4639 Improbans
446 4569 532 4625 diacre.
546 4571 568 4607 44
586 4572 618 4626 Ut
635 4574 720 4627 inser.
737 4568 821 4626 Senot.
842 4568 950 4622 Petraei.
967 4567 1232 4622 ⁵²Reveland1Por.
1249 4564 1273 4603 ⁵³
1293 4564 1539 4633 Comustrficabeus
1562 4569 1646 4623 libert.
1677 4570 1688 4606 4
1703 4569 1777 4623 Con-

137 4639 304 4697 damnaberis
313 4642 367 4695 clii
377 4658 414 4696 ee
435 4642 560 4712 litigato.
578 4641 601 4678 44
615 4639 789 4697 destitutioni
800 4639 888 4695 libert.
905 4637 928 4674 44
942 4636 977 4690 Et
991 4637 1064 4707 negt.
1078 4640 1137 4710 nep.
1156 4639 1244 4695 l'enet.
1256 4638 1279 4674 44
1293 4634 1425 4706 Exemplo
1437 4639 1521 4691 Frate.
1531 4636 1556 4673 44
1567 4638 1701 4707 ignoraret
1712 4640 1776 4693 etit.

135 4711 157 4749 44
174 4713 342 4769 consument
355 4711 435 4767 Pam.
462 4713 553 4768 Venet.
571 4714 655 4769 Semi.
672 4713 697 4750 44
719 4710 800 4767 llulta
814 4724 908 4773 vanus,
929 4707 1000 4779 quod
1015 4710 1099 4764 Semt.
1117 4709 1223 4766 Pemet.
1240 4709 1263 4746 44
1279 4704 1364 4764 Vellet
1378 4706 1430 4779 (ut)
1446 4709 1531 4764 Semt.
1547 4706 1572 4745 44
1585 4706 1681 4762 Facere
1695 4709 1776 4765 Pam.

134 4784 194 4841 Por.

835 4908 1085 4970 Counncntarius

168 5014 226 5082 (tl)
242 5015 315 5072 Nom
330 5018 358 5071 et
373 5015 405 5070 tn
421 5015 517 5071 Graeco
531 5032 608 5081 sotto,
625 5017 864 5088 etnl'oxpeubeta
877 5028 927 5086 pro
982 5011 1034 5067 alio
1058 5012 1117 5068 loco
1140 5010 1232 5075 utitur,
1253 5026 1316 5067 curn
1337 5010 1494 5069 aeternitatis
1522 5012 1679 5071 candidatos
1701 5014 1777 5071 dicit.

130 5101 185 5156 quo
207 5102 239 5140 ex
258 5087 356 5142 Graeco
376 5088 546 5159 poenitentia
571 5087 744 5155 transfertur,
764 5103 780 5141 a
807 5087 932 5157 μετανοεῖν
987 5083 1127 5139 Candidati
1151 5083 1284 5153 supplices
1298 5091 1374 5138 crant
1389 5090 1415 5137 et
1436 5084 1587 5141 ambientes
1605 5086 1779 5159 magistratus

132 5157 279 5222 derivatur,
318 5157 392 5229 quod
422 5173 476 5212 non
514 5158 605 5215 delicti
640 5158 851 5225 consessionem,
885 5156 932 5212 sed
986 5154 1160 5222 llomve;sed
1180 5163 1206 5211 et
1225 5153 1357 5208 candidati
1380 5154 1426 5209 alii
1449 5155 1557 5213 inerunt
1581 5157 1649 5214 inter
1668 5159 1777 5222 milites,

131 5227 214 5282 animi
244 5229 460 5285 demutationem
498 5228 640 5298 significat,
684 5233 754 5287 sicut
802 5235 865 5286 estet
900 5245 931 5282 ex
987 5227 1032 5298 qui
1060 5226 1143 5282 veluti
1171 5225 1340 5296 praetoriani,
1372 5242 1421 5282 seu
1448 5228 1548 5296 triarii,
1577 5236 1623 5285 aut
1650 5229 1779 5300 principis

130 5298 325 5372 Xenophonte,
342 5299 417 5357 initio
432 5301 479 5356 lib.
496 5317 504 5356 ι
520 5304 599 5372 lltpuu
613 5303 721 5363 παιδείας
735 5309 761 5356 ct
780 5300 839 5355 aiis
853 5300 931 5355 Grau·
986 5297 1150 5353 ‹telensores
1168 5297 1326 5353 Ammianus
1349 5297 1480 5366 Marcell,
1501 5301 1548 5358 lib.
1574 5317 1624 5355 xxv
1648 5318 1655 5354 :
1678 5323 1690 5350 ι
1712 5302 1777 5354 Cum
1815 5307 1818 5315 ’

131 5369 171 5426 eis
188 5370 377 5442 scriptoribus.
398 5371 469 5427 Part.
985 5368 1108 5425 lulianus
1123 5368 1190 5424 inter
1204 5369 1266 5424 belli
1279 5369 1434 5426 discrimina
1452 5382 1613 5435 versaretur,
1630 5371 1780 5425 clamabant

167 5443 224 5512 (lai
251 5442 452 5501 destitutionis
474 5443 649 5501 candidatos.
671 5443 774 5499 Primos
796 5450 932 5514 parentes,
985 5439 1133 5496 hincinde
1157 5441 1300 5513 candidati,
1320 5457 1389 5510 quos
1411 5442 1554 5511 disjecerat
1567 5448 1664 5504 terror,
1682 5450 1710 5493 nt
1734 5441 1778 5496 lu-

130 5513 260 5583 quouiam
292 5513 420 5570 amissam
447 5515 601 5570 lelicitatem
632 5517 811 5581 recuperaturi
834 5520 931 5581 erant,
985 5511 1104 5585 gientem
1133 5512 1242 5578 molem,
1268 5524 1393 5583 tanquam
1418 5515 1523 5567 ruinam
1545 5512 1613 5565 male
1637 5512 1780 5580 compositi

130 5593 211 5642 vocat
221 5585 403 5644 restitutionis
417 5587 575 5645 candidatos
588 5605 595 5640 a
607 5586 668 5660 pari
681 5587 809 5660 loquendi
818 5585 934 5644 lormula
985 5582 1118 5653 culminis,
1132 5583 1287 5641 declinaret.
1304 5603 1317 5636 s
1333 5584 1372 5639 ln
1389 5585 1435 5640 Pa.
