<?xml version="1.0" encoding="UTF-8"?>
<!DOCTYPE html PUBLIC "-//W3C//DTD XHTML 1.0 Transitional//EN"
    "http://www.w3.org/TR/xhtml1/DTD/xhtml1-transitional.dtd">
<html xmlns="http://www.w3.org/1999/xhtml" xml:lang="en" lang="en">
 <head>
  <title>
</title>
<meta http-equiv="Content-Type" content="text/html;charset=utf-8" />
  <meta name='ocr-system' content='tesseract 3.04.00' />
  <meta name='ocr-capabilities' content='ocr_page ocr_carea ocr_par ocr_line ocrx_word'/>
</head>
<body>
  <div class='ocr_page' id='page_1' title='image "./patrologiaecurs51unkngoog/patrologiaecurs51unkngoog_0341.png"; bbox 0 0 3840 6134; ppageno 0'>
   <div class='ocr_carea' id='block_1_1' title="bbox 124 309 1812 381">
    <p class='ocr_par' dir='ltr' id='par_1_1' title="bbox 124 309 1812 381">
     <span class='ocr_line' id='line_1_1' title="bbox 124 309 1812 381; baseline -0.001 -6"><span class='ocrx_word' id='word_1_1' title='bbox 124 309 175 376; x_wconf 82' lang='lat' dir='ltr'><strong><em>bil</em></strong></span> <span class='ocrx_word' id='word_1_2' title='bbox 480 309 846 378; x_wconf 70' lang='lat' dir='ltr'><strong><em>ratmtttttotttttttt</em></strong></span> <span class='ocrx_word' id='word_1_3' title='bbox 865 315 950 379; x_wconf 77' lang='lat' dir='ltr'>PARS</span> <span class='ocrx_word' id='word_1_4' title='bbox 968 316 1003 380; x_wconf 86' lang='lat' dir='ltr'><strong><em>il·</em></strong></span> <span class='ocrx_word' id='word_1_5' title='bbox 1023 350 1056 364; x_wconf 96' lang='lat'>-</span> <span class='ocrx_word' id='word_1_6' title='bbox 1068 316 1181 381; x_wconf 81' lang='lat' dir='ltr'><strong><em>santus</em></strong></span> <span class='ocrx_word' id='word_1_7' title='bbox 1200 316 1221 380; x_wconf 91' lang='lat' dir='ltr'><strong><em>l.</em></strong></span> <span class='ocrx_word' id='word_1_8' title='bbox 1243 315 1415 381; x_wconf 80' lang='lat' dir='ltr'><strong><em>notantes.</em></strong></span> <span class='ocrx_word' id='word_1_9' title='bbox 1718 309 1773 376; x_wconf 81' lang='lat' dir='ltr'><strong><em>att</em></strong></span> <span class='ocrx_word' id='word_1_10' title='bbox 1806 350 1812 371; x_wconf 84' lang='grc'>.</span> 
     </span>
    </p>
   </div>
   <div class='ocr_carea' id='block_1_2' title="bbox 104 439 1816 3895">
    <p class='ocr_par' dir='ltr' id='par_1_2' title="bbox 124 439 1816 3543">
     <span class='ocr_line' id='line_1_2' title="bbox 124 439 1773 539; baseline 0 -41"><span class='ocrx_word' id='word_1_11' title='bbox 124 439 922 519; x_wconf 70' lang='lat' dir='ltr'><strong><em>damuiludmutsaes&#39;unttucinoruquoefeceruntletad·</em></strong></span> <span class='ocrx_word' id='word_1_12' title='bbox 936 457 960 539; x_wconf 59' lang='grc' dir='ltr'><strong>Α</strong></span> <span class='ocrx_word' id='word_1_13' title='bbox 976 447 1209 516; x_wconf 68' lang='lat' dir='ltr'><strong><em>teramnensis</em></strong></span> <span class='ocrx_word' id='word_1_14' title='bbox 1216 443 1773 517; x_wconf 74' lang='lat' dir='ltr'><strong><em>nationibusltlisnauaritisinrequiem·</em></strong></span> 
     </span>
     <span class='ocr_line' id='line_1_3' title="bbox 125 530 1816 608; baseline 0.002 -22"><span class='ocrx_word' id='word_1_15' title='bbox 125 530 180 586; x_wconf 87' lang='lat' dir='ltr'><strong><em>bue</em></strong></span> <span class='ocrx_word' id='word_1_16' title='bbox 189 532 302 589; x_wconf 87' lang='lat' dir='ltr'><strong><em>uisurus</em></strong></span> <span class='ocrx_word' id='word_1_17' title='bbox 311 549 339 589; x_wconf 94' lang='lat' dir='ltr'><strong><em>es</em></strong></span> <span class='ocrx_word' id='word_1_18' title='bbox 349 532 520 605; x_wconf 69' lang='lat' dir='ltr'><strong><em>adfectiones</em></strong></span> <span class='ocrx_word' id='word_1_19' title='bbox 533 535 656 606; x_wconf 84' lang='lat' dir='ltr'><strong><em>majores</em></strong></span> <span class='ocrx_word' id='word_1_20' title='bbox 665 549 775 594; x_wconf 89' lang='lat' dir='ltr'><strong><em>earum.</em></strong></span> <span class='ocrx_word' id='word_1_21' title='bbox 787 540 823 595; x_wconf 81' lang='lat' dir='ltr'><strong><em>Et</em></strong></span> <span class='ocrx_word' id='word_1_22' title='bbox 833 537 923 595; x_wconf 81' lang='lat' dir='ltr'><strong><em>intro</em></strong></span> <span class='ocrx_word' id='word_1_23' title='bbox 976 542 1011 596; x_wconf 79' lang='lat' dir='ltr'><strong><em>us</em></strong></span> <span class='ocrx_word' id='word_1_24' title='bbox 1024 554 1080 595; x_wconf 88' lang='lat' dir='ltr'><strong><em>non</em></strong></span> <span class='ocrx_word' id='word_1_25' title='bbox 1091 535 1421 608; x_wconf 86' lang='lat' dir='ltr'><strong><em>eritstnbiiitusuestipia</em></strong></span> <span class='ocrx_word' id='word_1_26' title='bbox 1434 533 1510 608; x_wconf 86' lang='lat' dir='ltr'><strong><em>pedis</em></strong></span> <span class='ocrx_word' id='word_1_27' title='bbox 1519 535 1574 602; x_wconf 90' lang='lat' dir='ltr'><strong><em>tui,</em></strong></span> <span class='ocrx_word' id='word_1_28' title='bbox 1589 538 1618 592; x_wconf 89' lang='lat' dir='ltr'><strong><em>et</em></strong></span> <span class='ocrx_word' id='word_1_29' title='bbox 1631 531 1711 591; x_wconf 89' lang='lat' dir='ltr'><strong><em>dabit</em></strong></span> <span class='ocrx_word' id='word_1_30' title='bbox 1722 533 1776 590; x_wconf 88' lang='lat' dir='ltr'><strong><em>tibi</em></strong></span> <span class='ocrx_word' id='word_1_31' title='bbox 1810 532 1816 541; x_wconf 96' lang='grc'>’</span> 
     </span>
     <span class='ocr_line' id='line_1_4' title="bbox 124 620 1777 693; baseline 0 -15"><span class='ocrx_word' id='word_1_32' title='bbox 124 621 301 679; x_wconf 80' lang='lat' dir='ltr'><strong><em>duniimein</em></strong></span> <span class='ocrx_word' id='word_1_33' title='bbox 310 622 504 682; x_wconf 69' lang='lat' dir='ltr'><strong><em>edendarum</em></strong></span> <span class='ocrx_word' id='word_1_34' title='bbox 513 626 628 684; x_wconf 90' lang='lat' dir='ltr'><strong><em>Domini</em></strong></span> <span class='ocrx_word' id='word_1_35' title='bbox 633 628 880 693; x_wconf 75' lang='lat' dir='ltr'><strong><em>intonaremeaee</em></strong></span> <span class='ocrx_word' id='word_1_36' title='bbox 890 627 921 682; x_wconf 87' lang='lat' dir='ltr'><strong><em>in</em></strong></span> <span class='ocrx_word' id='word_1_37' title='bbox 976 629 1050 685; x_wconf 86' lang='lat' dir='ltr'><strong><em>Deus</em></strong></span> <span class='ocrx_word' id='word_1_38' title='bbox 1064 642 1113 684; x_wconf 89' lang='lat' dir='ltr'><strong><em>eor</em></strong></span> <span class='ocrx_word' id='word_1_39' title='bbox 1123 625 1284 690; x_wconf 78' lang='lat' dir='ltr'><strong><em>toedians,et</em></strong></span> <span class='ocrx_word' id='word_1_40' title='bbox 1300 623 1486 682; x_wconf 76' lang='lat' dir='ltr'><strong><em>tabescentem</em></strong></span> <span class='ocrx_word' id='word_1_41' title='bbox 1498 622 1635 691; x_wconf 83' lang='lat' dir='ltr'><strong><em>animam,</em></strong></span> <span class='ocrx_word' id='word_1_42' title='bbox 1643 625 1672 676; x_wconf 90' lang='lat' dir='ltr'><strong><em>et</em></strong></span> <span class='ocrx_word' id='word_1_43' title='bbox 1681 620 1777 678; x_wconf 77' lang='lat' dir='ltr'><strong><em>neuim</em></strong></span> 
     </span>
     <span class='ocr_line' id='line_1_5' title="bbox 126 709 1778 786; baseline -0.001 -19"><span class='ocrx_word' id='word_1_44' title='bbox 126 710 273 769; x_wconf 75' lang='lat' dir='ltr'><strong><em>liminibus</em></strong></span> <span class='ocrx_word' id='word_1_45' title='bbox 287 712 387 785; x_wconf 89' lang='lat' dir='ltr'><strong><em>templi</em></strong></span> <span class='ocrx_word' id='word_1_46' title='bbox 395 715 519 778; x_wconf 88' lang='lat' dir='ltr'><strong><em>Domini,</em></strong></span> <span class='ocrx_word' id='word_1_47' title='bbox 530 715 610 771; x_wconf 85' lang='lat' dir='ltr'><strong><em>inter</em></strong></span> <span class='ocrx_word' id='word_1_48' title='bbox 618 715 831 773; x_wconf 88' lang='lat' dir='ltr'><strong><em>mediumclam</em></strong></span> <span class='ocrx_word' id='word_1_49' title='bbox 840 716 921 772; x_wconf 87' lang='lat' dir='ltr'><strong><em>etin·</em></strong></span> <span class='ocrx_word' id='word_1_50' title='bbox 976 709 1778 786; x_wconf 69' lang='lat' dir='ltr'><strong><em>deficientesmtnonmdeantnteritaitatuupendensiss</em></strong></span> 
     </span>
     <span class='ocr_line' id='line_1_6' title="bbox 127 800 1776 878; baseline -0.002 -23"><span class='ocrx_word' id='word_1_51' title='bbox 127 800 302 856; x_wconf 83' lang='lat' dir='ltr'><strong><em>termedium</em></strong></span> <span class='ocrx_word' id='word_1_52' title='bbox 311 800 424 869; x_wconf 87' lang='lat' dir='ltr'><strong><em>altaris,</em></strong></span> <span class='ocrx_word' id='word_1_53' title='bbox 435 803 517 874; x_wconf 88' lang='lat' dir='ltr'><strong><em>quasi</em></strong></span> <span class='ocrx_word' id='word_1_54' title='bbox 527 803 629 874; x_wconf 85' lang='lat' dir='ltr'><strong><em>vipiuti</em></strong></span> <span class='ocrx_word' id='word_1_55' title='bbox 639 805 763 877; x_wconf 88' lang='lat' dir='ltr'><strong><em>quinque</em></strong></span> <span class='ocrx_word' id='word_1_56' title='bbox 773 804 798 843; x_wconf 81' lang='lat'><strong><em>⁶³</em></strong></span> <span class='ocrx_word' id='word_1_57' title='bbox 808 805 865 861; x_wconf 86' lang='lat' dir='ltr'><strong><em>viri</em></strong></span> <span class='ocrx_word' id='word_1_58' title='bbox 871 820 922 876; x_wconf 81' lang='lat' dir='ltr'><strong><em>po·</em></strong></span> <span class='ocrx_word' id='word_1_59' title='bbox 978 800 1776 878; x_wconf 78' lang='lat' dir='ltr'><strong><em>liqueanteoculostuas,·etnoneredesvitoetuoetDeut.</em></strong></span> 
     </span>
     <span class='ocr_line' id='line_1_7' title="bbox 125 888 1776 966; baseline -0.004 -20"><span class='ocrx_word' id='word_1_60' title='bbox 125 889 644 964; x_wconf 81' lang='lat' dir='ltr'><strong><em>steriomsuadederuntadtemplum</em></strong></span> <span class='ocrx_word' id='word_1_61' title='bbox 654 893 778 958; x_wconf 83' lang='lat' dir='ltr'><strong><em>Domini,</em></strong></span> <span class='ocrx_word' id='word_1_62' title='bbox 792 897 820 950; x_wconf 86' lang='lat' dir='ltr'><strong><em>et</em></strong></span> <span class='ocrx_word' id='word_1_63' title='bbox 834 895 922 965; x_wconf 70' lang='lat' dir='ltr'><strong><em>{acies</em></strong></span> <span class='ocrx_word' id='word_1_64' title='bbox 977 909 1076 965; x_wconf 85' lang='lat' dir='ltr'><strong><em>xxvrn,</em></strong></span> <span class='ocrx_word' id='word_1_65' title='bbox 1100 895 1147 958; x_wconf 80' lang='lat' dir='ltr'><strong><em>bi,</em></strong></span> <span class='ocrx_word' id='word_1_66' title='bbox 1162 892 1219 964; x_wconf 78' lang='grc'>65).</span> <span class='ocrx_word' id='word_1_67' title='bbox 1244 892 1349 966; x_wconf 84' lang='lat' dir='ltr'><strong><em>ltaque,</em></strong></span> <span class='ocrx_word' id='word_1_68' title='bbox 1380 890 1511 963; x_wconf 91' lang='lat' dir='ltr'><strong><em>quoniam</em></strong></span> <span class='ocrx_word' id='word_1_69' title='bbox 1525 888 1637 961; x_wconf 89' lang='lat' dir='ltr'><strong><em>impleta</em></strong></span> <span class='ocrx_word' id='word_1_70' title='bbox 1651 893 1776 957; x_wconf 87' lang='lat' dir='ltr'><strong><em>estpro-</em></strong></span> 
     </span>
     <span class='ocr_line' id='line_1_8' title="bbox 125 973 1774 1055; baseline -0.002 -22"><span class='ocrx_word' id='word_1_71' title='bbox 125 993 190 1034; x_wconf 90' lang='lat' dir='ltr'><strong><em>suas</em></strong></span> <span class='ocrx_word' id='word_1_72' title='bbox 204 981 305 1035; x_wconf 90' lang='lat' dir='ltr'><strong><em>cantra</em></strong></span> <span class='ocrx_word' id='word_1_73' title='bbox 321 977 678 1047; x_wconf 67' lang='lat' dir='ltr'><strong><em>Druntcm,biadorabunt</em></strong></span> <span class='ocrx_word' id='word_1_74' title='bbox 689 983 793 1051; x_wconf 88' lang='lat' dir='ltr'><strong><em>sotem,·</em></strong></span> <span class='ocrx_word' id='word_1_75' title='bbox 808 980 924 1039; x_wconf 75' lang='lat' dir='ltr'><strong><em>etdinit</em></strong></span> <span class='ocrx_word' id='word_1_76' title='bbox 978 982 1068 1055; x_wconf 90' lang='lat' dir='ltr'><strong><em>pbetia</em></strong></span> <span class='ocrx_word' id='word_1_77' title='bbox 1086 997 1135 1054; x_wconf 89' lang='lat' dir='ltr'><strong><em>per</em></strong></span> <span class='ocrx_word' id='word_1_78' title='bbox 1162 980 1305 1038; x_wconf 87' lang='lat' dir='ltr'><strong><em>adrentum</em></strong></span> <span class='ocrx_word' id='word_1_79' title='bbox 1327 983 1396 1050; x_wconf 77' lang='lat' dir='ltr'><strong><em>ejus,</em></strong></span> <span class='ocrx_word' id='word_1_80' title='bbox 1411 978 1439 1034; x_wconf 92' lang='lat' dir='ltr'><strong><em>id</em></strong></span> <span class='ocrx_word' id='word_1_81' title='bbox 1461 989 1501 1034; x_wconf 88' lang='lat' dir='ltr'><strong><em>est</em></strong></span> <span class='ocrx_word' id='word_1_82' title='bbox 1524 993 1574 1048; x_wconf 88' lang='lat' dir='ltr'><strong><em>per</em></strong></span> <span class='ocrx_word' id='word_1_83' title='bbox 1593 973 1774 1041; x_wconf 79' lang='lat' dir='ltr'><strong><em>nativitatem,</em></strong></span> 
     </span>
     <span class='ocr_line' id='line_1_9' title="bbox 126 1061 1778 1145; baseline -0.002 -24"><span class='ocrx_word' id='word_1_84' title='bbox 126 1067 163 1121; x_wconf 93' lang='lat' dir='ltr'><strong><em>ad</em></strong></span> <span class='ocrx_word' id='word_1_85' title='bbox 171 1084 234 1125; x_wconf 89' lang='lat' dir='ltr'><strong><em>mc:</em></strong></span> <span class='ocrx_word' id='word_1_86' title='bbox 249 1069 337 1134; x_wconf 85' lang='lat' dir='ltr'><strong><em>Vides,</em></strong></span> <span class='ocrx_word' id='word_1_87' title='bbox 347 1069 392 1139; x_wconf 71' lang='lat' dir='ltr'><strong><em>pili</em></strong></span> <span class='ocrx_word' id='word_1_88' title='bbox 402 1070 545 1127; x_wconf 78' lang='lat' dir='ltr'><strong><em>bominis?</em></strong></span> <span class='ocrx_word' id='word_1_89' title='bbox 556 1070 703 1144; x_wconf 80' lang='lat' dir='ltr'><strong><em>Numquid</em></strong></span> <span class='ocrx_word' id='word_1_90' title='bbox 710 1072 817 1145; x_wconf 89' lang='lat' dir='ltr'><strong><em>pusilla</em></strong></span> <span class='ocrx_word' id='word_1_91' title='bbox 827 1070 925 1127; x_wconf 82' lang='lat' dir='ltr'><strong><em>domuc</em></strong></span> <span class='ocrx_word' id='word_1_92' title='bbox 978 1087 1057 1145; x_wconf 77' lang='lat' dir='ltr'><strong><em>quant</em></strong></span> <span class='ocrx_word' id='word_1_93' title='bbox 1072 1086 1155 1142; x_wconf 89' lang='lat' dir='ltr'><strong><em>supra</em></strong></span> <span class='ocrx_word' id='word_1_94' title='bbox 1169 1068 1392 1137; x_wconf 85' lang='lat' dir='ltr'><strong><em>memoravimus,</em></strong></span> <span class='ocrx_word' id='word_1_95' title='bbox 1401 1075 1428 1123; x_wconf 89' lang='lat' dir='ltr'><strong><em>et</em></strong></span> <span class='ocrx_word' id='word_1_96' title='bbox 1439 1066 1609 1139; x_wconf 81' lang='lat' dir='ltr'><strong><em>passionem,</em></strong></span> <span class='ocrx_word' id='word_1_97' title='bbox 1623 1079 1707 1135; x_wconf 89' lang='lat' dir='ltr'><strong><em>quam</em></strong></span> <span class='ocrx_word' id='word_1_98' title='bbox 1720 1061 1778 1119; x_wconf 82' lang='lat' dir='ltr'><strong><em>esi·</em></strong></span> 
     </span>
     <span class='ocr_line' id='line_1_10' title="bbox 127 1149 1777 1234; baseline -0.005 -20"><span class='ocrx_word' id='word_1_99' title='bbox 127 1157 256 1224; x_wconf 82' lang='lat' dir='ltr'><strong><em>luda,ut</em></strong></span> <span class='ocrx_word' id='word_1_100' title='bbox 263 1159 587 1232; x_wconf 71' lang='lat' dir='ltr'><strong><em>snmnntsacinaraquoe</em></strong></span> <span class='ocrx_word' id='word_1_101' title='bbox 596 1165 728 1234; x_wconf 67' lang='lat' dir='ltr'><strong><em>decerunt</em></strong></span> <span class='ocrx_word' id='word_1_102' title='bbox 737 1161 782 1218; x_wconf 90' lang='lat' dir='ltr'><strong><em>bic</em></strong></span> <span class='ocrx_word' id='word_1_103' title='bbox 795 1158 841 1214; x_wconf 71' lang='lat' dir='ltr'><strong><em>⁶⁴i</em></strong></span> <span class='ocrx_word' id='word_1_104' title='bbox 855 1161 925 1229; x_wconf 80' lang='lat' dir='ltr'><strong><em>Quo-</em></strong></span> <span class='ocrx_word' id='word_1_105' title='bbox 977 1161 1074 1217; x_wconf 89' lang='lat' dir='ltr'><strong><em>denter</em></strong></span> <span class='ocrx_word' id='word_1_106' title='bbox 1092 1158 1246 1227; x_wconf 80' lang='lat' dir='ltr'><strong><em>ediximus,</em></strong></span> <span class='ocrx_word' id='word_1_107' title='bbox 1263 1164 1407 1229; x_wconf 85' lang='lat' dir='ltr'><strong><em>propterea</em></strong></span> <span class='ocrx_word' id='word_1_108' title='bbox 1421 1163 1446 1211; x_wconf 89' lang='lat' dir='ltr'><strong><em>et</em></strong></span> <span class='ocrx_word' id='word_1_109' title='bbox 1461 1152 1557 1211; x_wconf 81' lang='lat' dir='ltr'><strong><em>Daniel</em></strong></span> <span class='ocrx_word' id='word_1_110' title='bbox 1571 1152 1674 1223; x_wconf 66' lang='lat' dir='ltr'><strong><em>signari</em></strong></span> <span class='ocrx_word' id='word_1_111' title='bbox 1688 1149 1777 1207; x_wconf 74' lang='lat' dir='ltr'><strong><em>vido·</em></strong></span> 
     </span>
     <span class='ocr_line' id='line_1_11' title="bbox 126 1240 1781 1324; baseline -0.003 -23"><span class='ocrx_word' id='word_1_112' title='bbox 126 1247 208 1303; x_wconf 75' lang='lat' dir='ltr'><strong><em>nmm</em></strong></span> <span class='ocrx_word' id='word_1_113' title='bbox 222 1250 409 1319; x_wconf 81' lang='lat' dir='ltr'><strong><em>impleverunt</em></strong></span> <span class='ocrx_word' id='word_1_114' title='bbox 419 1250 580 1322; x_wconf 90' lang='lat' dir='ltr'><strong><em>impietates</em></strong></span> <span class='ocrx_word' id='word_1_115' title='bbox 590 1254 702 1315; x_wconf 87' lang='lat' dir='ltr'><strong><em>suus,et</em></strong></span> <span class='ocrx_word' id='word_1_116' title='bbox 712 1251 836 1324; x_wconf 84' lang='lat' dir='ltr'><strong><em>ecceipss‘</em></strong></span> <span class='ocrx_word' id='word_1_117' title='bbox 844 1251 926 1323; x_wconf 86' lang='lat' dir='ltr'><strong><em>quasi</em></strong></span> <span class='ocrx_word' id='word_1_118' title='bbox 979 1265 1040 1305; x_wconf 81' lang='lat' dir='ltr'><strong><em>nrm</em></strong></span> <span class='ocrx_word' id='word_1_119' title='bbox 1054 1256 1081 1305; x_wconf 90' lang='lat' dir='ltr'><strong><em>et</em></strong></span> <span class='ocrx_word' id='word_1_120' title='bbox 1105 1248 1263 1321; x_wconf 88' lang='lat' dir='ltr'><strong><em>prophetam</em></strong></span> <span class='ocrx_word' id='word_1_121' title='bbox 1282 1246 1418 1311; x_wconf 83' lang='lat' dir='ltr'><strong><em>dicebant,</em></strong></span> <span class='ocrx_word' id='word_1_122' title='bbox 1444 1242 1573 1318; x_wconf 90' lang='lat' dir='ltr'><strong><em>quoniam</em></strong></span> <span class='ocrx_word' id='word_1_123' title='bbox 1596 1240 1721 1298; x_wconf 85' lang='lat' dir='ltr'><strong><em>christus</em></strong></span> <span class='ocrx_word' id='word_1_124' title='bbox 1735 1240 1781 1296; x_wconf 74' lang='lat' dir='ltr'><strong><em>en</em></strong></span> 
     </span>
     <span class='ocr_line' id='line_1_12' title="bbox 127 1325 1781 1414; baseline -0.007 -22"><span class='ocrx_word' id='word_1_125' title='bbox 127 1336 335 1395; x_wconf 80' lang='lat' dir='ltr'><strong><em>subsannantes</em></strong></span> <span class='ocrx_word' id='word_1_126' title='bbox 350 1356 359 1393; x_wconf 92' lang='grc'><strong><em>.·</em></strong></span> <span class='ocrx_word' id='word_1_127' title='bbox 374 1352 421 1410; x_wconf 86' lang='lat' dir='ltr'><strong><em>epo</em></strong></span> <span class='ocrx_word' id='word_1_128' title='bbox 435 1339 542 1411; x_wconf 73' lang='lat' dir='ltr'><strong><em>sacinm</em></strong></span> <span class='ocrx_word' id='word_1_129' title='bbox 560 1355 625 1396; x_wconf 92' lang='lat' dir='ltr'><strong><em>cum</em></strong></span> <span class='ocrx_word' id='word_1_130' title='bbox 639 1339 835 1414; x_wconf 85' lang='lat' dir='ltr'><strong><em>indiqstaiione</em></strong></span> <span class='ocrx_word' id='word_1_131' title='bbox 849 1355 923 1407; x_wconf 89' lang='lat' dir='ltr'><strong><em>mea,</em></strong></span> <span class='ocrx_word' id='word_1_132' title='bbox 979 1337 1148 1414; x_wconf 77' lang='lat' dir='ltr'><strong><em>signaculum</em></strong></span> <span class='ocrx_word' id='word_1_133' title='bbox 1162 1335 1281 1393; x_wconf 83' lang='lat' dir='ltr'><strong><em>omniunt</em></strong></span> <span class='ocrx_word' id='word_1_134' title='bbox 1297 1334 1501 1407; x_wconf 87' lang='lat' dir='ltr'><strong><em>prophetarum,</em></strong></span> <span class='ocrx_word' id='word_1_135' title='bbox 1517 1330 1671 1402; x_wconf 81' lang='lat' dir='ltr'><strong><em>adimplens</em></strong></span> <span class='ocrx_word' id='word_1_136' title='bbox 1685 1325 1781 1383; x_wconf 86' lang='lat' dir='ltr'><strong><em>omnis</em></strong></span> 
     </span>
     <span class='ocr_line' id='line_1_13' title="bbox 127 1415 1781 1502; baseline -0.008 -19"><span class='ocrx_word' id='word_1_137' title='bbox 127 1429 293 1499; x_wconf 85' lang='lat' dir='ltr'><strong><em>naupaccet</em></strong></span> <span class='ocrx_word' id='word_1_138' title='bbox 303 1428 404 1484; x_wconf 88' lang='lat' dir='ltr'><strong><em>ocutus</em></strong></span> <span class='ocrx_word' id='word_1_139' title='bbox 413 1443 597 1502; x_wconf 67' lang='lat' dir='ltr'><strong><em>mensaeque</em></strong></span> <span class='ocrx_word' id='word_1_140' title='bbox 606 1429 765 1488; x_wconf 85' lang='lat' dir='ltr'><strong><em>miserebor.</em></strong></span> <span class='ocrx_word' id='word_1_141' title='bbox 775 1430 927 1487; x_wconf 77' lang='lat' dir='ltr'><strong><em>Dncbsmu·</em></strong></span> <span class='ocrx_word' id='word_1_142' title='bbox 980 1441 1040 1498; x_wconf 86' lang='lat' dir='ltr'><strong><em>qnae</em></strong></span> <span class='ocrx_word' id='word_1_143' title='bbox 1064 1433 1136 1483; x_wconf 87' lang='lat' dir='ltr'><strong><em>retro</em></strong></span> <span class='ocrx_word' id='word_1_144' title='bbox 1150 1432 1228 1480; x_wconf 89' lang='lat' dir='ltr'><strong><em>erant</em></strong></span> <span class='ocrx_word' id='word_1_145' title='bbox 1240 1423 1274 1481; x_wconf 88' lang='lat' dir='ltr'><strong><em>de</em></strong></span> <span class='ocrx_word' id='word_1_146' title='bbox 1287 1438 1321 1480; x_wconf 86' lang='lat' dir='ltr'><strong><em>ea</em></strong></span> <span class='ocrx_word' id='word_1_147' title='bbox 1343 1420 1467 1477; x_wconf 83' lang='lat' dir='ltr'><strong><em>nuntiata</em></strong></span> <span class='ocrx_word' id='word_1_148' title='bbox 1481 1435 1488 1474; x_wconf 90' lang='lat'><strong>:</strong></span> <span class='ocrx_word' id='word_1_149' title='bbox 1504 1425 1567 1490; x_wconf 89' lang='lat' dir='ltr'><strong><em>post</em></strong></span> <span class='ocrx_word' id='word_1_150' title='bbox 1585 1416 1657 1474; x_wconf 89' lang='lat' dir='ltr'><strong><em>euim</em></strong></span> <span class='ocrx_word' id='word_1_151' title='bbox 1672 1415 1781 1473; x_wconf 85' lang='lat' dir='ltr'><strong><em>adseu-</em></strong></span> 
     </span>
     <span class='ocr_line' id='line_1_14' title="bbox 128 1505 1782 1589; baseline -0.007 -19"><span class='ocrx_word' id='word_1_152' title='bbox 128 1513 202 1571; x_wconf 90' lang='lat' dir='ltr'><strong><em>bunt</em></strong></span> <span class='ocrx_word' id='word_1_153' title='bbox 213 1515 249 1570; x_wconf 90' lang='lat' dir='ltr'><strong><em>ad</em></strong></span> <span class='ocrx_word' id='word_1_154' title='bbox 259 1531 344 1573; x_wconf 88' lang='lat' dir='ltr'><strong><em>cures</em></strong></span> <span class='ocrx_word' id='word_1_155' title='bbox 358 1530 436 1571; x_wconf 89' lang='lat' dir='ltr'><strong><em>meus</em></strong></span> <span class='ocrx_word' id='word_1_156' title='bbox 449 1531 513 1574; x_wconf 90' lang='lat' dir='ltr'><strong><em>uoce</em></strong></span> <span class='ocrx_word' id='word_1_157' title='bbox 526 1534 641 1589; x_wconf 83' lang='lat' dir='ltr'><strong><em>mapnn,</em></strong></span> <span class='ocrx_word' id='word_1_158' title='bbox 657 1520 687 1574; x_wconf 90' lang='lat' dir='ltr'><strong><em>et</em></strong></span> <span class='ocrx_word' id='word_1_159' title='bbox 699 1534 757 1575; x_wconf 90' lang='lat' dir='ltr'><strong><em>uon</em></strong></span> <span class='ocrx_word' id='word_1_160' title='bbox 771 1516 926 1573; x_wconf 76' lang='lat' dir='ltr'><strong><em>exaudium</em></strong></span> <span class='ocrx_word' id='word_1_161' title='bbox 980 1523 1038 1571; x_wconf 92' lang='lat' dir='ltr'><strong><em>tum</em></strong></span> <span class='ocrx_word' id='word_1_162' title='bbox 1051 1515 1111 1585; x_wconf 86' lang='lat' dir='ltr'><strong><em>ejus</em></strong></span> <span class='ocrx_word' id='word_1_163' title='bbox 1133 1523 1160 1571; x_wconf 89' lang='lat' dir='ltr'><strong><em>et</em></strong></span> <span class='ocrx_word' id='word_1_164' title='bbox 1183 1512 1336 1586; x_wconf 87' lang='lat' dir='ltr'><strong><em>passionem</em></strong></span> <span class='ocrx_word' id='word_1_165' title='bbox 1358 1510 1446 1582; x_wconf 88' lang='lat' dir='ltr'><strong><em>ipsius</em></strong></span> <span class='ocrx_word' id='word_1_166' title='bbox 1459 1509 1515 1580; x_wconf 77' lang='lat' dir='ltr'><strong><em>iarn</em></strong></span> <span class='ocrx_word' id='word_1_167' title='bbox 1537 1522 1591 1564; x_wconf 91' lang='lat' dir='ltr'><strong><em>non</em></strong></span> <span class='ocrx_word' id='word_1_168' title='bbox 1604 1505 1675 1562; x_wconf 84' lang='lat' dir='ltr'><strong><em>risio</em></strong></span> <span class='ocrx_word' id='word_1_169' title='bbox 1689 1518 1782 1576; x_wconf 89' lang='lat' dir='ltr'><strong><em>neque</em></strong></span> 
     </span>
     <span class='ocr_line' id='line_1_15' title="bbox 129 1592 1781 1677; baseline -0.009 -16"><span class='ocrx_word' id='word_1_170' title='bbox 129 1619 183 1669; x_wconf 84' lang='lat' dir='ltr'><strong><em>eos,</em></strong></span> <span class='ocrx_word' id='word_1_171' title='bbox 193 1605 242 1661; x_wconf 85' lang='lat' dir='ltr'><strong><em>sed</em></strong></span> <span class='ocrx_word' id='word_1_172' title='bbox 250 1621 337 1677; x_wconf 88' lang='lat' dir='ltr'><strong><em>neque</em></strong></span> <span class='ocrx_word' id='word_1_173' title='bbox 346 1603 619 1674; x_wconf 69' lang='lat' dir='ltr'><strong><em>misereborfflneab.</em></strong></span> <span class='ocrx_word' id='word_1_174' title='bbox 630 1621 690 1663; x_wconf 82' lang='lat' dir='ltr'><strong><em>rtur.</em></strong></span> <span class='ocrx_word' id='word_1_175' title='bbox 705 1605 809 1672; x_wconf 74' lang='grc'>19-19).</span> <span class='ocrx_word' id='word_1_176' title='bbox 821 1608 856 1662; x_wconf 81' lang='lat' dir='ltr'><strong><em>lit</em></strong></span> <span class='ocrx_word' id='word_1_177' title='bbox 865 1605 926 1660; x_wconf 89' lang='lat' dir='ltr'><strong><em>ctu·</em></strong></span> <span class='ocrx_word' id='word_1_178' title='bbox 982 1603 1136 1676; x_wconf 88' lang='lat' dir='ltr'><strong><em>prophetes.</em></strong></span> <span class='ocrx_word' id='word_1_179' title='bbox 1166 1602 1241 1658; x_wconf 89' lang='lat' dir='ltr'><strong><em>Unde</em></strong></span> <span class='ocrx_word' id='word_1_180' title='bbox 1273 1598 1427 1656; x_wconf 85' lang='lat' dir='ltr'><strong><em>firmissime</em></strong></span> <span class='ocrx_word' id='word_1_181' title='bbox 1449 1595 1515 1652; x_wconf 89' lang='lat' dir='ltr'><strong><em>dicit</em></strong></span> <span class='ocrx_word' id='word_1_182' title='bbox 1544 1593 1693 1651; x_wconf 81' lang='lat' dir='ltr'><strong><em>aduentum</em></strong></span> <span class='ocrx_word' id='word_1_183' title='bbox 1716 1592 1781 1662; x_wconf 81' lang='lat' dir='ltr'><strong><em>ejus</em></strong></span> 
     </span>
     <span class='ocr_line' id='line_1_16' title="bbox 129 1681 1783 1766; baseline -0.01 -15"><span class='ocrx_word' id='word_1_184' title='bbox 129 1695 220 1752; x_wconf 87' lang='lat' dir='ltr'><strong><em>mavit</em></strong></span> <span class='ocrx_word' id='word_1_185' title='bbox 229 1696 261 1751; x_wconf 90' lang='lat' dir='ltr'><strong><em>in</em></strong></span> <span class='ocrx_word' id='word_1_186' title='bbox 268 1711 351 1752; x_wconf 90' lang='lat' dir='ltr'><strong><em>aures</em></strong></span> <span class='ocrx_word' id='word_1_187' title='bbox 361 1694 416 1764; x_wconf 87' lang='grc'>(99)</span> <span class='ocrx_word' id='word_1_188' title='bbox 424 1710 502 1750; x_wconf 92' lang='lat' dir='ltr'><strong><em>meus</em></strong></span> <span class='ocrx_word' id='word_1_189' title='bbox 512 1709 575 1752; x_wconf 88' lang='lat' dir='ltr'><strong><em>voce</em></strong></span> <span class='ocrx_word' id='word_1_190' title='bbox 585 1710 689 1766; x_wconf 86' lang='lat' dir='ltr'><strong><em>mupnu</em></strong></span> <span class='ocrx_word' id='word_1_191' title='bbox 697 1695 794 1751; x_wconf 74' lang='lat' dir='ltr'><strong><em>dmens</em></strong></span> <span class='ocrx_word' id='word_1_192' title='bbox 805 1713 814 1750; x_wconf 90' lang='lat'><em>:</em></span> <span class='ocrx_word' id='word_1_193' title='bbox 826 1695 928 1766; x_wconf 77' lang='lat' dir='ltr'><strong><em>Appro·</em></strong></span> <span class='ocrx_word' id='word_1_194' title='bbox 981 1693 1089 1765; x_wconf 80' lang='lat' dir='ltr'><strong><em>signare</em></strong></span> <span class='ocrx_word' id='word_1_195' title='bbox 1102 1691 1188 1748; x_wconf 83' lang='lat' dir='ltr'><strong><em>visum</em></strong></span> <span class='ocrx_word' id='word_1_196' title='bbox 1203 1698 1230 1746; x_wconf 90' lang='lat' dir='ltr'><strong><em>et</em></strong></span> <span class='ocrx_word' id='word_1_197' title='bbox 1251 1688 1434 1761; x_wconf 81' lang='lat' dir='ltr'><strong><em>prophetiam.</em></strong></span> <span class='ocrx_word' id='word_1_198' title='bbox 1450 1687 1547 1756; x_wconf 87' lang='lat' dir='ltr'><strong><em>ltaque</em></strong></span> <span class='ocrx_word' id='word_1_199' title='bbox 1561 1681 1740 1740; x_wconf 84' lang='lat' dir='ltr'><strong><em>ostendentes</em></strong></span> <span class='ocrx_word' id='word_1_200' title='bbox 1754 1687 1783 1736; x_wconf 90' lang='lat' dir='ltr'><strong><em>et</em></strong></span> 
     </span>
     <span class='ocr_line' id='line_1_17' title="bbox 130 1744 1783 1855; baseline -0.01 -15"><span class='ocrx_word' id='word_1_201' title='bbox 130 1782 521 1841; x_wconf 79' lang='lat' dir='ltr'><strong><em>nimuuituindictacivitatis</em></strong></span> <span class='ocrx_word' id='word_1_202' title='bbox 531 1782 929 1855; x_wconf 65' lang='lat' dir='ltr'><strong><em>unjanetnnasputsqueua-</em></strong></span> <span class='ocrx_word' id='word_1_203' title='bbox 945 1744 967 1822; x_wconf 68' lang='grc' dir='ltr'><strong>Β</strong></span> <span class='ocrx_word' id='word_1_204' title='bbox 983 1797 1126 1838; x_wconf 90' lang='lat' dir='ltr'><strong><em>numerum</em></strong></span> <span class='ocrx_word' id='word_1_205' title='bbox 1140 1795 1283 1845; x_wconf 89' lang='lat' dir='ltr'><strong><em>annorum,</em></strong></span> <span class='ocrx_word' id='word_1_206' title='bbox 1294 1786 1321 1834; x_wconf 86' lang='lat' dir='ltr'><strong><em>et</em></strong></span> <span class='ocrx_word' id='word_1_207' title='bbox 1336 1785 1442 1849; x_wconf 89' lang='lat' dir='ltr'><strong><em>tempus</em></strong></span> <span class='ocrx_word' id='word_1_208' title='bbox 1464 1790 1523 1832; x_wconf 78' lang='lat' dir='ltr'><strong><em>extr</em></strong></span> <span class='ocrx_word' id='word_1_209' title='bbox 1538 1779 1566 1829; x_wconf 86' lang='lat' dir='ltr'><strong><em>et</em></strong></span> <span class='ocrx_word' id='word_1_210' title='bbox 1578 1770 1697 1828; x_wconf 80' lang='lat' dir='ltr'><strong><em>dimidias</em></strong></span> <span class='ocrx_word' id='word_1_211' title='bbox 1711 1768 1783 1826; x_wconf 87' lang='lat' dir='ltr'><strong><em>beb-</em></strong></span> 
     </span>
     <span class='ocr_line' id='line_1_18' title="bbox 131 1862 1783 1938; baseline -0.007 -10"><span class='ocrx_word' id='word_1_212' title='bbox 131 1871 192 1929; x_wconf 87' lang='lat' dir='ltr'><strong><em>buit</em></strong></span> <span class='ocrx_word' id='word_1_213' title='bbox 206 1888 273 1930; x_wconf 87' lang='lat' dir='ltr'><strong><em>uasa</em></strong></span> <span class='ocrx_word' id='word_1_214' title='bbox 287 1870 455 1927; x_wconf 72' lang='lat' dir='ltr'><strong><em>exterminii</em></strong></span> <span class='ocrx_word' id='word_1_215' title='bbox 467 1871 499 1925; x_wconf 89' lang='lat' dir='ltr'><strong><em>in</em></strong></span> <span class='ocrx_word' id='word_1_216' title='bbox 513 1886 604 1926; x_wconf 87' lang='lat' dir='ltr'><strong><em>manu</em></strong></span> <span class='ocrx_word' id='word_1_217' title='bbox 614 1888 674 1929; x_wconf 89' lang='lat' dir='ltr'><strong><em>suu.</em></strong></span> <span class='ocrx_word' id='word_1_218' title='bbox 687 1874 720 1928; x_wconf 82' lang='lat' dir='ltr'><strong><em>Et</em></strong></span> <span class='ocrx_word' id='word_1_219' title='bbox 735 1887 797 1929; x_wconf 84' lang='lat' dir='ltr'><strong><em>ecce</em></strong></span> <span class='ocrx_word' id='word_1_220' title='bbox 810 1888 861 1930; x_wconf 83' lang='lat' dir='ltr'><strong><em>see</em></strong></span> <span class='ocrx_word' id='word_1_221' title='bbox 874 1871 931 1928; x_wconf 84' lang='lat' dir='ltr'><strong><em>uiri</em></strong></span> <span class='ocrx_word' id='word_1_222' title='bbox 983 1869 1159 1927; x_wconf 88' lang='lat' dir='ltr'><strong><em>domadarum</em></strong></span> <span class='ocrx_word' id='word_1_223' title='bbox 1183 1867 1409 1938; x_wconf 87' lang='lat' dir='ltr'><strong><em>adimpletarum,</em></strong></span> <span class='ocrx_word' id='word_1_224' title='bbox 1441 1862 1613 1935; x_wconf 73' lang='lat' dir='ltr'><strong><em>prabavimus</em></strong></span> <span class='ocrx_word' id='word_1_225' title='bbox 1639 1869 1707 1918; x_wconf 87' lang='lat' dir='ltr'><strong><em>tunc</em></strong></span> <span class='ocrx_word' id='word_1_226' title='bbox 1730 1873 1783 1916; x_wconf 82' lang='lat' dir='ltr'><strong><em>ve-</em></strong></span> 
     </span>
     <span class='ocr_line' id='line_1_19' title="bbox 131 1946 1784 2034; baseline -0.01 -15"><span class='ocrx_word' id='word_1_227' title='bbox 131 1959 282 2018; x_wconf 87' lang='lat' dir='ltr'><strong><em>ceniebant</em></strong></span> <span class='ocrx_word' id='word_1_228' title='bbox 296 1957 332 2013; x_wconf 90' lang='lat' dir='ltr'><strong><em>ud</em></strong></span> <span class='ocrx_word' id='word_1_229' title='bbox 345 1958 421 2013; x_wconf 71' lang='lat' dir='ltr'><strong><em>ctiam</em></strong></span> <span class='ocrx_word' id='word_1_230' title='bbox 432 1962 525 2029; x_wconf 72' lang='lat' dir='ltr'><strong><em>portae</em></strong></span> <span class='ocrx_word' id='word_1_231' title='bbox 543 1960 623 2030; x_wconf 77' lang='lat' dir='ltr'><strong><em>altae,</em></strong></span> <span class='ocrx_word' id='word_1_232' title='bbox 639 1977 702 2034; x_wconf 81' lang='lat' dir='ltr'><strong><em>que</em></strong></span> <span class='ocrx_word' id='word_1_233' title='bbox 715 1963 880 2034; x_wconf 84' lang='lat' dir='ltr'><strong><em>respiciebat</em></strong></span> <span class='ocrx_word' id='word_1_234' title='bbox 894 1958 931 2016; x_wconf 90' lang='lat' dir='ltr'><strong><em>ad</em></strong></span> <span class='ocrx_word' id='word_1_235' title='bbox 984 1960 1057 2016; x_wconf 87' lang='lat' dir='ltr'><strong><em>nisse</em></strong></span> <span class='ocrx_word' id='word_1_236' title='bbox 1071 1958 1217 2027; x_wconf 85' lang='lat' dir='ltr'><strong><em>Christum,</em></strong></span> <span class='ocrx_word' id='word_1_237' title='bbox 1233 1956 1260 2012; x_wconf 93' lang='lat' dir='ltr'><strong><em>id</em></strong></span> <span class='ocrx_word' id='word_1_238' title='bbox 1275 1964 1317 2012; x_wconf 88' lang='lat' dir='ltr'><strong><em>est</em></strong></span> <span class='ocrx_word' id='word_1_239' title='bbox 1335 1963 1428 2011; x_wconf 86' lang='lat' dir='ltr'><strong><em>natum</em></strong></span> <span class='ocrx_word' id='word_1_240' title='bbox 1445 1971 1452 2009; x_wconf 74' lang='grc' dir='ltr'>ι</span> <span class='ocrx_word' id='word_1_241' title='bbox 1470 1953 1526 2024; x_wconf 71' lang='grc'>(94)</span> <span class='ocrx_word' id='word_1_242' title='bbox 1536 1960 1564 2007; x_wconf 92' lang='lat' dir='ltr'><strong><em>et</em></strong></span> <span class='ocrx_word' id='word_1_243' title='bbox 1577 1955 1684 2021; x_wconf 89' lang='lat' dir='ltr'><strong><em>septem</em></strong></span> <span class='ocrx_word' id='word_1_244' title='bbox 1696 1946 1784 2004; x_wconf 90' lang='lat' dir='ltr'><strong><em>dimi-</em></strong></span> 
     </span>
     <span class='ocr_line' id='line_1_20' title="bbox 133 2035 1786 2123; baseline -0.008 -20"><span class='ocrx_word' id='word_1_245' title='bbox 133 2049 306 2121; x_wconf 88' lang='lat' dir='ltr'><strong><em>aquilonem,</em></strong></span> <span class='ocrx_word' id='word_1_246' title='bbox 327 2049 354 2103; x_wconf 90' lang='lat' dir='ltr'><strong><em>ct</em></strong></span> <span class='ocrx_word' id='word_1_247' title='bbox 370 2045 593 2121; x_wconf 85' lang='lat' dir='ltr'><strong><em>uniuscujusque</em></strong></span> <span class='ocrx_word' id='word_1_248' title='bbox 606 2049 735 2121; x_wconf 84' lang='lat' dir='ltr'><strong><em>bipennis</em></strong></span> <span class='ocrx_word' id='word_1_249' title='bbox 749 2049 931 2123; x_wconf 85' lang='lat' dir='ltr'><strong><em>dispersionis</em></strong></span> <span class='ocrx_word' id='word_1_250' title='bbox 984 2048 1036 2103; x_wconf 78' lang='lat' dir='ltr'><strong><em>dias</em></strong></span> <span class='ocrx_word' id='word_1_251' title='bbox 1050 2047 1294 2112; x_wconf 85' lang='lat' dir='ltr'><strong><em>hebdomadarum,</em></strong></span> <span class='ocrx_word' id='word_1_252' title='bbox 1314 2060 1376 2116; x_wconf 81' lang='lat' dir='ltr'><strong><em>quae</em></strong></span> <span class='ocrx_word' id='word_1_253' title='bbox 1390 2050 1454 2099; x_wconf 90' lang='lat' dir='ltr'><strong><em>sunt</em></strong></span> <span class='ocrx_word' id='word_1_254' title='bbox 1476 2038 1622 2097; x_wconf 81' lang='lat' dir='ltr'><strong><em>subdivisae</em></strong></span> <span class='ocrx_word' id='word_1_255' title='bbox 1636 2037 1663 2093; x_wconf 90' lang='lat' dir='ltr'><strong><em>in</em></strong></span> <span class='ocrx_word' id='word_1_256' title='bbox 1679 2035 1786 2092; x_wconf 86' lang='lat' dir='ltr'><strong><em>abscis-</em></strong></span> 
     </span>
     <span class='ocr_line' id='line_1_21' title="bbox 133 2129 1787 2210; baseline -0.01 -15"><span class='ocrx_word' id='word_1_257' title='bbox 133 2138 234 2195; x_wconf 87' lang='lat' dir='ltr'><strong><em>eratin</em></strong></span> <span class='ocrx_word' id='word_1_258' title='bbox 244 2154 333 2194; x_wconf 86' lang='lat' dir='ltr'><strong><em>mauu</em></strong></span> <span class='ocrx_word' id='word_1_259' title='bbox 344 2141 417 2210; x_wconf 85' lang='lat' dir='ltr'><strong><em>ejus.</em></strong></span> <span class='ocrx_word' id='word_1_260' title='bbox 428 2140 634 2196; x_wconf 83' lang='lat' dir='ltr'><strong><em>Etunusoirin</em></strong></span> <span class='ocrx_word' id='word_1_261' title='bbox 644 2138 736 2196; x_wconf 88' lang='lat' dir='ltr'><strong><em>medio</em></strong></span> <span class='ocrx_word' id='word_1_262' title='bbox 746 2139 933 2197; x_wconf 84' lang='lat' dir='ltr'><strong><em>eorumindu·</em></strong></span> <span class='ocrx_word' id='word_1_263' title='bbox 985 2137 1092 2193; x_wconf 87' lang='lat' dir='ltr'><strong><em>sionem</em></strong></span> <span class='ocrx_word' id='word_1_264' title='bbox 1111 2135 1230 2207; x_wconf 87' lang='lat' dir='ltr'><strong><em>priorum</em></strong></span> <span class='ocrx_word' id='word_1_265' title='bbox 1240 2133 1481 2198; x_wconf 87' lang='lat' dir='ltr'><strong><em>hebdomadarum,</em></strong></span> <span class='ocrx_word' id='word_1_266' title='bbox 1498 2129 1646 2198; x_wconf 78' lang='lat' dir='ltr'><strong><em>intraque</em></strong></span> <span class='ocrx_word' id='word_1_267' title='bbox 1662 2133 1787 2195; x_wconf 87' lang='lat' dir='ltr'><strong><em>tempora</em></strong></span> 
     </span>
     <span class='ocr_line' id='line_1_22' title="bbox 135 2212 1786 2303; baseline -0.01 -19"><span class='ocrx_word' id='word_1_268' title='bbox 135 2227 931 2303; x_wconf 66' lang='lat' dir='ltr'><strong><em>cnapadeneetmnaseplirimtumbtssimultatem·</em></strong></span> <span class='ocrx_word' id='word_1_269' title='bbox 985 2241 1093 2298; x_wconf 85' lang='lat' dir='ltr'><strong><em>passum</em></strong></span> <span class='ocrx_word' id='word_1_270' title='bbox 1114 2222 1283 2283; x_wconf 84' lang='lat' dir='ltr'><strong><em>ostendimus</em></strong></span> <span class='ocrx_word' id='word_1_271' title='bbox 1304 2221 1442 2278; x_wconf 85' lang='lat' dir='ltr'><strong><em>Christum</em></strong></span> <span class='ocrx_word' id='word_1_272' title='bbox 1460 2237 1468 2290; x_wconf 78' lang='lat'>3</span> <span class='ocrx_word' id='word_1_273' title='bbox 1489 2225 1571 2289; x_wconf 88' lang='lat' dir='ltr'><strong><em>atque</em></strong></span> <span class='ocrx_word' id='word_1_274' title='bbox 1587 2215 1625 2271; x_wconf 91' lang='lat' dir='ltr'><strong><em>ita</em></strong></span> <span class='ocrx_word' id='word_1_275' title='bbox 1639 2230 1698 2271; x_wconf 79' lang='lat' dir='ltr'><strong><em>cxx</em></strong></span> <span class='ocrx_word' id='word_1_276' title='bbox 1712 2212 1786 2268; x_wconf 90' lang='lat' dir='ltr'><strong><em>beb-</em></strong></span> 
     </span>
     <span class='ocr_line' id='line_1_23' title="bbox 135 2302 1785 2391; baseline -0.018 -6"><span class='ocrx_word' id='word_1_277' title='bbox 135 2317 932 2391; x_wconf 68' lang='lat' dir='ltr'><strong><em>rustesstetmunsmprontmisatsarisereinrnuntas</em></strong></span> <span class='ocrx_word' id='word_1_278' title='bbox 986 2312 1146 2369; x_wconf 74' lang='lat' dir='ltr'><strong><em>dirmadibus</em></strong></span> <span class='ocrx_word' id='word_1_279' title='bbox 1172 2311 1322 2377; x_wconf 88' lang='lat' dir='ltr'><strong><em>conclusis,</em></strong></span> <span class='ocrx_word' id='word_1_280' title='bbox 1346 2315 1374 2365; x_wconf 91' lang='lat' dir='ltr'><strong><em>et</em></strong></span> <span class='ocrx_word' id='word_1_281' title='bbox 1401 2307 1508 2365; x_wconf 84' lang='lat' dir='ltr'><strong><em>ciuitate</em></strong></span> <span class='ocrx_word' id='word_1_282' title='bbox 1535 2302 1725 2367; x_wconf 86' lang='lat' dir='ltr'><strong><em>exterminata,</em></strong></span> <span class='ocrx_word' id='word_1_283' title='bbox 1756 2307 1785 2356; x_wconf 92' lang='lat' dir='ltr'><strong><em>et</em></strong></span> 
     </span>
     <span class='ocr_line' id='line_1_24' title="bbox 135 2387 1787 2478; baseline -0.012 -15"><span class='ocrx_word' id='word_1_284' title='bbox 135 2406 184 2463; x_wconf 83' lang='lat' dir='ltr'><strong><em>Dei</em></strong></span> <span class='ocrx_word' id='word_1_285' title='bbox 195 2407 281 2463; x_wconf 88' lang='lat' dir='ltr'><strong><em>israel</em></strong></span> <span class='ocrx_word' id='word_1_286' title='bbox 290 2405 589 2464; x_wconf 80' lang='lat' dir='ltr'><strong><em>memdisutberubin</em></strong></span> <span class='ocrx_word' id='word_1_287' title='bbox 598 2421 660 2478; x_wconf 82' lang='lat' dir='ltr'><strong><em>qum</em></strong></span> <span class='ocrx_word' id='word_1_288' title='bbox 670 2405 857 2477; x_wconf 72' lang='lat' dir='ltr'><strong><em>suit⁶⁵super</em></strong></span> <span class='ocrx_word' id='word_1_289' title='bbox 865 2403 933 2460; x_wconf 79' lang='lat' dir='ltr'><strong><em>ea⁶⁶</em></strong></span> <span class='ocrx_word' id='word_1_290' title='bbox 985 2400 1145 2458; x_wconf 73' lang='lat' dir='ltr'><strong><em>marineium</em></strong></span> <span class='ocrx_word' id='word_1_291' title='bbox 1169 2408 1197 2457; x_wconf 91' lang='lat' dir='ltr'><strong><em>et</em></strong></span> <span class='ocrx_word' id='word_1_292' title='bbox 1221 2399 1377 2455; x_wconf 85' lang='lat' dir='ltr'><strong><em>unctionem</em></strong></span> <span class='ocrx_word' id='word_1_293' title='bbox 1400 2395 1498 2453; x_wconf 83' lang='lat' dir='ltr'><strong><em>exinde</em></strong></span> <span class='ocrx_word' id='word_1_294' title='bbox 1531 2406 1651 2448; x_wconf 87' lang='lat' dir='ltr'><strong><em>cessare.</em></strong></span> <span class='ocrx_word' id='word_1_295' title='bbox 1676 2387 1787 2447; x_wconf 82' lang='lat' dir='ltr'><strong><em>Sufficit</em></strong></span> 
     </span>
     <span class='ocr_line' id='line_1_25' title="bbox 135 2477 1785 2567; baseline -0.01 -19"><span class='ocrx_word' id='word_1_296' title='bbox 135 2497 166 2549; x_wconf 89' lang='lat' dir='ltr'><strong><em>in</em></strong></span> <span class='ocrx_word' id='word_1_297' title='bbox 175 2493 407 2553; x_wconf 86' lang='lat' dir='ltr'><strong><em>subdivaldomus</em></strong></span> <span class='ocrx_word' id='word_1_298' title='bbox 417 2496 520 2565; x_wconf 66' lang='lat' dir='ltr'><strong><em>(tlibi</em></strong></span> <span class='ocrx_word' id='word_1_299' title='bbox 529 2496 636 2551; x_wconf 84' lang='lat' dir='ltr'><strong><em>uocauit</em></strong></span> <span class='ocrx_word' id='word_1_300' title='bbox 646 2494 788 2552; x_wconf 87' lang='lat' dir='ltr'><strong><em>bominem</em></strong></span> <span class='ocrx_word' id='word_1_301' title='bbox 794 2496 841 2567; x_wconf 88' lang='lat' dir='ltr'><strong><em>qui</em></strong></span> <span class='ocrx_word' id='word_1_302' title='bbox 850 2494 935 2550; x_wconf 88' lang='lat' dir='ltr'><strong><em>indu·</em></strong></span> <span class='ocrx_word' id='word_1_303' title='bbox 987 2491 1125 2561; x_wconf 84' lang='lat' dir='ltr'><strong><em>lsueusque</em></strong></span> <span class='ocrx_word' id='word_1_304' title='bbox 1140 2490 1172 2545; x_wconf 89' lang='lat' dir='ltr'><strong><em>de</em></strong></span> <span class='ocrx_word' id='word_1_305' title='bbox 1186 2488 1229 2543; x_wconf 92' lang='lat' dir='ltr'><strong><em>bis</em></strong></span> <span class='ocrx_word' id='word_1_306' title='bbox 1248 2486 1354 2543; x_wconf 88' lang='lat' dir='ltr'><strong><em>interim</em></strong></span> <span class='ocrx_word' id='word_1_307' title='bbox 1365 2484 1489 2541; x_wconf 90' lang='lat' dir='ltr'><strong><em>ordinem</em></strong></span> <span class='ocrx_word' id='word_1_308' title='bbox 1502 2479 1602 2538; x_wconf 82' lang='lat' dir='ltr'><strong><em>Christi</em></strong></span> <span class='ocrx_word' id='word_1_309' title='bbox 1615 2477 1785 2542; x_wconf 86' lang='lat' dir='ltr'><strong><em>decurrisse,</em></strong></span> 
     </span>
     <span class='ocr_line' id='line_1_26' title="bbox 131 2565 1787 2663; baseline -0.011 -24"><span class='ocrx_word' id='word_1_310' title='bbox 131 2583 931 2658; x_wconf 72' lang='lat' dir='ltr'><strong><em>tseserutpoderepuibabuitsuperlumbossuessonum,</em></strong></span> <span class='ocrx_word' id='word_1_311' title='bbox 985 2593 1041 2649; x_wconf 89' lang='lat' dir='ltr'><strong><em>qno</em></strong></span> <span class='ocrx_word' id='word_1_312' title='bbox 1059 2578 1120 2633; x_wconf 90' lang='lat' dir='ltr'><strong><em>talis</em></strong></span> <span class='ocrx_word' id='word_1_313' title='bbox 1145 2576 1274 2648; x_wconf 88' lang='lat' dir='ltr'><strong><em>probatur</em></strong></span> <span class='ocrx_word' id='word_1_314' title='bbox 1297 2573 1384 2647; x_wconf 90' lang='lat' dir='ltr'><strong><em>qualis</em></strong></span> <span class='ocrx_word' id='word_1_315' title='bbox 1409 2570 1627 2633; x_wconf 86' lang='lat' dir='ltr'><strong><em>adnuntiabatur,</em></strong></span> <span class='ocrx_word' id='word_1_316' title='bbox 1650 2565 1787 2663; x_wconf 69' lang='lat' dir='ltr'><strong><em>etiamen</em></strong></span> 
     </span>
     <span class='ocr_line' id='line_1_27' title="bbox 130 2656 1787 2746; baseline -0.004 -17"><span class='ocrx_word' id='word_1_317' title='bbox 130 2676 159 2729; x_wconf 89' lang='lat' dir='ltr'><strong><em>et</em></strong></span> <span class='ocrx_word' id='word_1_318' title='bbox 173 2671 251 2729; x_wconf 80' lang='lat' dir='ltr'><strong><em>diets</em></strong></span> <span class='ocrx_word' id='word_1_319' title='bbox 265 2674 302 2729; x_wconf 91' lang='lat' dir='ltr'><strong><em>ad</em></strong></span> <span class='ocrx_word' id='word_1_320' title='bbox 317 2691 383 2731; x_wconf 82' lang='lat' dir='ltr'><strong><em>eune</em></strong></span> <span class='ocrx_word' id='word_1_321' title='bbox 397 2676 534 2730; x_wconf 85' lang='lat' dir='ltr'><strong><em>Dominus</em></strong></span> <span class='ocrx_word' id='word_1_322' title='bbox 550 2693 559 2729; x_wconf 91' lang='lat'><strong><em>.·</em></strong></span> <span class='ocrx_word' id='word_1_323' title='bbox 578 2673 677 2730; x_wconf 80' lang='lat' dir='ltr'><strong><em>Transi</em></strong></span> <span class='ocrx_word' id='word_1_324' title='bbox 689 2690 742 2746; x_wconf 88' lang='lat' dir='ltr'><strong><em>per</em></strong></span> <span class='ocrx_word' id='word_1_325' title='bbox 754 2673 878 2729; x_wconf 87' lang='lat' dir='ltr'><strong><em>medinm</em></strong></span> <span class='ocrx_word' id='word_1_326' title='bbox 893 2673 933 2728; x_wconf 84' lang='lat' dir='ltr'><strong><em>ic·</em></strong></span> <span class='ocrx_word' id='word_1_327' title='bbox 987 2667 1039 2721; x_wconf 87' lang='lat' dir='ltr'><strong><em>ista</em></strong></span> <span class='ocrx_word' id='word_1_328' title='bbox 1060 2663 1237 2722; x_wconf 75' lang='lat' dir='ltr'><strong><em>consonantia</em></strong></span> <span class='ocrx_word' id='word_1_329' title='bbox 1254 2663 1466 2733; x_wconf 82' lang='lat' dir='ltr'><strong><em>scripturarum,</em></strong></span> <span class='ocrx_word' id='word_1_330' title='bbox 1488 2672 1556 2731; x_wconf 78' lang='lat' dir='ltr'><strong><em>quas</em></strong></span> <span class='ocrx_word' id='word_1_331' title='bbox 1579 2656 1614 2722; x_wconf 67' lang='lat'><strong><em>⁶²,</em></strong></span> <span class='ocrx_word' id='word_1_332' title='bbox 1631 2669 1665 2710; x_wconf 74' lang='lat'><strong><em>0¹</em></strong></span> <span class='ocrx_word' id='word_1_333' title='bbox 1680 2669 1787 2726; x_wconf 64' lang='lat' dir='ltr'><strong><em>Dlffllli·</em></strong></span> 
     </span>
     <span class='ocr_line' id='line_1_28' title="bbox 130 2742 1788 2834; baseline -0.013 -16"><span class='ocrx_word' id='word_1_334' title='bbox 130 2762 258 2817; x_wconf 81' lang='lat' dir='ltr'><strong><em>rusalem</em></strong></span> <span class='ocrx_word' id='word_1_335' title='bbox 272 2761 342 2834; x_wconf 80' lang='grc'>(99),</span> <span class='ocrx_word' id='word_1_336' title='bbox 354 2765 382 2818; x_wconf 87' lang='lat' dir='ltr'><strong><em>et</em></strong></span> <span class='ocrx_word' id='word_1_337' title='bbox 392 2762 604 2832; x_wconf 79' lang='lat' dir='ltr'><strong><em>seribesipnum</em></strong></span> <span class='ocrx_word' id='word_1_338' title='bbox 620 2761 717 2821; x_wconf 66' lang='lat' dir='ltr'><strong><em>tanain</em></strong></span> <span class='ocrx_word' id='word_1_339' title='bbox 731 2760 874 2832; x_wconf 71' lang='lat' dir='ltr'><strong><em>frontibus</em></strong></span> <span class='ocrx_word' id='word_1_340' title='bbox 888 2763 932 2817; x_wconf 90' lang='lat' dir='ltr'><strong><em>vi·</em></strong></span> <span class='ocrx_word' id='word_1_341' title='bbox 987 2755 1057 2812; x_wconf 83' lang='lat' dir='ltr'><strong><em>dicio</em></strong></span> <span class='ocrx_word' id='word_1_342' title='bbox 1079 2754 1191 2824; x_wconf 85' lang='lat' dir='ltr'><strong><em>majoris</em></strong></span> <span class='ocrx_word' id='word_1_343' title='bbox 1217 2752 1302 2826; x_wconf 90' lang='lat' dir='ltr'><strong><em>partis</em></strong></span> <span class='ocrx_word' id='word_1_344' title='bbox 1320 2753 1462 2807; x_wconf 87' lang='lat' dir='ltr'><strong><em>adversum</em></strong></span> <span class='ocrx_word' id='word_1_345' title='bbox 1487 2747 1606 2812; x_wconf 83' lang='lat' dir='ltr'><strong><em>ludaeos,</em></strong></span> <span class='ocrx_word' id='word_1_346' title='bbox 1620 2742 1720 2801; x_wconf 87' lang='lat' dir='ltr'><strong><em>elocuti</em></strong></span> <span class='ocrx_word' id='word_1_347' title='bbox 1736 2759 1788 2798; x_wconf 90' lang='lat' dir='ltr'><strong><em>su·</em></strong></span> 
     </span>
     <span class='ocr_line' id='line_1_29' title="bbox 131 2832 1783 2929; baseline -0.013 -24"><span class='ocrx_word' id='word_1_348' title='bbox 131 2865 230 2906; x_wconf 88' lang='lat' dir='ltr'><strong><em>rorum</em></strong></span> <span class='ocrx_word' id='word_1_349' title='bbox 244 2851 293 2922; x_wconf 91' lang='lat' dir='ltr'><strong><em>qui</em></strong></span> <span class='ocrx_word' id='word_1_350' title='bbox 306 2856 423 2921; x_wconf 73' lang='lat' dir='ltr'><strong><em>pessunt</em></strong></span> <span class='ocrx_word' id='word_1_351' title='bbox 437 2857 466 2908; x_wconf 90' lang='lat' dir='ltr'><strong><em>et</em></strong></span> <span class='ocrx_word' id='word_1_352' title='bbox 484 2850 581 2907; x_wconf 89' lang='lat' dir='ltr'><strong><em>dolent</em></strong></span> <span class='ocrx_word' id='word_1_353' title='bbox 593 2866 678 2922; x_wconf 89' lang='lat' dir='ltr'><strong><em>super</em></strong></span> <span class='ocrx_word' id='word_1_354' title='bbox 691 2850 788 2909; x_wconf 87' lang='lat' dir='ltr'><strong><em>omniu</em></strong></span> <span class='ocrx_word' id='word_1_355' title='bbox 803 2851 933 2920; x_wconf 68' lang='lat' dir='ltr'><strong><em>iocinera</em></strong></span> <span class='ocrx_word' id='word_1_356' title='bbox 988 2860 1059 2900; x_wconf 87' lang='lat' dir='ltr'><strong><em>mua.</em></strong></span> <span class='ocrx_word' id='word_1_357' title='bbox 1074 2844 1167 2914; x_wconf 84' lang='lat' dir='ltr'><strong><em>Neque</em></strong></span> <span class='ocrx_word' id='word_1_358' title='bbox 1179 2843 1254 2899; x_wconf 90' lang='lat' dir='ltr'><strong><em>enim</em></strong></span> <span class='ocrx_word' id='word_1_359' title='bbox 1277 2842 1304 2897; x_wconf 91' lang='lat' dir='ltr'><strong><em>iu</em></strong></span> <span class='ocrx_word' id='word_1_360' title='bbox 1320 2838 1430 2896; x_wconf 91' lang='lat' dir='ltr'><strong><em>dubium</em></strong></span> <span class='ocrx_word' id='word_1_361' title='bbox 1455 2836 1591 2893; x_wconf 85' lang='lat' dir='ltr'><strong><em>deducant</em></strong></span> <span class='ocrx_word' id='word_1_362' title='bbox 1614 2832 1656 2890; x_wconf 84' lang='lat' dir='ltr'><strong><em>rel</em></strong></span> <span class='ocrx_word' id='word_1_363' title='bbox 1672 2837 1783 2929; x_wconf 74' lang='lat' dir='ltr'><strong><em>negent,</em></strong></span> 
     </span>
     <span class='ocr_line' id='line_1_30' title="bbox 131 2925 1788 3009; baseline -0.013 -16"><span class='ocrx_word' id='word_1_364' title='bbox 131 2954 195 3009; x_wconf 85' lang='lat' dir='ltr'><strong><em>quae</em></strong></span> <span class='ocrx_word' id='word_1_365' title='bbox 208 2939 285 3008; x_wconf 75' lang='lat' dir='ltr'><strong><em>fiunt</em></strong></span> <span class='ocrx_word' id='word_1_366' title='bbox 299 2940 331 2994; x_wconf 88' lang='lat' dir='ltr'><strong><em>in</em></strong></span> <span class='ocrx_word' id='word_1_367' title='bbox 346 2939 437 2996; x_wconf 88' lang='lat' dir='ltr'><strong><em>medio</em></strong></span> <span class='ocrx_word' id='word_1_368' title='bbox 453 2953 564 2994; x_wconf 85' lang='lat' dir='ltr'><strong><em>eorum.</em></strong></span> <span class='ocrx_word' id='word_1_369' title='bbox 581 2941 617 2995; x_wconf 81' lang='lat' dir='ltr'><strong><em>lit</em></strong></span> <span class='ocrx_word' id='word_1_370' title='bbox 635 2940 668 2994; x_wconf 89' lang='lat' dir='ltr'><strong><em>in</em></strong></span> <span class='ocrx_word' id='word_1_371' title='bbox 682 2937 727 2996; x_wconf 89' lang='lat' dir='ltr'><strong><em>bis</em></strong></span> <span class='ocrx_word' id='word_1_372' title='bbox 740 2938 818 2994; x_wconf 77' lang='lat' dir='ltr'><strong><em>dixit</em></strong></span> <span class='ocrx_word' id='word_1_373' title='bbox 832 2936 868 2993; x_wconf 91' lang='lat' dir='ltr'><strong><em>ad</em></strong></span> <span class='ocrx_word' id='word_1_374' title='bbox 881 2954 933 2994; x_wconf 90' lang='lat' dir='ltr'><strong><em>au·</em></strong></span> <span class='ocrx_word' id='word_1_375' title='bbox 987 2949 1050 3003; x_wconf 84' lang='lat' dir='ltr'><strong><em>quae</em></strong></span> <span class='ocrx_word' id='word_1_376' title='bbox 1063 2931 1164 3004; x_wconf 88' lang='lat' dir='ltr'><strong><em>scripta</em></strong></span> <span class='ocrx_word' id='word_1_377' title='bbox 1187 2930 1350 3004; x_wconf 85' lang='lat' dir='ltr'><strong><em>proterimus</em></strong></span> <span class='ocrx_word' id='word_1_378' title='bbox 1366 2944 1373 2983; x_wconf 93' lang='lat'>:</span> <span class='ocrx_word' id='word_1_379' title='bbox 1394 2935 1423 2982; x_wconf 89' lang='lat' dir='ltr'><strong><em>ut</em></strong></span> <span class='ocrx_word' id='word_1_380' title='bbox 1438 2941 1474 2982; x_wconf 87' lang='lat' dir='ltr'><strong><em>ax</em></strong></span> <span class='ocrx_word' id='word_1_381' title='bbox 1498 2925 1551 2980; x_wconf 89' lang='lat' dir='ltr'><strong><em>bac</em></strong></span> <span class='ocrx_word' id='word_1_382' title='bbox 1576 2935 1687 2994; x_wconf 89' lang='lat' dir='ltr'><strong><em>quoqne</em></strong></span> <span class='ocrx_word' id='word_1_383' title='bbox 1707 2932 1788 2991; x_wconf 87' lang='lat' dir='ltr'><strong><em>parta</em></strong></span> 
     </span>
     <span class='ocr_line' id='line_1_31' title="bbox 132 3010 1787 3108; baseline -0.013 -27"><span class='ocrx_word' id='word_1_384' title='bbox 132 3025 256 3083; x_wconf 87' lang='lat' dir='ltr'><strong><em>dientem</em></strong></span> <span class='ocrx_word' id='word_1_385' title='bbox 273 3028 333 3082; x_wconf 89' lang='lat' dir='ltr'><strong><em>:lte</em></strong></span> <span class='ocrx_word' id='word_1_386' title='bbox 340 3031 407 3100; x_wconf 89' lang='lat' dir='ltr'><strong><em>past</em></strong></span> <span class='ocrx_word' id='word_1_387' title='bbox 418 3043 483 3084; x_wconf 91' lang='lat' dir='ltr'><strong><em>eum</em></strong></span> <span class='ocrx_word' id='word_1_388' title='bbox 494 3028 526 3083; x_wconf 91' lang='lat' dir='ltr'><strong><em>in</em></strong></span> <span class='ocrx_word' id='word_1_389' title='bbox 541 3026 891 3098; x_wconf 68' lang='lat' dir='ltr'><strong><em>eimtatemetconcidite,</em></strong></span> <span class='ocrx_word' id='word_1_390' title='bbox 902 3029 933 3082; x_wconf 86' lang='lat' dir='ltr'><strong><em>et</em></strong></span> <span class='ocrx_word' id='word_1_391' title='bbox 948 3023 971 3104; x_wconf 68' lang='lat' dir='ltr'>c</span> <span class='ocrx_word' id='word_1_392' title='bbox 985 3035 1046 3078; x_wconf 85' lang='lat' dir='ltr'><strong><em>esse</em></strong></span> <span class='ocrx_word' id='word_1_393' title='bbox 1065 3020 1215 3093; x_wconf 81' lang='lat' dir='ltr'><strong><em>seripturis</em></strong></span> <span class='ocrx_word' id='word_1_394' title='bbox 1236 3019 1335 3076; x_wconf 82' lang='lat' dir='ltr'><strong><em>diuinis</em></strong></span> <span class='ocrx_word' id='word_1_395' title='bbox 1348 3032 1451 3091; x_wconf 79' lang='lat' dir='ltr'><strong><em>negare</em></strong></span> <span class='ocrx_word' id='word_1_396' title='bbox 1467 3029 1519 3071; x_wconf 91' lang='lat' dir='ltr'><strong><em>non</em></strong></span> <span class='ocrx_word' id='word_1_397' title='bbox 1534 3010 1659 3085; x_wconf 88' lang='lat' dir='ltr'><strong><em>possint;</em></strong></span> <span class='ocrx_word' id='word_1_398' title='bbox 1674 3014 1705 3108; x_wconf 81' lang='lat' dir='ltr'><strong><em>ut</em></strong></span> <span class='ocrx_word' id='word_1_399' title='bbox 1720 3022 1787 3080; x_wconf 72' lang='lat' dir='ltr'><strong><em>quas</em></strong></span> 
     </span>
     <span class='ocr_line' id='line_1_32' title="bbox 131 3095 1788 3189; baseline -0.011 -19"><span class='ocrx_word' id='word_1_400' title='bbox 131 3115 347 3189; x_wconf 87' lang='lat' dir='ltr'><strong><em>notiteparcere</em></strong></span> <span class='ocrx_word' id='word_1_401' title='bbox 361 3117 450 3172; x_wconf 87' lang='lat' dir='ltr'><strong><em>aculis</em></strong></span> <span class='ocrx_word' id='word_1_402' title='bbox 464 3116 663 3183; x_wconf 83' lang='lat' dir='ltr'><strong><em>uestris,etne</em></strong></span> <span class='ocrx_word' id='word_1_403' title='bbox 681 3116 878 3173; x_wconf 85' lang='lat' dir='ltr'><strong><em>misereamini</em></strong></span> <span class='ocrx_word' id='word_1_404' title='bbox 890 3131 933 3171; x_wconf 90' lang='lat' dir='ltr'><strong><em>se·</em></strong></span> <span class='ocrx_word' id='word_1_405' title='bbox 986 3120 1047 3184; x_wconf 90' lang='lat' dir='ltr'><strong><em>post</em></strong></span> <span class='ocrx_word' id='word_1_406' title='bbox 1079 3110 1217 3168; x_wconf 85' lang='lat' dir='ltr'><strong><em>christum</em></strong></span> <span class='ocrx_word' id='word_1_407' title='bbox 1244 3109 1335 3165; x_wconf 83' lang='lat' dir='ltr'><strong><em>futura</em></strong></span> <span class='ocrx_word' id='word_1_408' title='bbox 1365 3104 1608 3178; x_wconf 76' lang='lat' dir='ltr'><strong><em>praesentantur,</em></strong></span> <span class='ocrx_word' id='word_1_409' title='bbox 1637 3095 1788 3169; x_wconf 79' lang='lat' dir='ltr'><strong><em>adimpleta</em></strong></span> 
     </span>
     <span class='ocr_line' id='line_1_33' title="bbox 132 3186 1787 3278; baseline -0.013 -17"><span class='ocrx_word' id='word_1_410' title='bbox 132 3202 934 3278; x_wconf 70' lang='lat' dir='ltr'><strong><em>nioris‚uutuirps&#39;nisretparuulcsetmutieresintcrfici·</em></strong></span> <span class='ocrx_word' id='word_1_411' title='bbox 985 3208 1193 3274; x_wconf 74' lang='lat' dir='ltr'><strong><em>cognoscantur.</em></strong></span> <span class='ocrx_word' id='word_1_412' title='bbox 1217 3200 1313 3271; x_wconf 86' lang='lat' dir='ltr'><strong><em>Neque</em></strong></span> <span class='ocrx_word' id='word_1_413' title='bbox 1340 3196 1411 3253; x_wconf 90' lang='lat' dir='ltr'><strong><em>euirn</em></strong></span> <span class='ocrx_word' id='word_1_414' title='bbox 1440 3190 1582 3263; x_wconf 88' lang='lat' dir='ltr'><strong><em>dispositio</em></strong></span> <span class='ocrx_word' id='word_1_415' title='bbox 1606 3193 1741 3259; x_wconf 84' lang='lat' dir='ltr'><strong><em>expuncta</em></strong></span> <span class='ocrx_word' id='word_1_416' title='bbox 1756 3186 1787 3241; x_wconf 89' lang='lat' dir='ltr'><strong><em>in</em></strong></span> 
     </span>
     <span class='ocr_line' id='line_1_34' title="bbox 135 3275 1788 3368; baseline -0.01 -19"><span class='ocrx_word' id='word_1_417' title='bbox 135 3296 163 3350; x_wconf 86' lang='lat' dir='ltr'><strong><em>te</em></strong></span> <span class='ocrx_word' id='word_1_418' title='bbox 173 3308 279 3361; x_wconf 82' lang='lat' dir='ltr'><strong><em>omnes,</em></strong></span> <span class='ocrx_word' id='word_1_419' title='bbox 289 3298 323 3349; x_wconf 90' lang='lat' dir='ltr'><strong><em>ut</em></strong></span> <span class='ocrx_word' id='word_1_420' title='bbox 332 3292 544 3368; x_wconf 86' lang='lat' dir='ltr'><strong><em>perdeleantur.</em></strong></span> <span class='ocrx_word' id='word_1_421' title='bbox 557 3295 655 3350; x_wconf 66' lang='lat' dir='ltr'><strong><em>munes</em></strong></span> <span class='ocrx_word' id='word_1_422' title='bbox 665 3296 761 3350; x_wconf 90' lang='lat' dir='ltr'><strong><em>autem</em></strong></span> <span class='ocrx_word' id='word_1_423' title='bbox 770 3308 856 3364; x_wconf 89' lang='lat' dir='ltr'><strong><em>super</em></strong></span> <span class='ocrx_word' id='word_1_424' title='bbox 864 3306 933 3364; x_wconf 88' lang='lat' dir='ltr'><strong><em>quos</em></strong></span> <span class='ocrx_word' id='word_1_425' title='bbox 985 3288 1124 3345; x_wconf 82' lang='lat' dir='ltr'><strong><em>veniretur</em></strong></span> <span class='ocrx_word' id='word_1_426' title='bbox 1138 3289 1173 3355; x_wconf 78' lang='lat'><strong><em>⁶⁸,</em></strong></span> <span class='ocrx_word' id='word_1_427' title='bbox 1189 3288 1242 3344; x_wconf 86' lang='lat' dir='ltr'><strong><em>nisi</em></strong></span> <span class='ocrx_word' id='word_1_428' title='bbox 1257 3287 1304 3343; x_wconf 88' lang='lat' dir='ltr'><strong><em>ilie</em></strong></span> <span class='ocrx_word' id='word_1_429' title='bbox 1324 3283 1443 3340; x_wconf 86' lang='lat' dir='ltr'><strong><em>venisset</em></strong></span> <span class='ocrx_word' id='word_1_430' title='bbox 1459 3287 1521 3353; x_wconf 91' lang='lat' dir='ltr'><strong><em>post</em></strong></span> <span class='ocrx_word' id='word_1_431' title='bbox 1540 3292 1623 3351; x_wconf 90' lang='lat' dir='ltr'><strong><em>quem</em></strong></span> <span class='ocrx_word' id='word_1_432' title='bbox 1645 3275 1788 3332; x_wconf 85' lang='lat' dir='ltr'><strong><em>habebant</em></strong></span> 
     </span>
     <span class='ocr_line' id='line_1_35' title="bbox 133 3364 1787 3454; baseline -0.011 -17"><span class='ocrx_word' id='word_1_433' title='bbox 133 3383 369 3454; x_wconf 82' lang='lat' dir='ltr'><strong><em>esttausipnum,</em></strong></span> <span class='ocrx_word' id='word_1_434' title='bbox 383 3379 934 3439; x_wconf 76' lang='lat' dir='ltr'><strong><em>marcesseritis.litusunctismeisin·</em></strong></span> <span class='ocrx_word' id='word_1_435' title='bbox 987 3377 1105 3451; x_wconf 77' lang='lat' dir='ltr'><strong><em>expungi</em></strong></span> <span class='ocrx_word' id='word_1_436' title='bbox 1130 3394 1190 3449; x_wconf 85' lang='lat' dir='ltr'><strong><em>quae</em></strong></span> <span class='ocrx_word' id='word_1_437' title='bbox 1213 3376 1414 3440; x_wconf 87' lang='lat' dir='ltr'><strong><em>nuntiabantur,</em></strong></span> <span class='ocrx_word' id='word_1_438' title='bbox 1440 3386 1500 3444; x_wconf 82' lang='lat' dir='ltr'><strong><em>quae</em></strong></span> <span class='ocrx_word' id='word_1_439' title='bbox 1521 3367 1655 3438; x_wconf 89' lang='lat' dir='ltr'><strong><em>completa</em></strong></span> <span class='ocrx_word' id='word_1_440' title='bbox 1675 3380 1739 3421; x_wconf 87' lang='lat' dir='ltr'><strong><em>esse</em></strong></span> <span class='ocrx_word' id='word_1_441' title='bbox 1761 3364 1787 3404; x_wconf 77' lang='lat'><strong><em>⁶⁰</em></strong></span> 
     </span>
     <span class='ocr_line' id='line_1_36' title="bbox 133 3467 1272 3543; baseline -0.006 -15"><span class='ocrx_word' id='word_1_442' title='bbox 133 3472 221 3543; x_wconf 88' lang='lat' dir='ltr'><strong><em>cipite</em></strong></span> <span class='ocrx_word' id='word_1_443' title='bbox 234 3472 342 3541; x_wconf 80' lang='lat' dir='ltr'><strong><em>(Dsecb.</em></strong></span> <span class='ocrx_word' id='word_1_444' title='bbox 360 3486 400 3540; x_wconf 81' lang='lat' dir='ltr'><strong><em>tx,</em></strong></span> <span class='ocrx_word' id='word_1_445' title='bbox 422 3467 584 3541; x_wconf 50' lang='lat' dir='ltr'><strong><em>iiim&amp;</em></strong></span> <span class='ocrx_word' id='word_1_446' title='bbox 599 3469 686 3541; x_wconf 83' lang='lat' dir='ltr'><strong><em>liuius</em></strong></span> <span class='ocrx_word' id='word_1_447' title='bbox 699 3477 788 3525; x_wconf 87' lang='lat' dir='ltr'><strong><em>autem</em></strong></span> <span class='ocrx_word' id='word_1_448' title='bbox 801 3467 874 3540; x_wconf 81' lang='lat' dir='ltr'><strong><em>signi</em></strong></span> <span class='ocrx_word' id='word_1_449' title='bbox 888 3483 932 3523; x_wconf 88' lang='lat' dir='ltr'><strong><em>aa·</em></strong></span> <span class='ocrx_word' id='word_1_450' title='bbox 987 3467 1069 3522; x_wconf 86' lang='lat' dir='ltr'><strong><em>etiam</em></strong></span> <span class='ocrx_word' id='word_1_451' title='bbox 1083 3469 1272 3537; x_wconf 89' lang='lat' dir='ltr'><strong><em>probarentur.</em></strong></span> 
     </span>
    </p>

    <p class='ocr_par' dir='ltr' id='par_1_3' title="bbox 134 3551 1480 3631">
     <span class='ocr_line' id='line_1_37' title="bbox 134 3551 1480 3631; baseline -0.006 -16"><span class='ocrx_word' id='word_1_452' title='bbox 134 3568 301 3616; x_wconf 82' lang='lat' dir='ltr'><strong><em>uramentum</em></strong></span> <span class='ocrx_word' id='word_1_453' title='bbox 314 3558 394 3616; x_wconf 87' lang='lat' dir='ltr'><strong><em>uariis</em></strong></span> <span class='ocrx_word' id='word_1_454' title='bbox 408 3560 497 3615; x_wconf 88' lang='lat' dir='ltr'><strong><em>madia</em></strong></span> <span class='ocrx_word' id='word_1_455' title='bbox 511 3558 687 3631; x_wconf 73' lang='lat' dir='ltr'><strong><em>predicatum</em></strong></span> <span class='ocrx_word' id='word_1_456' title='bbox 700 3566 751 3624; x_wconf 87' lang='lat' dir='ltr'><strong><em>est,</em></strong></span> <span class='ocrx_word' id='word_1_457' title='bbox 768 3556 795 3613; x_wconf 92' lang='lat' dir='ltr'><strong><em>in</em></strong></span> <span class='ocrx_word' id='word_1_458' title='bbox 810 3573 865 3630; x_wconf 91' lang='lat' dir='ltr'><strong><em>quo</em></strong></span> <span class='ocrx_word' id='word_1_459' title='bbox 880 3556 933 3613; x_wconf 85' lang='lat' dir='ltr'><strong><em>vita</em></strong></span> <span class='ocrx_word' id='word_1_460' title='bbox 1284 3553 1398 3610; x_wconf 77' lang='lat' dir='ltr'>CAPUT</span> <span class='ocrx_word' id='word_1_461' title='bbox 1417 3551 1480 3608; x_wconf 84' lang='lat' dir='ltr'><strong><em>xfl.</em></strong></span> 
     </span>
    </p>

    <p class='ocr_par' dir='ltr' id='par_1_4' title="bbox 104 3633 1790 3895">
     <span class='ocr_line' id='line_1_38' title="bbox 104 3633 1788 3718; baseline -0.007 -16"><span class='ocrx_word' id='word_1_462' title='bbox 104 3688 111 3697; x_wconf 91' lang='lat'>.</span> <span class='ocrx_word' id='word_1_463' title='bbox 136 3647 293 3705; x_wconf 89' lang='lat' dir='ltr'><strong><em>bominibus</em></strong></span> <span class='ocrx_word' id='word_1_464' title='bbox 317 3649 541 3718; x_wconf 80' lang='lat' dir='ltr'><strong><em>praestruebatur,</em></strong></span> <span class='ocrx_word' id='word_1_465' title='bbox 563 3645 592 3701; x_wconf 91' lang='lat' dir='ltr'><strong><em>iu</em></strong></span> <span class='ocrx_word' id='word_1_466' title='bbox 616 3660 671 3718; x_wconf 91' lang='lat' dir='ltr'><strong><em>quo</em></strong></span> <span class='ocrx_word' id='word_1_467' title='bbox 695 3645 782 3700; x_wconf 88' lang='lat' dir='ltr'><strong><em>ludaei</em></strong></span> <span class='ocrx_word' id='word_1_468' title='bbox 810 3662 865 3701; x_wconf 91' lang='lat' dir='ltr'><strong><em>non</em></strong></span> <span class='ocrx_word' id='word_1_469' title='bbox 887 3661 934 3701; x_wconf 84' lang='lat' dir='ltr'><strong><em>es·</em></strong></span> <span class='ocrx_word' id='word_1_470' title='bbox 1024 3641 1139 3713; x_wconf 80' lang='lat' dir='ltr'><strong><em>Adspice</em></strong></span> <span class='ocrx_word' id='word_1_471' title='bbox 1160 3642 1298 3699; x_wconf 82' lang='lat' dir='ltr'><strong><em>uniuersas</em></strong></span> <span class='ocrx_word' id='word_1_472' title='bbox 1319 3642 1452 3706; x_wconf 90' lang='lat' dir='ltr'><strong><em>nationes,</em></strong></span> <span class='ocrx_word' id='word_1_473' title='bbox 1476 3637 1511 3695; x_wconf 92' lang='lat' dir='ltr'><strong><em>de</em></strong></span> <span class='ocrx_word' id='word_1_474' title='bbox 1532 3634 1664 3710; x_wconf 72' lang='lat' dir='ltr'><strong><em>uoragine</em></strong></span> <span class='ocrx_word' id='word_1_475' title='bbox 1684 3633 1788 3691; x_wconf 89' lang='lat' dir='ltr'><strong><em>erroris</em></strong></span> 
     </span>
     <span class='ocr_line' id='line_1_39' title="bbox 134 3727 1789 3805; baseline -0.006 -16"><span class='ocrx_word' id='word_1_476' title='bbox 134 3743 196 3789; x_wconf 89' lang='lat' dir='ltr'><strong><em>sant</em></strong></span> <span class='ocrx_word' id='word_1_477' title='bbox 223 3734 373 3800; x_wconf 86' lang='lat' dir='ltr'><strong><em>credituri;</em></strong></span> <span class='ocrx_word' id='word_1_478' title='bbox 401 3734 472 3791; x_wconf 90' lang='lat' dir='ltr'><strong><em>sicut</em></strong></span> <span class='ocrx_word' id='word_1_479' title='bbox 505 3735 613 3804; x_wconf 73' lang='lat' dir='ltr'><strong><em>Moyses</em></strong></span> <span class='ocrx_word' id='word_1_480' title='bbox 648 3741 710 3788; x_wconf 90' lang='lat' dir='ltr'><strong><em>ante</em></strong></span> <span class='ocrx_word' id='word_1_481' title='bbox 742 3732 881 3790; x_wconf 84' lang='lat' dir='ltr'><strong><em>nuntiabat</em></strong></span> <span class='ocrx_word' id='word_1_482' title='bbox 907 3733 935 3788; x_wconf 91' lang='lat' dir='ltr'><strong><em>in</em></strong></span> <span class='ocrx_word' id='word_1_483' title='bbox 989 3732 1103 3790; x_wconf 91' lang='lat' dir='ltr'><strong><em>bumani</em></strong></span> <span class='ocrx_word' id='word_1_484' title='bbox 1116 3733 1213 3788; x_wconf 87' lang='lat' dir='ltr'><strong><em>exinde</em></strong></span> <span class='ocrx_word' id='word_1_485' title='bbox 1226 3741 1398 3805; x_wconf 78' lang='lat' dir='ltr'><strong><em>emergentes</em></strong></span> <span class='ocrx_word' id='word_1_486' title='bbox 1407 3731 1440 3787; x_wconf 90' lang='lat' dir='ltr'><strong><em>ad</em></strong></span> <span class='ocrx_word' id='word_1_487' title='bbox 1450 3728 1595 3785; x_wconf 89' lang='lat' dir='ltr'><strong><em>Dominum</em></strong></span> <span class='ocrx_word' id='word_1_488' title='bbox 1608 3727 1696 3781; x_wconf 88' lang='lat' dir='ltr'><strong><em>Deum</em></strong></span> <span class='ocrx_word' id='word_1_489' title='bbox 1709 3739 1789 3780; x_wconf 87' lang='lat' dir='ltr'><strong><em>erea-</em></strong></span> 
     </span>
     <span class='ocr_line' id='line_1_40' title="bbox 135 3813 1790 3895; baseline -0.007 -16"><span class='ocrx_word' id='word_1_490' title='bbox 135 3821 229 3879; x_wconf 83' lang='lat' dir='ltr'><strong><em>Esado</em></strong></span> <span class='ocrx_word' id='word_1_491' title='bbox 250 3822 307 3893; x_wconf 85' lang='grc'>(99)</span> <span class='ocrx_word' id='word_1_492' title='bbox 322 3823 439 3878; x_wconf 89' lang='lat' dir='ltr'><strong><em>dicens:</em></strong></span> <span class='ocrx_word' id='word_1_493' title='bbox 464 3824 626 3895; x_wconf 74' lang='lat' dir='ltr'><strong><em>bjiciemini</em></strong></span> <span class='ocrx_word' id='word_1_494' title='bbox 648 3821 775 3880; x_wconf 84' lang='lat' dir='ltr'><strong><em>deterre</em></strong></span> <span class='ocrx_word' id='word_1_495' title='bbox 798 3823 831 3877; x_wconf 90' lang='lat' dir='ltr'><strong><em>in</em></strong></span> <span class='ocrx_word' id='word_1_496' title='bbox 849 3837 935 3894; x_wconf 89' lang='lat' dir='ltr'><strong><em>quam</em></strong></span> <span class='ocrx_word' id='word_1_497' title='bbox 989 3827 1077 3878; x_wconf 87' lang='lat' dir='ltr'><strong><em>turem</em></strong></span> <span class='ocrx_word' id='word_1_498' title='bbox 1090 3819 1179 3878; x_wconf 70' lang='lat'><strong><em>088</em></strong></span> <span class='ocrx_word' id='word_1_499' title='bbox 1191 3830 1217 3878; x_wconf 90' lang='lat' dir='ltr'><strong><em>et</em></strong></span> <span class='ocrx_word' id='word_1_500' title='bbox 1240 3821 1274 3876; x_wconf 89' lang='lat' dir='ltr'><strong><em>ad</em></strong></span> <span class='ocrx_word' id='word_1_501' title='bbox 1289 3820 1377 3879; x_wconf 85' lang='lat' dir='ltr'><strong><em>Deum</em></strong></span> <span class='ocrx_word' id='word_1_502' title='bbox 1393 3821 1419 3860; x_wconf 64' lang='lat'><strong><em>7⁰</em></strong></span> <span class='ocrx_word' id='word_1_503' title='bbox 1443 3816 1579 3875; x_wconf 84' lang='lat' dir='ltr'><strong><em>Christum</em></strong></span> <span class='ocrx_word' id='word_1_504' title='bbox 1593 3815 1652 3885; x_wconf 77' lang='lat' dir='ltr'><strong><em>eius</em></strong></span> <span class='ocrx_word' id='word_1_505' title='bbox 1666 3813 1726 3886; x_wconf 81' lang='grc'>(95)</span> <span class='ocrx_word' id='word_1_506' title='bbox 1739 3831 1748 3881; x_wconf 86' lang='lat'>;</span> <span class='ocrx_word' id='word_1_507' title='bbox 1762 3820 1790 3869; x_wconf 91' lang='lat' dir='ltr'><strong><em>et</em></strong></span> 
     </span>
    </p>
   </div>
   <div class='ocr_carea' id='block_1_3' title="bbox 820 3942 1099 4007">
    <p class='ocr_par' dir='ltr' id='par_1_5' title="bbox 820 3942 1099 4007">
     <span class='ocr_line' id='line_1_41' title="bbox 820 3942 1099 4007; baseline 0.014 -4"><span class='ocrx_word' id='word_1_508' title='bbox 820 3942 916 4006; x_wconf 81' lang='lat' dir='ltr'><strong><em>Varie</em></strong></span> <span class='ocrx_word' id='word_1_509' title='bbox 938 3945 1099 4007; x_wconf 86' lang='lat' dir='ltr'><strong><em>lectiones.</em></strong></span> 
     </span>
    </p>
   </div>
   <div class='ocr_carea' id='block_1_4' title="bbox 139 4039 1793 4253">
    <p class='ocr_par' dir='ltr' id='par_1_6' title="bbox 139 4039 1793 4253">
     <span class='ocr_line' id='line_1_42' title="bbox 173 4039 1793 4131; baseline -0.004 -25"><span class='ocrx_word' id='word_1_510' title='bbox 173 4052 198 4090; x_wconf 78' lang='lat'><strong><em>⁶³</em></strong></span> <span class='ocrx_word' id='word_1_511' title='bbox 217 4051 343 4123; x_wconf 87' lang='lat' dir='ltr'><strong><em>Quinque</em></strong></span> <span class='ocrx_word' id='word_1_512' title='bbox 363 4051 472 4109; x_wconf 85' lang='lat' dir='ltr'><strong><em>abesto</em></strong></span> <span class='ocrx_word' id='word_1_513' title='bbox 490 4051 578 4109; x_wconf 85' lang='lat' dir='ltr'><strong><em>Rbcu.</em></strong></span> <span class='ocrx_word' id='word_1_514' title='bbox 594 4055 623 4107; x_wconf 92' lang='lat' dir='ltr'><strong><em>et</em></strong></span> <span class='ocrx_word' id='word_1_515' title='bbox 641 4049 730 4108; x_wconf 85' lang='lat' dir='ltr'><strong><em>libert.</em></strong></span> <span class='ocrx_word' id='word_1_516' title='bbox 741 4050 766 4089; x_wconf 78' lang='lat'><strong><em>⁶⁴</em></strong></span> <span class='ocrx_word' id='word_1_517' title='bbox 781 4048 815 4105; x_wconf 87' lang='lat' dir='ltr'><strong><em>iii</em></strong></span> <span class='ocrx_word' id='word_1_518' title='bbox 830 4050 918 4106; x_wconf 78' lang='lat' dir='ltr'><strong><em>Ditem</em></strong></span> <span class='ocrx_word' id='word_1_519' title='bbox 936 4049 1045 4108; x_wconf 77' lang='lat' dir='ltr'><strong><em>Dbmtb.</em></strong></span> <span class='ocrx_word' id='word_1_520' title='bbox 1061 4049 1086 4088; x_wconf 83' lang='lat'><strong><em>⁶⁵</em></strong></span> <span class='ocrx_word' id='word_1_521' title='bbox 1101 4049 1222 4107; x_wconf 83' lang='lat' dir='ltr'><strong><em>Fuerunt</em></strong></span> <span class='ocrx_word' id='word_1_522' title='bbox 1249 4051 1346 4108; x_wconf 84' lang='lat' dir='ltr'><strong><em>iidem.</em></strong></span> <span class='ocrx_word' id='word_1_523' title='bbox 1364 4049 1465 4106; x_wconf 72' lang='lat' dir='ltr'><strong><em>⁶⁶Earn</em></strong></span> <span class='ocrx_word' id='word_1_524' title='bbox 1482 4047 1578 4106; x_wconf 84' lang='lat' dir='ltr'><strong><em>iidem.</em></strong></span> <span class='ocrx_word' id='word_1_525' title='bbox 1595 4043 1619 4083; x_wconf 71' lang='lat'><strong><em>⁶7</em></strong></span> <span class='ocrx_word' id='word_1_526' title='bbox 1634 4039 1693 4110; x_wconf 87' lang='lat' dir='ltr'><strong><em>Qua</em></strong></span> <span class='ocrx_word' id='word_1_527' title='bbox 1710 4043 1793 4131; x_wconf 62' lang='lat' dir='ltr'><strong><em>Dans·</em></strong></span> 
     </span>
     <span class='ocr_line' id='line_1_43' title="bbox 139 4113 1792 4253; baseline -0.003 -76"><span class='ocrx_word' id='word_1_528' title='bbox 139 4123 356 4253; x_wconf 47' lang='grc' dir='ltr'><strong><em>ξιοιῦιέωίέὺξῖἒζιε</em></strong></span> <span class='ocrx_word' id='word_1_529' title='bbox 365 4120 738 4253; x_wconf 48' lang='lat' dir='ltr'><strong><em>Zsssijgrluqtetbibnetrqispositio</em></strong></span> <span class='ocrx_word' id='word_1_530' title='bbox 754 4131 888 4193; x_wconf 86' lang='lat' dir='ltr'><strong><em>expuncta</em></strong></span> <span class='ocrx_word' id='word_1_531' title='bbox 896 4121 1064 4179; x_wconf 83' lang='lat' dir='ltr'><strong><em>inveniretur</em></strong></span> <span class='ocrx_word' id='word_1_532' title='bbox 1078 4122 1155 4180; x_wconf 90' lang='lat' dir='ltr'><strong><em>abest</em></strong></span> <span class='ocrx_word' id='word_1_533' title='bbox 1169 4140 1188 4180; x_wconf 90' lang='lat' dir='ltr'><strong><em>a</em></strong></span> <span class='ocrx_word' id='word_1_534' title='bbox 1203 4123 1288 4181; x_wconf 87' lang='lat' dir='ltr'><strong><em>Semi.</em></strong></span> <span class='ocrx_word' id='word_1_535' title='bbox 1305 4128 1333 4179; x_wconf 91' lang='lat' dir='ltr'><strong><em>et</em></strong></span> <span class='ocrx_word' id='word_1_536' title='bbox 1348 4121 1438 4181; x_wconf 83' lang='lat' dir='ltr'><strong><em>libert.</em></strong></span> <span class='ocrx_word' id='word_1_537' title='bbox 1448 4121 1473 4160; x_wconf 80' lang='lat'><strong><em>⁶⁹</em></strong></span> <span class='ocrx_word' id='word_1_538' title='bbox 1491 4122 1559 4180; x_wconf 88' lang='lat' dir='ltr'><strong><em>Sunt</em></strong></span> <span class='ocrx_word' id='word_1_539' title='bbox 1575 4113 1686 4178; x_wconf 82' lang='lat' dir='ltr'><strong><em>libertis.</em></strong></span> <span class='ocrx_word' id='word_1_540' title='bbox 1704 4118 1792 4174; x_wconf 74' lang='lat' dir='ltr'><strong><em>sessu.</em></strong></span> 
     </span>
    </p>
   </div>
   <div class='ocr_carea' id='block_1_5' title="bbox 850 4265 1107 4334">
    <p class='ocr_par' dir='ltr' id='par_1_7' title="bbox 850 4265 1107 4334">
     <span class='ocr_line' id='line_1_44' title="bbox 850 4265 1107 4334; baseline 0.019 -6"><span class='ocrx_word' id='word_1_541' title='bbox 850 4265 1107 4334; x_wconf 79' lang='lat' dir='ltr'><strong><em>Commentarius.</em></strong></span> 
     </span>
    </p>
   </div>
   <div class='ocr_carea' id='block_1_6' title="bbox 143 4459 1808 5674">
    <p class='ocr_par' dir='ltr' id='par_1_8' title="bbox 143 4459 1796 4604">
     <span class='ocr_line' id='line_1_45' title="bbox 143 4459 1796 4534; baseline -0.001 -18"><span class='ocrx_word' id='word_1_542' title='bbox 143 4460 247 4516; x_wconf 86' lang='lat' dir='ltr'><strong><em>Graeeis</em></strong></span> <span class='ocrx_word' id='word_1_543' title='bbox 262 4462 341 4515; x_wconf 89' lang='lat' dir='ltr'><strong><em>bodie</em></strong></span> <span class='ocrx_word' id='word_1_544' title='bbox 361 4461 561 4534; x_wconf 84' lang='lat' dir='ltr'><strong><em>exemplaribus</em></strong></span> <span class='ocrx_word' id='word_1_545' title='bbox 581 4461 663 4516; x_wconf 90' lang='lat' dir='ltr'><strong><em>semel</em></strong></span> <span class='ocrx_word' id='word_1_546' title='bbox 682 4460 811 4516; x_wconf 84' lang='lat' dir='ltr'><strong><em>duntaxat</em></strong></span> <span class='ocrx_word' id='word_1_547' title='bbox 826 4474 943 4529; x_wconf 89' lang='lat' dir='ltr'><strong><em>reperta·</em></strong></span> <span class='ocrx_word' id='word_1_548' title='bbox 1038 4460 1167 4530; x_wconf 88' lang='lat' dir='ltr'><strong><em>ripturam</em></strong></span> <span class='ocrx_word' id='word_1_549' title='bbox 1189 4461 1260 4517; x_wconf 85' lang='lat' dir='ltr'><strong><em>illam</em></strong></span> <span class='ocrx_word' id='word_1_550' title='bbox 1280 4463 1408 4533; x_wconf 76' lang='lat' dir='ltr'><strong><em>designo</em></strong></span> <span class='ocrx_word' id='word_1_551' title='bbox 1427 4463 1483 4518; x_wconf 80' lang='lat' dir='ltr'><strong><em>iau</em></strong></span> <span class='ocrx_word' id='word_1_552' title='bbox 1504 4460 1584 4528; x_wconf 87' lang='lat' dir='ltr'><strong><em>inira,</em></strong></span> <span class='ocrx_word' id='word_1_553' title='bbox 1606 4459 1653 4516; x_wconf 90' lang='lat' dir='ltr'><strong><em>lib.</em></strong></span> <span class='ocrx_word' id='word_1_554' title='bbox 1671 4476 1714 4526; x_wconf 91' lang='lat' dir='ltr'><strong><em>ur,</em></strong></span> <span class='ocrx_word' id='word_1_555' title='bbox 1732 4459 1796 4517; x_wconf 87' lang='lat' dir='ltr'><strong><em>adu.</em></strong></span> 
     </span>
     <span class='ocr_line' id='line_1_46' title="bbox 144 4529 1204 4604; baseline 0.003 -17"><span class='ocrx_word' id='word_1_556' title='bbox 144 4539 197 4587; x_wconf 92' lang='lat' dir='ltr'><strong><em>tur.</em></strong></span> <span class='ocrx_word' id='word_1_557' title='bbox 219 4532 323 4588; x_wconf 87' lang='lat' dir='ltr'><strong><em>Deinde</em></strong></span> <span class='ocrx_word' id='word_1_558' title='bbox 337 4532 381 4589; x_wconf 90' lang='lat' dir='ltr'><strong><em>bie</em></strong></span> <span class='ocrx_word' id='word_1_559' title='bbox 395 4541 422 4588; x_wconf 86' lang='lat' dir='ltr'><strong><em>et</em></strong></span> <span class='ocrx_word' id='word_1_560' title='bbox 437 4532 594 4604; x_wconf 87' lang='lat' dir='ltr'><strong><em>paulopost</em></strong></span> <span class='ocrx_word' id='word_1_561' title='bbox 609 4531 655 4588; x_wconf 91' lang='lat' dir='ltr'><strong><em>ubi</em></strong></span> <span class='ocrx_word' id='word_1_562' title='bbox 670 4531 767 4604; x_wconf 75' lang='lat' dir='ltr'><strong><em>legitur</em></strong></span> <span class='ocrx_word' id='word_1_563' title='bbox 783 4548 791 4587; x_wconf 81' lang='lat' dir='ltr'><strong><em>s</em></strong></span> <span class='ocrx_word' id='word_1_564' title='bbox 812 4529 947 4603; x_wconf 89' lang='lat' dir='ltr'><strong><em>Nunquid</em></strong></span> <span class='ocrx_word' id='word_1_565' title='bbox 1002 4531 1086 4587; x_wconf 86' lang='lat' dir='ltr'><strong><em>Nare.</em></strong></span> <span class='ocrx_word' id='word_1_566' title='bbox 1104 4533 1143 4588; x_wconf 82' lang='lat' dir='ltr'><strong><em>La</em></strong></span> <span class='ocrx_word' id='word_1_567' title='bbox 1157 4533 1204 4590; x_wconf 86' lang='lat' dir='ltr'><strong><em>Pa.</em></strong></span> 
     </span>
    </p>

    <p class='ocr_par' dir='ltr' id='par_1_9' title="bbox 144 4599 1800 4817">
     <span class='ocr_line' id='line_1_47' title="bbox 144 4599 1798 4676; baseline -0.001 -19"><span class='ocrx_word' id='word_1_568' title='bbox 144 4601 254 4659; x_wconf 89' lang='lat' dir='ltr'><strong><em>modica</em></strong></span> <span class='ocrx_word' id='word_1_569' title='bbox 275 4602 335 4672; x_wconf 82' lang='lat' dir='ltr'><strong><em>(seu</em></strong></span> <span class='ocrx_word' id='word_1_570' title='bbox 365 4611 394 4659; x_wconf 89' lang='lat' dir='ltr'><strong><em>ut</em></strong></span> <span class='ocrx_word' id='word_1_571' title='bbox 415 4621 477 4660; x_wconf 85' lang='lat' dir='ltr'><strong><em>mos</em></strong></span> <span class='ocrx_word' id='word_1_572' title='bbox 501 4604 631 4676; x_wconf 86' lang='lat' dir='ltr'><strong><em>loquitur,</em></strong></span> <span class='ocrx_word' id='word_1_573' title='bbox 654 4603 771 4675; x_wconf 87' lang='lat' dir='ltr'><strong><em>pusilla,</em></strong></span> <span class='ocrx_word' id='word_1_574' title='bbox 797 4599 893 4658; x_wconf 86' lang='lat' dir='ltr'><strong><em>Graeae</em></strong></span> <span class='ocrx_word' id='word_1_575' title='bbox 913 4600 947 4674; x_wconf 80' lang='grc' dir='ltr'><strong><em>μὴ</em></strong></span> <span class='ocrx_word' id='word_1_576' title='bbox 1039 4605 1096 4673; x_wconf 86' lang='grc'>(99)</span> <span class='ocrx_word' id='word_1_577' title='bbox 1112 4604 1192 4660; x_wconf 90' lang='lat' dir='ltr'><strong><em>Sicut</em></strong></span> <span class='ocrx_word' id='word_1_578' title='bbox 1208 4604 1308 4676; x_wconf 82' lang='lat' dir='ltr'><strong><em>Nopses</em></strong></span> <span class='ocrx_word' id='word_1_579' title='bbox 1322 4605 1390 4660; x_wconf 87' lang='lat' dir='ltr'><strong><em>ante</em></strong></span> <span class='ocrx_word' id='word_1_580' title='bbox 1404 4602 1557 4660; x_wconf 88' lang='lat' dir='ltr'><strong><em>nuntiabat</em></strong></span> <span class='ocrx_word' id='word_1_581' title='bbox 1565 4604 1597 4659; x_wconf 88' lang='lat' dir='ltr'><strong><em>in</em></strong></span> <span class='ocrx_word' id='word_1_582' title='bbox 1607 4603 1711 4660; x_wconf 78' lang='lat' dir='ltr'><strong><em>Exodo.</em></strong></span> <span class='ocrx_word' id='word_1_583' title='bbox 1728 4602 1798 4658; x_wconf 84' lang='lat' dir='ltr'><strong><em>Cum</em></strong></span> 
     </span>
     <span class='ocr_line' id='line_1_48' title="bbox 145 4671 1799 4746; baseline -0.002 -14"><span class='ocrx_word' id='word_1_584' title='bbox 145 4672 229 4746; x_wconf 77' lang='lat' dir='ltr'><strong><em>pupi)</em></strong></span> <span class='ocrx_word' id='word_1_585' title='bbox 247 4675 344 4733; x_wconf 75' lang='lat' dir='ltr'><strong><em>domm</em></strong></span> <span class='ocrx_word' id='word_1_586' title='bbox 377 4674 473 4743; x_wconf 83' lang='lat' dir='ltr'><strong><em>ludoe,·</em></strong></span> <span class='ocrx_word' id='word_1_587' title='bbox 496 4690 557 4730; x_wconf 87' lang='lat' dir='ltr'><strong><em>cusu</em></strong></span> <span class='ocrx_word' id='word_1_588' title='bbox 584 4673 680 4730; x_wconf 84' lang='lat' dir='ltr'><strong><em>Grteea</em></strong></span> <span class='ocrx_word' id='word_1_589' title='bbox 712 4673 839 4746; x_wconf 70' lang='lat' dir='ltr'><strong><em>legatur,</em></strong></span> <span class='ocrx_word' id='word_1_590' title='bbox 865 4671 948 4729; x_wconf 85' lang='lat' dir='ltr'><strong><em>malui</em></strong></span> <span class='ocrx_word' id='word_1_591' title='bbox 1003 4688 1055 4729; x_wconf 91' lang='lat' dir='ltr'><strong><em>non</em></strong></span> <span class='ocrx_word' id='word_1_592' title='bbox 1076 4675 1104 4729; x_wconf 90' lang='lat' dir='ltr'><strong><em>in</em></strong></span> <span class='ocrx_word' id='word_1_593' title='bbox 1132 4674 1235 4740; x_wconf 81' lang='lat' dir='ltr'><strong><em>Exodo,</em></strong></span> <span class='ocrx_word' id='word_1_594' title='bbox 1260 4675 1308 4730; x_wconf 89' lang='lat' dir='ltr'><strong><em>aad</em></strong></span> <span class='ocrx_word' id='word_1_595' title='bbox 1323 4674 1534 4730; x_wconf 85' lang='lat' dir='ltr'><strong><em>Deuteronomio</em></strong></span> <span class='ocrx_word' id='word_1_596' title='bbox 1557 4689 1648 4730; x_wconf 82' lang='lat' dir='ltr'><strong><em>xxvsu</em></strong></span> <span class='ocrx_word' id='word_1_597' title='bbox 1665 4673 1799 4729; x_wconf 84' lang='lat' dir='ltr'><strong><em>habentur</em></strong></span> 
     </span>
     <span class='ocr_line' id='line_1_49' title="bbox 144 4744 1800 4817; baseline -0.002 -17"><span class='ocrx_word' id='word_1_598' title='bbox 144 4746 221 4816; x_wconf 78' lang='lat' dir='ltr'><strong><em>sequi</em></strong></span> <span class='ocrx_word' id='word_1_599' title='bbox 237 4744 382 4803; x_wconf 87' lang='lat' dir='ltr'><strong><em>lectionem</em></strong></span> <span class='ocrx_word' id='word_1_600' title='bbox 397 4762 460 4814; x_wconf 73' lang='lat' dir='ltr'><strong><em>ms,</em></strong></span> <span class='ocrx_word' id='word_1_601' title='bbox 475 4746 584 4802; x_wconf 75' lang='lat' dir='ltr'><strong><em>domm.</em></strong></span> <span class='ocrx_word' id='word_1_602' title='bbox 600 4746 669 4801; x_wconf 83' lang='lat' dir='ltr'><strong><em>Pau.</em></strong></span> <span class='ocrx_word' id='word_1_603' title='bbox 1002 4746 1149 4817; x_wconf 74' lang='lat' dir='ltr'><strong><em>Scripturas</em></strong></span> <span class='ocrx_word' id='word_1_604' title='bbox 1169 4745 1250 4799; x_wconf 86' lang='lat' dir='ltr'><strong><em>verba</em></strong></span> <span class='ocrx_word' id='word_1_605' title='bbox 1275 4760 1335 4815; x_wconf 84' lang='lat' dir='ltr'><strong><em>quae</em></strong></span> <span class='ocrx_word' id='word_1_606' title='bbox 1363 4745 1427 4801; x_wconf 90' lang='lat' dir='ltr'><strong><em>eitat</em></strong></span> <span class='ocrx_word' id='word_1_607' title='bbox 1470 4748 1550 4801; x_wconf 85' lang='lat' dir='ltr'><strong><em>etiam</em></strong></span> <span class='ocrx_word' id='word_1_608' title='bbox 1575 4745 1618 4801; x_wconf 92' lang='lat' dir='ltr'><strong><em>bie</em></strong></span> <span class='ocrx_word' id='word_1_609' title='bbox 1640 4746 1734 4815; x_wconf 87' lang='lat' dir='ltr'><strong><em>lapsus</em></strong></span> <span class='ocrx_word' id='word_1_610' title='bbox 1758 4751 1800 4800; x_wconf 89' lang='lat' dir='ltr'><strong><em>est</em></strong></span> 
     </span>
    </p>

    <p class='ocr_par' dir='ltr' id='par_1_10' title="bbox 145 4787 1805 5246">
     <span class='ocr_line' id='line_1_50' title="bbox 181 4787 1801 4888; baseline 0 -18"><span class='ocrx_word' id='word_1_611' title='bbox 181 4817 238 4884; x_wconf 87' lang='grc'>(90)</span> <span class='ocrx_word' id='word_1_612' title='bbox 250 4817 430 4874; x_wconf 80' lang='lat' dir='ltr'><strong><em>Etclnmauit</em></strong></span> <span class='ocrx_word' id='word_1_613' title='bbox 449 4819 481 4872; x_wconf 88' lang='lat' dir='ltr'><strong><em>in</em></strong></span> <span class='ocrx_word' id='word_1_614' title='bbox 492 4833 586 4873; x_wconf 88' lang='lat' dir='ltr'><strong><em>aures.</em></strong></span> <span class='ocrx_word' id='word_1_615' title='bbox 597 4815 770 4872; x_wconf 78' lang='lat' dir='ltr'><strong><em>Continentia</em></strong></span> <span class='ocrx_word' id='word_1_616' title='bbox 788 4814 897 4886; x_wconf 89' lang='lat' dir='ltr'><strong><em>quidem</em></strong></span> <span class='ocrx_word' id='word_1_617' title='bbox 907 4822 950 4870; x_wconf 88' lang='lat' dir='ltr'><strong><em>est</em></strong></span> <span class='ocrx_word' id='word_1_618' title='bbox 1003 4815 1134 4870; x_wconf 88' lang='lat' dir='ltr'><strong><em>memoria</em></strong></span> <span class='ocrx_word' id='word_1_619' title='bbox 1157 4814 1348 4884; x_wconf 82' lang='lat' dir='ltr'><strong><em>Tertullianus,</em></strong></span> <span class='ocrx_word' id='word_1_620' title='bbox 1372 4826 1419 4872; x_wconf 91' lang='lat' dir='ltr'><strong><em>aut</em></strong></span> <span class='ocrx_word' id='word_1_621' title='bbox 1436 4787 1581 4888; x_wconf 78' lang='lat' dir='ltr'><strong><em>legendum</em></strong></span> <span class='ocrx_word' id='word_1_622' title='bbox 1607 4824 1703 4872; x_wconf 87' lang='lat' dir='ltr'><strong><em>eontra</em></strong></span> <span class='ocrx_word' id='word_1_623' title='bbox 1725 4813 1801 4871; x_wconf 87' lang='lat' dir='ltr'><strong><em>cadi·</em></strong></span> 
     </span>
     <span class='ocr_line' id='line_1_51' title="bbox 145 4885 1726 4959; baseline -0.001 -18"><span class='ocrx_word' id='word_1_624' title='bbox 145 4888 294 4942; x_wconf 86' lang='lat' dir='ltr'><strong><em>uerborum</em></strong></span> <span class='ocrx_word' id='word_1_625' title='bbox 308 4886 459 4943; x_wconf 82' lang='lat' dir='ltr'><strong><em>Eaecirieiis</em></strong></span> <span class='ocrx_word' id='word_1_626' title='bbox 475 4888 624 4959; x_wconf 79' lang='lat' dir='ltr'><strong><em>propbetas,</em></strong></span> <span class='ocrx_word' id='word_1_627' title='bbox 643 4888 692 4942; x_wconf 87' lang='lat' dir='ltr'><strong><em>aad</em></strong></span> <span class='ocrx_word' id='word_1_628' title='bbox 708 4886 773 4943; x_wconf 90' lang='lat' dir='ltr'><strong><em>nuni</em></strong></span> <span class='ocrx_word' id='word_1_629' title='bbox 789 4901 820 4942; x_wconf 86' lang='lat' dir='ltr'><strong><em>es</em></strong></span> <span class='ocrx_word' id='word_1_630' title='bbox 841 4886 887 4942; x_wconf 86' lang='lat' dir='ltr'><strong><em>itia</em></strong></span> <span class='ocrx_word' id='word_1_631' title='bbox 898 4886 951 4941; x_wconf 90' lang='lat' dir='ltr'><strong><em>iui-</em></strong></span> <span class='ocrx_word' id='word_1_632' title='bbox 1004 4902 1065 4942; x_wconf 82' lang='lat' dir='ltr'><strong><em>cunr</em></strong></span> <span class='ocrx_word' id='word_1_633' title='bbox 1081 4885 1199 4942; x_wconf 89' lang='lat' dir='ltr'><strong><em>omnium</em></strong></span> <span class='ocrx_word' id='word_1_634' title='bbox 1215 4887 1293 4942; x_wconf 88' lang='lat' dir='ltr'><strong><em>tidem</em></strong></span> <span class='ocrx_word' id='word_1_635' title='bbox 1310 4904 1318 4942; x_wconf 75' lang='grc' dir='ltr'>ε</span> <span class='ocrx_word' id='word_1_636' title='bbox 1338 4889 1371 4944; x_wconf 86' lang='lat' dir='ltr'><strong><em>in</em></strong></span> <span class='ocrx_word' id='word_1_637' title='bbox 1381 4889 1605 4945; x_wconf 87' lang='lat' dir='ltr'><strong><em>Deuteronomio.</em></strong></span> <span class='ocrx_word' id='word_1_638' title='bbox 1623 4889 1660 4942; x_wconf 85' lang='lat' dir='ltr'><strong><em>Le</em></strong></span> <span class='ocrx_word' id='word_1_639' title='bbox 1677 4889 1726 4941; x_wconf 85' lang='lat' dir='ltr'><strong><em>Pa.</em></strong></span> 
     </span>
     <span class='ocr_line' id='line_1_52' title="bbox 147 4905 1803 5039; baseline 0.002 -29"><span class='ocrx_word' id='word_1_640' title='bbox 147 4957 225 5012; x_wconf 91' lang='lat' dir='ltr'><strong><em>tium.</em></strong></span> <span class='ocrx_word' id='word_1_641' title='bbox 243 4957 355 5014; x_wconf 76' lang='lat' dir='ltr'><strong><em>{lectius</em></strong></span> <span class='ocrx_word' id='word_1_642' title='bbox 368 4965 458 5039; x_wconf 81' lang='lat' dir='ltr'><strong><em>autem</em></strong></span> <span class='ocrx_word' id='word_1_643' title='bbox 476 4959 637 5014; x_wconf 76' lang='lat' dir='ltr'><strong><em>transfertur</em></strong></span> <span class='ocrx_word' id='word_1_644' title='bbox 651 4959 686 5012; x_wconf 93' lang='lat' dir='ltr'><strong><em>ab</em></strong></span> <span class='ocrx_word' id='word_1_645' title='bbox 703 4965 813 5014; x_wconf 77' lang='lat' dir='ltr'><strong><em>suetam</em></strong></span> <span class='ocrx_word' id='word_1_646' title='bbox 823 4905 952 5028; x_wconf 47' lang='lat' dir='ltr'><strong><em>bipennis</em></strong></span> <span class='ocrx_word' id='word_1_647' title='bbox 1041 4957 1098 5028; x_wconf 83' lang='lat' dir='ltr'><strong><em>(Di)</em></strong></span> <span class='ocrx_word' id='word_1_648' title='bbox 1114 4959 1148 5014; x_wconf 84' lang='lat' dir='ltr'><strong><em>Et</em></strong></span> <span class='ocrx_word' id='word_1_649' title='bbox 1164 4962 1270 5031; x_wconf 90' lang='lat' dir='ltr'><strong><em>septem</em></strong></span> <span class='ocrx_word' id='word_1_650' title='bbox 1293 4957 1419 5016; x_wconf 80' lang='lat' dir='ltr'><strong><em>dimidie</em></strong></span> <span class='ocrx_word' id='word_1_651' title='bbox 1435 4958 1680 5016; x_wconf 76' lang='lat' dir='ltr'><strong><em>hebdomadarum.</em></strong></span> <span class='ocrx_word' id='word_1_652' title='bbox 1696 4957 1803 5027; x_wconf 82' lang='lat' dir='ltr'><strong><em>Nempe</em></strong></span> 
     </span>
     <span class='ocr_line' id='line_1_53' title="bbox 147 5028 1805 5154; baseline 0.001 -72"><span class='ocrx_word' id='word_1_653' title='bbox 147 5041 198 5098; x_wconf 89' lang='lat' dir='ltr'><strong><em>pro</em></strong></span> <span class='ocrx_word' id='word_1_654' title='bbox 213 5028 299 5091; x_wconf 72' lang='lat' dir='ltr'><strong><em>utini,</em></strong></span> <span class='ocrx_word' id='word_1_655' title='bbox 310 5030 365 5110; x_wconf 66' lang='lat' dir='ltr'><strong><em>aed⁸</em></strong></span> <span class='ocrx_word' id='word_1_656' title='bbox 379 5028 462 5086; x_wconf 90' lang='lat' dir='ltr'><strong><em>bodse</em></strong></span> <span class='ocrx_word' id='word_1_657' title='bbox 475 5029 573 5086; x_wconf 77' lang='lat' dir='ltr'><strong><em>Graeca</em></strong></span> <span class='ocrx_word' id='word_1_658' title='bbox 585 5043 641 5086; x_wconf 90' lang='lat' dir='ltr'><strong><em>nou</em></strong></span> <span class='ocrx_word' id='word_1_659' title='bbox 655 5037 742 5086; x_wconf 73' lang='lat' dir='ltr'><strong><em>exsut</em></strong></span> <span class='ocrx_word' id='word_1_660' title='bbox 755 5028 950 5102; x_wconf 87' lang='lat' dir='ltr'><strong><em>dispersionis,</em></strong></span> <span class='ocrx_word' id='word_1_661' title='bbox 1005 5037 1121 5095; x_wconf 80' lang='lat' dir='ltr'><strong><em>tempus.</em></strong></span> <span class='ocrx_word' id='word_1_662' title='bbox 1147 5029 1185 5083; x_wconf 84' lang='lat' dir='ltr'><strong><em>lta</em></strong></span> <span class='ocrx_word' id='word_1_663' title='bbox 1199 5045 1264 5085; x_wconf 84' lang='lat' dir='ltr'><strong><em>saro</em></strong></span> <span class='ocrx_word' id='word_1_664' title='bbox 1279 5031 1434 5087; x_wconf 86' lang='lat' dir='ltr'><strong><em>necessario</em></strong></span> <span class='ocrx_word' id='word_1_665' title='bbox 1450 5030 1605 5154; x_wconf 53' lang='lat' dir='ltr'><strong><em>leqendum,</em></strong></span> <span class='ocrx_word' id='word_1_666' title='bbox 1622 5045 1674 5084; x_wconf 92' lang='lat' dir='ltr'><strong><em>non</em></strong></span> <span class='ocrx_word' id='word_1_667' title='bbox 1688 5033 1717 5085; x_wconf 86' lang='lat' dir='ltr'><strong><em>et</em></strong></span> <span class='ocrx_word' id='word_1_668' title='bbox 1731 5045 1805 5101; x_wconf 87' lang='lat' dir='ltr'><strong><em>quo·</em></strong></span> 
     </span>
     <span class='ocr_line' id='line_1_54' title="bbox 148 5100 1805 5173; baseline 0.001 -21"><span class='ocrx_word' id='word_1_669' title='bbox 148 5102 198 5152; x_wconf 86' lang='lat' dir='ltr'><strong><em>sed</em></strong></span> <span class='ocrx_word' id='word_1_670' title='bbox 212 5101 286 5169; x_wconf 88' lang='lat' dir='ltr'><strong><em>quod</em></strong></span> <span class='ocrx_word' id='word_1_671' title='bbox 297 5105 379 5156; x_wconf 84' lang='lat' dir='ltr'><strong><em>restst</em></strong></span> <span class='ocrx_word' id='word_1_672' title='bbox 389 5100 501 5158; x_wconf 90' lang='lat' dir='ltr'><strong><em>Latinus</em></strong></span> <span class='ocrx_word' id='word_1_673' title='bbox 514 5101 721 5169; x_wconf 80' lang='lat' dir='ltr'><strong><em>ussinterpres,</em></strong></span> <span class='ocrx_word' id='word_1_674' title='bbox 732 5101 952 5159; x_wconf 75' lang='lat' dir='ltr'><strong><em>exterminatio·</em></strong></span> <span class='ocrx_word' id='word_1_675' title='bbox 1006 5105 1080 5162; x_wconf 90' lang='lat' dir='ltr'><strong><em>tuor,</em></strong></span> <span class='ocrx_word' id='word_1_676' title='bbox 1096 5100 1174 5155; x_wconf 85' lang='lat' dir='ltr'><strong><em>sicuti</em></strong></span> <span class='ocrx_word' id='word_1_677' title='bbox 1197 5101 1402 5171; x_wconf 86' lang='lat' dir='ltr'><strong><em>corruptissime</em></strong></span> <span class='ocrx_word' id='word_1_678' title='bbox 1422 5103 1479 5173; x_wconf 75' lang='lat' dir='ltr'><strong><em>lege</em></strong></span> <span class='ocrx_word' id='word_1_679' title='bbox 1500 5108 1572 5165; x_wconf 85' lang='lat' dir='ltr'><strong><em>atur,</em></strong></span> <span class='ocrx_word' id='word_1_680' title='bbox 1589 5101 1730 5169; x_wconf 82' lang='lat' dir='ltr'><strong><em>pinsentis</em></strong></span> <span class='ocrx_word' id='word_1_681' title='bbox 1745 5115 1805 5154; x_wconf 89' lang='lat' dir='ltr'><strong><em>ma·</em></strong></span> 
     </span>
     <span class='ocr_line' id='line_1_55' title="bbox 148 5169 1657 5246; baseline 0 -20"><span class='ocrx_word' id='word_1_682' title='bbox 148 5171 205 5232; x_wconf 84' lang='lat' dir='ltr'><strong><em>nis,</em></strong></span> <span class='ocrx_word' id='word_1_683' title='bbox 218 5178 246 5225; x_wconf 87' lang='lat' dir='ltr'><strong><em>et</em></strong></span> <span class='ocrx_word' id='word_1_684' title='bbox 260 5172 289 5226; x_wconf 86' lang='lat' dir='ltr'><strong><em>D.</em></strong></span> <span class='ocrx_word' id='word_1_685' title='bbox 306 5169 486 5246; x_wconf 76' lang='lat' dir='ltr'><strong><em>Hieronymus</em></strong></span> <span class='ocrx_word' id='word_1_686' title='bbox 500 5189 533 5230; x_wconf 88' lang='lat' dir='ltr'><strong><em>ex</em></strong></span> <span class='ocrx_word' id='word_1_687' title='bbox 547 5173 630 5230; x_wconf 84' lang='lat' dir='ltr'><strong><em>Nebr.</em></strong></span> <span class='ocrx_word' id='word_1_688' title='bbox 646 5173 867 5242; x_wconf 78' lang='lat' dir='ltr'><strong><em>intersectionis.</em></strong></span> <span class='ocrx_word' id='word_1_689' title='bbox 879 5171 950 5227; x_wconf 85' lang='lat' dir='ltr'><strong><em>Psss.</em></strong></span> <span class='ocrx_word' id='word_1_690' title='bbox 1005 5171 1131 5226; x_wconf 74' lang='lat' dir='ltr'><strong><em>nitu-stum</em></strong></span> <span class='ocrx_word' id='word_1_691' title='bbox 1147 5171 1175 5227; x_wconf 85' lang='lat' dir='ltr'><strong><em>ist</em></strong></span> <span class='ocrx_word' id='word_1_692' title='bbox 1189 5187 1281 5241; x_wconf 90' lang='lat' dir='ltr'><strong><em>supra,</em></strong></span> <span class='ocrx_word' id='word_1_693' title='bbox 1293 5188 1353 5244; x_wconf 83' lang='lat' dir='ltr'><strong><em>cap.</em></strong></span> <span class='ocrx_word' id='word_1_694' title='bbox 1366 5178 1392 5236; x_wconf 85' lang='lat'><strong><em>8,</em></strong></span> <span class='ocrx_word' id='word_1_695' title='bbox 1409 5187 1461 5227; x_wconf 88' lang='lat' dir='ltr'><strong><em>non</em></strong></span> <span class='ocrx_word' id='word_1_696' title='bbox 1477 5175 1571 5230; x_wconf 88' lang='lat' dir='ltr'><strong><em>semel.</em></strong></span> <span class='ocrx_word' id='word_1_697' title='bbox 1588 5175 1657 5227; x_wconf 84' lang='lat' dir='ltr'><strong><em>Pau.</em></strong></span> 
     </span>
    </p>

    <p class='ocr_par' dir='ltr' id='par_1_11' title="bbox 148 5239 1808 5674">
     <span class='ocr_line' id='line_1_56' title="bbox 183 5239 1806 5314; baseline 0.001 -19"><span class='ocrx_word' id='word_1_698' title='bbox 183 5243 241 5314; x_wconf 80' lang='lat' dir='ltr'><strong><em>(et)</em></strong></span> <span class='ocrx_word' id='word_1_699' title='bbox 256 5243 289 5298; x_wconf 89' lang='lat' dir='ltr'><strong><em>ln</em></strong></span> <span class='ocrx_word' id='word_1_700' title='bbox 303 5242 432 5301; x_wconf 87' lang='lat' dir='ltr'><strong><em>subdival</em></strong></span> <span class='ocrx_word' id='word_1_701' title='bbox 445 5245 554 5302; x_wconf 88' lang='lat' dir='ltr'><strong><em>domus.</em></strong></span> <span class='ocrx_word' id='word_1_702' title='bbox 570 5244 622 5298; x_wconf 88' lang='lat' dir='ltr'><strong><em>Pro</em></strong></span> <span class='ocrx_word' id='word_1_703' title='bbox 636 5241 776 5301; x_wconf 82' lang='lat' dir='ltr'><strong><em>subdivali</em></strong></span> <span class='ocrx_word' id='word_1_704' title='bbox 786 5261 795 5299; x_wconf 74' lang='grc' dir='ltr'><strong><em>ε</em></strong></span> <span class='ocrx_word' id='word_1_705' title='bbox 805 5249 848 5297; x_wconf 88' lang='lat' dir='ltr'><strong><em>est</em></strong></span> <span class='ocrx_word' id='word_1_706' title='bbox 861 5251 952 5309; x_wconf 65' lang='lat' dir='ltr'><strong><em>numm</em></strong></span> <span class='ocrx_word' id='word_1_707' title='bbox 1040 5242 1099 5312; x_wconf 76' lang='grc'>(95)</span> <span class='ocrx_word' id='word_1_708' title='bbox 1114 5246 1149 5299; x_wconf 84' lang='lat' dir='ltr'><strong><em>et</em></strong></span> <span class='ocrx_word' id='word_1_709' title='bbox 1159 5244 1294 5300; x_wconf 90' lang='lat' dir='ltr'><strong><em>achum</em></strong></span> <span class='ocrx_word' id='word_1_710' title='bbox 1316 5243 1461 5302; x_wconf 86' lang='lat' dir='ltr'><strong><em>Cbristum</em></strong></span> <span class='ocrx_word' id='word_1_711' title='bbox 1471 5245 1542 5314; x_wconf 86' lang='lat' dir='ltr'><strong><em>ejus.</em></strong></span> <span class='ocrx_word' id='word_1_712' title='bbox 1559 5243 1604 5301; x_wconf 84' lang='lat' dir='ltr'><strong><em>Sic</em></strong></span> <span class='ocrx_word' id='word_1_713' title='bbox 1617 5258 1650 5299; x_wconf 84' lang='lat' dir='ltr'><strong><em>ex</em></strong></span> <span class='ocrx_word' id='word_1_714' title='bbox 1664 5257 1738 5312; x_wconf 77' lang='lat' dir='ltr'><strong><em>saepe</em></strong></span> <span class='ocrx_word' id='word_1_715' title='bbox 1760 5239 1806 5296; x_wconf 91' lang='lat' dir='ltr'><strong><em>di-</em></strong></span> 
     </span>
     <span class='ocr_line' id='line_1_57' title="bbox 149 5311 1802 5399; baseline 0.001 -31"><span class='ocrx_word' id='word_1_716' title='bbox 149 5311 220 5368; x_wconf 88' lang='lat' dir='ltr'><strong><em>idem</em></strong></span> <span class='ocrx_word' id='word_1_717' title='bbox 248 5329 280 5370; x_wconf 88' lang='lat' dir='ltr'><strong><em>ac</em></strong></span> <span class='ocrx_word' id='word_1_718' title='bbox 300 5313 464 5396; x_wconf 76' lang='lat' dir='ltr'><strong><em>subdivum,</em></strong></span> <span class='ocrx_word' id='word_1_719' title='bbox 487 5330 548 5369; x_wconf 88' lang='lat' dir='ltr'><strong><em>uam</em></strong></span> <span class='ocrx_word' id='word_1_720' title='bbox 572 5312 848 5396; x_wconf 24' lang='lat' dir='ltr'><strong><em>Gloasaenanbdisunr</em></strong></span> <span class='ocrx_word' id='word_1_721' title='bbox 877 5312 953 5395; x_wconf 76' lang='lat' dir='ltr'><strong><em>bnal-</em></strong></span> <span class='ocrx_word' id='word_1_722' title='bbox 1006 5313 1168 5395; x_wconf 80' lang='lat' dir='ltr'><strong><em>statibus,</em></strong></span> <span class='ocrx_word' id='word_1_723' title='bbox 1183 5315 1254 5399; x_wconf 38' lang='lat' dir='ltr'><strong><em>ado..</em></strong></span> <span class='ocrx_word' id='word_1_724' title='bbox 1270 5316 1425 5381; x_wconf 72' lang='lat' dir='ltr'><strong><em>Narniam,</em></strong></span> <span class='ocrx_word' id='word_1_725' title='bbox 1442 5329 1490 5383; x_wconf 71' lang='lat' dir='ltr'><strong><em>prro</em></strong></span> <span class='ocrx_word' id='word_1_726' title='bbox 1506 5314 1802 5396; x_wconf 81' lang='lat' dir='ltr'><strong><em>quoeratduntarst:</em></strong></span> 
     </span>
     <span class='ocr_line' id='line_1_58' title="bbox 148 5383 1808 5528; baseline 0.001 -21"><span class='ocrx_word' id='word_1_727' title='bbox 148 5385 954 5528; x_wconf 58' lang='lat' dir='ltr'><strong><em>tributi?&#39;tt&#39;Nttntitttttlti‘tttltb</em></strong></span> <span class='ocrx_word' id='word_1_728' title='bbox 1006 5383 1413 5519; x_wconf 54' lang='lat' dir='ltr'><strong><em>titillantibus</em></strong></span> <span class='ocrx_word' id='word_1_729' title='bbox 1437 5384 1808 5513; x_wconf 68' lang='lat' dir='ltr'><strong><em>tsiilttdtiitt</em></strong></span> 
     </span>
     <span class='ocr_line' id='line_1_59' title="bbox 149 5521 1807 5599; baseline 0.002 -19"><span class='ocrx_word' id='word_1_730' title='bbox 149 5529 222 5583; x_wconf 87' lang='lat' dir='ltr'><strong><em>anim</em></strong></span> <span class='ocrx_word' id='word_1_731' title='bbox 238 5528 339 5585; x_wconf 86' lang='lat' dir='ltr'><strong><em>domus</em></strong></span> <span class='ocrx_word' id='word_1_732' title='bbox 352 5537 395 5583; x_wconf 91' lang='lat' dir='ltr'><strong><em>est</em></strong></span> <span class='ocrx_word' id='word_1_733' title='bbox 412 5526 543 5584; x_wconf 82' lang='lat' dir='ltr'><strong><em>serenitas</em></strong></span> <span class='ocrx_word' id='word_1_734' title='bbox 570 5534 647 5583; x_wconf 88' lang='lat' dir='ltr'><strong><em>extra</em></strong></span> <span class='ocrx_word' id='word_1_735' title='bbox 664 5521 884 5598; x_wconf 65' lang='lat' dir='ltr'><strong><em>intumuitque</em></strong></span> <span class='ocrx_word' id='word_1_736' title='bbox 906 5524 955 5581; x_wconf 79' lang='lat' dir='ltr'><strong><em>inb</em></strong></span> <span class='ocrx_word' id='word_1_737' title='bbox 1008 5527 1114 5584; x_wconf 78' lang='lat' dir='ltr'><strong><em>occasio</em></strong></span> <span class='ocrx_word' id='word_1_738' title='bbox 1137 5535 1232 5583; x_wconf 86' lang='lat' dir='ltr'><strong><em>contra</em></strong></span> <span class='ocrx_word' id='word_1_739' title='bbox 1255 5529 1386 5598; x_wconf 89' lang='lat' dir='ltr'><strong><em>quosdam</em></strong></span> <span class='ocrx_word' id='word_1_740' title='bbox 1408 5536 1506 5584; x_wconf 76' lang='lat' dir='ltr'><strong><em>nostras</em></strong></span> <span class='ocrx_word' id='word_1_741' title='bbox 1530 5528 1698 5599; x_wconf 79' lang='lat' dir='ltr'><strong><em>tempestatis</em></strong></span> <span class='ocrx_word' id='word_1_742' title='bbox 1719 5534 1807 5584; x_wconf 84' lang='lat' dir='ltr'><strong><em>secta·</em></strong></span> 
     </span>
     <span class='ocr_line' id='line_1_60' title="bbox 150 5593 1607 5674; baseline 0 -21"><span class='ocrx_word' id='word_1_743' title='bbox 150 5593 210 5672; x_wconf 77' lang='lat' dir='ltr'><strong><em>ilpa</em></strong></span> <span class='ocrx_word' id='word_1_744' title='bbox 222 5601 349 5674; x_wconf 65' lang='grc' dir='ltr'><strong><em>ποιμανεῖ,</em></strong></span> <span class='ocrx_word' id='word_1_745' title='bbox 359 5599 397 5656; x_wconf 89' lang='lat' dir='ltr'><strong><em>ait</em></strong></span> <span class='ocrx_word' id='word_1_746' title='bbox 408 5597 570 5671; x_wconf 77' lang='lat' dir='ltr'><strong><em>ilespebius.</em></strong></span> <span class='ocrx_word' id='word_1_747' title='bbox 584 5599 623 5658; x_wconf 81' lang='lat' dir='ltr'><strong><em>ba</em></strong></span> <span class='ocrx_word' id='word_1_748' title='bbox 637 5599 687 5655; x_wconf 79' lang='lat' dir='ltr'><strong><em>ts.</em></strong></span> <span class='ocrx_word' id='word_1_749' title='bbox 1008 5597 1074 5665; x_wconf 89' lang='lat' dir='ltr'><strong><em>rios,</em></strong></span> <span class='ocrx_word' id='word_1_750' title='bbox 1094 5598 1182 5670; x_wconf 89' lang='lat' dir='ltr'><strong><em>quiid</em></strong></span> <span class='ocrx_word' id='word_1_751' title='bbox 1199 5614 1299 5672; x_wconf 81' lang='lat' dir='ltr'><strong><em>negare</em></strong></span> <span class='ocrx_word' id='word_1_752' title='bbox 1312 5614 1368 5658; x_wconf 91' lang='lat' dir='ltr'><strong><em>uon</em></strong></span> <span class='ocrx_word' id='word_1_753' title='bbox 1382 5607 1521 5658; x_wconf 85' lang='lat' dir='ltr'><strong><em>serentur.</em></strong></span> <span class='ocrx_word' id='word_1_754' title='bbox 1537 5599 1607 5658; x_wconf 77' lang='lat' dir='ltr'><strong><em>Pas.</em></strong></span> 
     </span>
    </p>
   </div>
   <div class='ocr_carea' id='block_1_7' title="bbox 143 4386 1795 4515">
    <p class='ocr_par' dir='ltr' id='par_1_12' title="bbox 143 4386 1795 4515">
     <span class='ocr_line' id='line_1_61' title="bbox 143 4386 1795 4515; baseline 0.001 -73"><span class='ocrx_word' id='word_1_755' title='bbox 143 4388 174 4445; x_wconf 92' lang='lat' dir='ltr'><strong><em>tit</em></strong></span> <span class='ocrx_word' id='word_1_756' title='bbox 196 4389 363 4457; x_wconf 82' lang='lat' dir='ltr'><strong><em>Adonidem3</em></strong></span> <span class='ocrx_word' id='word_1_757' title='bbox 389 4389 497 4447; x_wconf 85' lang='lat' dir='ltr'><strong><em>ridetur</em></strong></span> <span class='ocrx_word' id='word_1_758' title='bbox 519 4397 608 4446; x_wconf 74' lang='lat' dir='ltr'><strong><em>summ</em></strong></span> <span class='ocrx_word' id='word_1_759' title='bbox 628 4387 670 4445; x_wconf 89' lang='lat' dir='ltr'><strong><em>bis</em></strong></span> <span class='ocrx_word' id='word_1_760' title='bbox 686 4386 804 4461; x_wconf 73' lang='lat' dir='ltr'><strong><em>legisse,</em></strong></span> <span class='ocrx_word' id='word_1_761' title='bbox 828 4402 891 4444; x_wconf 87' lang='lat' dir='ltr'><strong><em>cuns</em></strong></span> <span class='ocrx_word' id='word_1_762' title='bbox 913 4388 940 4444; x_wconf 90' lang='lat' dir='ltr'><strong><em>in</em></strong></span> <span class='ocrx_word' id='word_1_763' title='bbox 958 4404 981 4484; x_wconf 64' lang='grc' dir='ltr'><strong><em>Β</em></strong></span> <span class='ocrx_word' id='word_1_764' title='bbox 1000 4388 1091 4515; x_wconf 68' lang='grc'><strong><em>80(99)</em></strong></span> <span class='ocrx_word' id='word_1_765' title='bbox 1109 4391 1209 4447; x_wconf 83' lang='lat' dir='ltr'><strong><em>Transi</em></strong></span> <span class='ocrx_word' id='word_1_766' title='bbox 1230 4405 1281 4463; x_wconf 87' lang='lat' dir='ltr'><strong><em>per</em></strong></span> <span class='ocrx_word' id='word_1_767' title='bbox 1301 4387 1605 4461; x_wconf 79' lang='lat' dir='ltr'><strong><em>medinmlerusalcm.</em></strong></span> <span class='ocrx_word' id='word_1_768' title='bbox 1629 4387 1699 4444; x_wconf 84' lang='lat' dir='ltr'><strong><em>Citat</em></strong></span> <span class='ocrx_word' id='word_1_769' title='bbox 1713 4388 1795 4445; x_wconf 88' lang='lat' dir='ltr'><strong><em>etiam</em></strong></span> 
     </span>
    </p>
   </div>
   <div class='ocr_carea' id='block_1_8' title="bbox 0 0 1953 6132">
    <p class='ocr_par' dir='ltr' id='par_1_13' title="bbox 0 0 1953 6132">
     <span class='ocr_line' id='line_1_62' title="bbox 0 0 1953 6132; baseline 0 0"><span class='ocrx_word' id='word_1_770' title='bbox 0 0 1953 6132; x_wconf 95' lang='lat' dir='ltr'><strong><em> </em></strong></span> 
     </span>
    </p>
   </div>
  </div>
 </body>
</html>
