3840 6134
136 311 191 377 tut
473 306 696 374 statutarum
715 307 847 374 orueott
877 307 963 373 ltus
989 306 1025 374 11.
1043 339 1080 358 ·-
1096 306 1210 374 Slilile
1226 306 1249 382 l,
1270 307 1448 373 POleildh.
1727 296 1780 364 796

135 437 328 513 adimplentur.
342 437 421 497 Fides
441 439 609 498 somniorum
629 439 663 496 de
685 438 793 508 ellectu,
810 455 864 497 non
892 439 965 536 ἀει
981 436 1052 495 tione
1066 438 1214 506 ludentem,
1237 452 1273 494 sn
1293 435 1356 496 uite
1376 449 1517 496 recensum
1535 432 1595 508 iant
1615 437 1644 492 et
1666 427 1779 490 ordina-

136 539 283 601 coospectu
297 528 476 587 renuntiatur.
500 528 574 585 Nulli
596 539 687 587 autem
706 529 802 586 anime
817 528 928 586 omnino
982 531 1086 590 tionem
1097 528 1191 600 judicii
1206 529 1411 585 inhorrentem?
1433 527 1547 597 Semper
1561 531 1653 581 autem
1675 536 1781 592 exspe-

136 619 239 678 inieros
267 623 367 692 petere,
387 619 452 676 satis
480 620 615 676 Dominus
641 619 669 675 in
696 627 857 693 argumento
884 618 931 675 illo
983 625 1036 673 ctat
1055 617 1143 675 anima
1167 633 1277 689 eorpus,
1292 616 1435 682 utdoleat‚
1450 622 1497 672 aut
1520 613 1661 687 gaudenti
1685 611 1782 668 Nonne

136 707 264 783 pauperis
281 707 488 780 requiescentis,
504 720 530 763 et
552 707 643 765 dirius
661 706 871 780 ingemiscentis,
894 722 931 770 ,ex
982 715 1010 762 et
1023 706 1058 762 de
1072 722 1122 766 suo
1135 705 1233 763 sufficit
1251 705 1303 762 sibi
1322 705 1356 762 ad
1373 712 1518 777 utrumque
1541 702 1649 760 titulum
1672 700 1780 773 passio·

36 809 38 812 ⁴
136 798 381 872 personaltbrahae
395 798 483 854 sanxit
502 798 578 870 (loc.
602 799 673 869 aar),
687 814 743 855 non
766 811 846 869 posse
869 796 932 853 inde
984 793 1046 852 nis‘l
1062 795 1182 864 Quoties,
1197 796 1283 852 illaeso
1305 808 1429 867 corpore,
1448 793 1537 849 aniam
1560 792 1619 849 sola
1636 797 1780 863 torquetur

136 887 253 962 relegari
266 888 479 945 renuntiatorem
496 887 684 961 dispositionis
707 885 839 957 tuleram
858 887 932 959 quod
983 883 1047 952 bile,
1062 885 1113 952 ira,
1128 884 1219 954 toedio,
1234 883 1393 956 plemmque
1418 897 1468 939 neo
1486 880 1537 937 sibi
1558 878 1645 938 notol
1672 879 1780 951 quoties

135 977 178 1033 uel
198 985 262 1034 tuuc
274 977 358 1035 licere
372 977 513 1048 potuisset,
533 986 564 1033 ut
582 976 668 1048 ttopsi
682 988 708 1034 ct
722 976 862 1047 prophetis
875 991 933 1033 orc·
983 971 1048 1030 item
1070 988 1185 1046 corpore
1198 971 1305 1028 adflicto
1331 971 1457 1028 tunicum
1480 969 1531 1025 sibi
1544 970 1634 1024 anima
1648 967 1781 1041 qaudam

135 1064 252 1125 deretur.
273 1066 326 1122 Sed
341 1066 392 1122 elsi
405 1067 535 1138 quasdam
554 1065 693 1124 reuocauit
716 1064 802 1124 ⁷50
820 1066 848 1121 in
868 1080 931 1123 cor·
984 1062 1107 1135 exquirit,
1137 1069 1164 1117 et
1192 1061 1355 1133 acorporis
1387 1060 1541 1131 importuna
1563 1066 1627 1114 tunc
1649 1056 1780 1113 socictate

133 1167 201 1227 pora
214 1154 264 1210 Dei
278 1154 375 1221 uirtus,
390 1155 418 1210 in
433 1154 595 1213 documenta
606 1153 742 1223 jurissui,
756 1168 810 1209 non
829 1152 931 1210 idcirco
985 1148 1106 1210 secedit!
1122 1150 1249 1216 Mentior,
1265 1149 1289 1204 si
1306 1147 1382 1206 751
1403 1164 1457 1205 non
1475 1149 1510 1204 de
1522 1146 1592 1219 ipsis
1615 1145 1781 1204 cruciatibus

134 1243 376 1299 communicabitur
388 1240 463 1313 fidei,
478 1250 505 1299 et
517 1241 637 1299 audaciae
659 1255 810 1315 magorum,
827 1250 854 1297 et
875 1241 931 1298 lal-
983 1240 1105 1312 corporis
1119 1247 1147 1297 et
1160 1237 1270 1310 gloriari
1284 1246 1310 1295 et
1328 1239 1446 1310 gaudere
1469 1236 1528 1293 sola
1548 1234 1702 1293 consueuit.
1724 1235 1779 1292 lie-

136 1327 211 1386 lsciae
224 1330 402 1398 somniorum,
418 1337 445 1386 et
466 1329 580 1388 licentiae
605 1338 758 1402 poetarum.
783 1327 883 1402 Atquin
903 1329 931 1385 in
984 1329 1058 1403 spica
1072 1329 1106 1386 ad
1132 1327 1208 1385 blutii
1225 1327 1342 1383 animam
1358 1325 1426 1399 (bi),
1445 1341 1507 1382 cnm
1532 1325 1673 1381 dexteram
1700 1340 1779 1380 suam

135 1420 341 1477 resurrectionis
360 1419 501 1491 exemplis,
525 1436 588 1479 cum
610 1420 661 1486 Dei
680 1420 774 1491 uirtus,
799 1418 857 1476 siue
884 1435 931 1492 per
982 1417 1092 1492 ignibus
1114 1417 1203 1476 solvit.
1219 1417 1331 1490 Respice
1351 1416 1385 1473 ad
1408 1414 1523 1471 Zenonis
1538 1416 1607 1485 (95),
1625 1429 1689 1469 cum
1706 1412 1781 1469 illam

135 1510 291 1580 prophetas,
307 1510 364 1568 siue
376 1526 426 1583 per
443 1510 589 1579 Christum,
612 1511 670 1566 sive
688 1525 738 1581 per
752 1508 889 1581 apostolos
902 1508 932 1565 in
983 1505 1106 1578 Dionysii
1123 1512 1257 1565 tormenta
1278 1511 1450 1578 praetereunt.
1465 1505 1572 1560 blorsus
1590 1502 1709 1560 terarum
1737 1518 1783 1558 or-

134 1598 367 1670 oorporaanimas
380 1607 567 1672 repraesentat,
583 1597 670 1654 solida
683 1605 711 1654 et
733 1595 929 1664 contrectabili,
983 1603 1109 1653 nements
1122 1600 1186 1652 surrt
1201 1594 1357 1664 juventutis,
1385 1601 1415 1650 ut
1439 1593 1467 1650 in
1493 1594 1564 1664 Cyro
1591 1592 1649 1648 ursi
1676 1591 1783 1650 cicatri-

134 1692 162 1743 et
176 1685 274 1743 sanata
289 1688 411 1753 ueritate,
422 1685 626 1758 prejudicatum
649 1694 691 1742 est
713 1687 781 1741 banc
794 1701 855 1742 esse
870 1684 929 1742 lor·
982 1700 1028 1743 ces
1041 1684 1109 1758 (96).
1124 1683 1201 1740 Adeo
1215 1683 1289 1742 nouit
1302 1691 1328 1740 et
1342 1684 1415 1756 apud
1429 1684 1531 1740 inlatos
1545 1681 1635 1739 anima
1648 1691 1676 1740 et
1688 1682 1783 1738 dolere

134 1789 208 1831 nram
225 1774 357 1845 veritatis,
372 1782 402 1830 ut
416 1789 523 1830 omnem
543 1781 712 1832 mortuorum
733 1773 929 1835 exhibitionem
944 1750 967 1833 fl
983 1783 1009 1834 et
1023 1774 1144 1850 paudere
1162 1771 1221 1829 siue
1235 1789 1329 1839 carne;
1356 1773 1418 1848 quia
1441 1781 1469 1829 et
1490 1772 1518 1828 in
1542 1788 1623 1829 cerne
1644 1771 1732 1828 illesa
1758 1769 1783 1826 si

133 1857 328 1934 incorporalem
341 1860 494 1934 prestigias
503 1859 617 1932 judices.
981 1863 1046 1920 uelit
1059 1862 1140 1934 dolet,
1155 1871 1183 1919 et
1197 1863 1260 1918 laesa
1272 1862 1295 1918 ai
1305 1862 1370 1919 uelit
1384 1861 1494 1935 gaudet.
1511 1862 1569 1919 lloc
1583 1861 1647 1919 sier
1667 1861 1783 1917 arbitrio

419 2000 535 2060 CAPUT
554 2002 647 2060 mn·
979 1967 1030 2096 clauo
1045 1952 1152 2098 ¹instilla,
1167 1960 1268 2024 quanto
1287 1951 1373 2052 maqis
1394 1966 1428 2008 ex
1439 1950 1545 2022 judicio
1558 1951 1610 2051 Dei
1627 1962 1691 2051 post
1704 1967 1782 2096 tzor-

992 2056 1037 2099 em
1089 2057 1104 2099 e
1146 2057 1197 2098 nee
1220 2057 1311 2100 omnia
1331 2056 1413 2113 opera
1433 2055 1497 2098 eum
1519 2056 1608 2097 carnus
1626 2056 1709 2096 munus
1738 2055 1780 2098 rto

171 2127 298 2186 «Omnes
307 2141 375 2202 erpo
389 2127 486 2184 auimae
496 2144 579 2201 penes
591 2127 718 2187 inferos?
733 2147 746 2182 n
761 2128 863 2202 inquis.
877 2129 929 2187 lle·
981 2130 1069 2188 anima
1090 2132 1215 2202 partitum
1244 2145 1308 2186 nam
1332 2135 1361 2186 et
1381 2130 1454 2186 solos
1474 2130 1609 2202 cogitatus
1634 2139 1662 2186 et
1688 2129 1778 2186 nudas

132 2215 168 2274 lis
181 2232 214 2274 ac
229 2215 311 2288 nolis,
326 2223 355 2274 et
368 2216 504 2290 supplicia
516 2219 572 2290 jam
587 2217 651 2290 illic,
668 2225 695 2276 et
709 2215 860 2291 refrigeria.
875 2218 929 2275 lla-
980 2220 1130 2276 uoluntates
1156 2233 1267 2274 censura
1289 2217 1379 2274 divina
1399 2218 1575 2290 persequitur
1598 2217 1711 2289 (hallia.
1727 2215 1777 2286 ui:

131 2306 180 2366 bes
208 2322 351 2379 pauperem
383 2314 411 2364 ct
436 2307 557 2367 diuitem.
572 2307 605 2364 Et
628 2307 691 2380 quia
718 2306 809 2364 distuli
836 2308 929 2364 nescio
985 2309 1038 2379 Qui
1046 2309 1147 2366 uiderit
1161 2307 1197 2366 ed
1210 2306 1473 2381 concepissendom,
1480 2309 1544 2391 jona
1558 2306 1736 2365 adulteravit
1746 2308 1778 2362 in

132 2394 197 2468 quid
212 2395 247 2451 ad
269 2395 339 2452 hanc
362 2404 474 2468 partem,
501 2396 559 2466 jam
586 2403 737 2468 opportune
755 2395 783 2451 in
809 2395 929 2453 clausula
982 2399 1072 2456 eorde.
1097 2399 1171 2470 Ergo
1184 2397 1210 2436 ³³
1237 2406 1346 2468 propter
1363 2397 1415 2453 boe
1435 2395 1710 2475 coagmentissimum
1737 2401 1780 2450 est

134 2482 255 2541 reddam.
270 2484 325 2540 Cur
338 2484 409 2540 euim
424 2499 480 2540 non
495 2492 574 2558 putes
587 2485 705 2540 animam
719 2483 777 2557 (99)
792 2491 821 2539 et
839 2484 930 2555 puniri
983 2487 1110 2556 animam,
1122 2486 1183 2542 licet
1203 2501 1258 2542 non
1287 2492 1439 2556 exspectata
1463 2501 1554 2553 carue,
1579 2485 1679 2556 puniri,
1705 2483 1779 2557 quod

136 2581 163 2630 et
194 2572 279 2631 lovari
310 2574 339 2630 in
369 2573 483 2634 internis
515 2572 624 2631 interim
655 2575 706 2630 suh
732 2574 930 2644 exspectatione
981 2591 1036 2634 non
1050 2575 1150 2633 sociata
1165 2590 1245 2632 carne
1259 2572 1401 2630 commisit.
1418 2572 1463 2631 Sic
1478 2580 1506 2629 et
1519 2574 1555 2630 oh
1569 2573 1704 2646 cogitatus
1718 2571 1780 2643 pios

135 2662 277 2734 utriusque
289 2664 395 2736 iudicii,
408 2664 439 2720 in
453 2664 568 2738 quadam
582 2662 757 2738 usurpatione
769 2669 797 2721 el
816 2664 929 2722 candida
982 2673 1010 2722 ot
1024 2664 1178 2732 benevolos,
1194 2663 1222 2719 in
1236 2663 1335 2736 quibus
1348 2676 1428 2718 carne
1442 2677 1498 2718 non
1511 2662 1598 2735 eguit,
1616 2661 1674 2718 sina
1698 2676 1778 2718 mma

134 2751 218 2824 ejus?
234 2751 332 2822 «Quia
354 2752 458 2810 saltum
477 2753 557 2810 debet
575 2767 644 2820 esse,
666 2752 768 2827 inquis,
790 2753 816 2795 ³⁰
827 2753 929 2826 jndicio
983 2752 1156 2809 recreabitur.
1172 2751 1244 2822 Quid
1258 2766 1339 2818 nunc,
1355 2750 1379 2808 si
1392 2751 1454 2808 etin
1469 2751 1621 2808 carnalibus
1635 2750 1712 2823 prior
1726 2757 1777 2816 est,

140 2842 232 2901 divino
247 2843 384 2914 negotium
399 2857 489 2908 suum,
504 2841 563 2898 sinc
584 2843 639 2899 ulla
662 2842 845 2915 praelibatione
867 2859 930 2900 scu·
986 2840 1067 2899 ⁷52
1079 2857 1139 2914 quae
1154 2840 1282 2914 concipit,
1292 2855 1354 2913 quae
1368 2839 1496 2911 disponit,
1512 2856 1573 2912 quae
1583 2842 1701 2906 mandat,
1717 2855 1779 2914 que

131 2930 231 2986 tenliae.
249 2933 317 2987 Tum
331 2929 394 3001 quia
408 2938 434 2986 ct
456 2929 545 2986 carnis
557 2930 707 3002 operienda
718 2941 760 2987 est
782 2932 927 2999 restitutio,
983 2929 1333 3004 impatientissimum
1353 2929 1447 2999 invita,
1465 2930 1538 3002 prior
1562 2939 1652 2987 tamen
1669 2937 1776 2998 tractat,

131 3024 162 3073 ut
180 3018 314 3075 consortis
342 3033 484 3089 operarum
511 3027 594 3090 atque
622 3019 786 3076 mercedum.
806 3041 818 3072 »
852 3020 924 3090 Quid
938 3036 960 3116 c
974 3021 1048 3094 quod
1063 3036 1225 3093 percorpus
1245 3028 1338 3076 actura
1354 3027 1406 3076 est.
1422 3020 1566 3092 Nunquam
1581 3019 1698 3092 denique
1712 3033 1779 3076 con·

130 3120 197 3181 erqo
211 3105 258 3163 fiet
270 3108 298 3164 in
313 3115 434 3180 tempore
448 3106 526 3164 isto?
540 3108 731 3166 dormiemus?
743 3109 853 3166 Atenim
864 3110 924 3166 ani·
976 3109 1090 3166 scientia
1105 3108 1236 3180 posterior
1250 3109 1301 3166 erit
1314 3106 1395 3164 lacto.
1419 3107 1459 3164 lta
1480 3107 1544 3164 lruic
1556 3122 1665 3180 quoque
1688 3107 1778 3165 ordini

130 3211 181 3253 moe
192 3211 244 3254 nec
255 3196 284 3254 in
298 3197 450 3255 ducatibus
469 3197 627 3255 dormiunt:
643 3213 789 3273 corporum
801 3199 874 3256 enim
884 3207 926 3257 est
977 3199 1115 3270 competit,
1131 3214 1193 3254 eam
1206 3197 1325 3271 priorem
1340 3212 1454 3269 pensare
1472 3197 1618 3263 mercedes,
1635 3196 1678 3255 cui
1692 3195 1777 3268 priori

129 3300 252 3354 somnus,
268 3300 384 3358 quorum
406 3294 434 3343 et
455 3287 516 3360 ipsa
542 3303 617 3344 mors
646 3303 710 3344 cum
740 3287 851 3360 speculo
873 3301 924 3346 suo
977 3289 1136 3346 debeantur.
1153 3287 1183 3345 In
1202 3303 1317 3354 summa,
1340 3303 1404 3343 eum
1427 3301 1562 3343 carcerem
1586 3286 1671 3354 illum,
1696 3302 1777 3359 quem

128 3387 234 3432 somno.
250 3375 305 3433 Aut
318 3375 386 3432 nihil
395 3376 437 3434 ris
456 3375 501 3452 agi
514 3374 644 3449 illic,quo
658 3377 783 3435 universa
797 3377 924 3433 humani·
976 3375 1153 3447 Euangelium
1173 3375 1349 3448 demonstrat,
1363 3375 1464 3432 inlcros
1477 3374 1671 3450 intelligamus,
1687 3384 1717 3432 et
1731 3390 1776 3432 no

128 3465 310 3534 lustrabitur,
329 3480 382 3538 quo
396 3480 459 3537 spes
473 3467 562 3523 omnis
580 3466 790 3536 sequestratur?
804 3465 924 3523 Delibari
976 3465 1115 3522 vissimum
1135 3465 1315 3538 quadrantem
1338 3464 1476 3522 modicum
1502 3466 1630 3537 quodque
1651 3465 1778 3524 delictum

127 3553 357 3625 putesjadicium,
373 3571 407 3610 au
430 3554 538 3627 incipi?
560 3553 734 3627 praecipitari,
754 3570 789 3610 an
812 3556 924 3627 praemi·
978 3568 1054 3610 mora
1100 3554 1306 3611 resurrectionis
1351 3553 1406 3610 illic
1440 3553 1569 3612 luendum
1611 3554 1774 3627 interprete·

127 3641 235 3699 nistrari
248 3645 260 3696 t
273 3643 331 3697 lam
346 3657 419 3712 uero,
434 3659 515 3713 quam
530 3642 732 3716 iniquissimum
747 3643 828 3699 etiam
851 3644 923 3717 apud
977 3660 1038 3700 mur
1050 3644 1076 3683 ³³
1089 3644 1166 3714 (at);
1190 3658 1268 3701 nemo
1292 3643 1424 3700 dubitabit
1445 3643 1562 3699 animam
1580 3644 1687 3717 aliquid
1714 3660 1776 3717 pen·

127 3729 238 3793 interos,
253 3730 277 3785 si
291 3737 319 3785 et
332 3731 491 3787 nocentibus
510 3730 598 3787 adbuc
611 3730 666 3788 illic
686 3731 754 3788 bene
767 3740 818 3798 cst,
834 3740 861 3788 et
878 3732 923 3789 in·
978 3748 1039 3790 sare
1057 3749 1126 3804 pene
1143 3732 1256 3801 inferos,
1280 3734 1353 3790 salva
1380 3734 1585 3791 resurrectionis
1604 3734 1775 3806 plenitudine

128 3815 289 3872 nocentibus
299 3817 541 3886 noudumiQuidl
555 3818 755 3890 ampliationem
768 3818 791 3859 ³¹
806 3820 848 3876 vis
863 3836 925 3877 esse
978 3837 1027 3892 per
1048 3837 1157 3878 carnem
1174 3837 1292 3894 quoquc.
1308 3825 1365 3880 lloc
1379 3825 1460 3880 etiam
1474 3824 1628 3881 Paracletus
1649 3825 1776 3898 frequent

127 3913 190 3975 post
211 3911 327 3960 mortem
341 3905 411 3978 (99),
426 3905 539 3962 confusa
552 3922 602 3978 spe
621 3916 648 3964 et
661 3907 763 3966 incerta
786 3919 925 3982 exspecta·
978 3910 1083 3966 tissime
1098 3912 1307 3981 cornmcndauit,
1321 3912 1414 3986 siquis
1428 3927 1568 3969 sermones
1582 3913 1641 3982 ejus
1655 3928 1688 3968 ex
1699 3912 1776 3986 agni-

807 4032 903 4096 Variae
924 4037 1081 4098 lectiones.

163 4149 188 4188 ³⁰
203 4151 232 4206 ln
251 4152 383 4234 inserunt
399 4168 497 4210 omnes·
530 4159 615 4211 reler
633 4155 735 4214 Wonro.
750 4155 774 4195 ³¹
790 4155 916 4229 Amplius
930 4156 1016 4214 Fron.
1031 4159 1112 4215 Pom.
1128 4156 1153 4196 ³³
1167 4154 1217 4215 Vel
1235 4155 1300 4216 odd.
1315 4160 1382 4215 Por.
1400 4159 1578 4218 Gelonion.
1594 4159 1620 4199 ³³
1639 4158 1776 4231 intelligi-

128 4237 190 4279 mus
203 4254 239 4263 -
252 4232 461 4296 interpretamur
475 4228 497 4283 tt
534 4242 563 4281 n.
578 4228 659 4282 Pam.

813 4328 1063 4392 Commentarius.

162 4455 220 4530 (99)
233 4457 289 4515 Cur
306 4459 384 4516 enim
398 4473 456 4516 non
469 4462 553 4531 petes
570 4460 710 4527 enimam,
726 4467 778 4517 etc.
794 4461 868 4517 later
879 4476 922 4518 er·
938 4463 1010 4559 nob
1028 4460 1155 4518 confusas
1169 4469 1196 4518 et
1208 4461 1324 4520 incertas
1335 4462 1459 4533 judicum
1482 4462 1629 4521 sententias
1650 4461 1677 4517 in
1698 4461 1780 4520 aliud

127 4543 205 4586 rores
223 4537 252 4585 ct
273 4529 409 4601 paradoxa
428 4529 583 4586 Tertulliani
602 4546 724 4596 recense,
748 4531 796 4603 qui
819 4532 922 4591 animas
977 4535 1033 4590 siae
1047 4541 1163 4604 tempus,
1180 4534 1236 4591 aire
1254 4534 1369 4589 tribunal
1384 4534 1516 4591 dil't'ertur.
1533 4537 1595 4592 lire.

128 4601 228 4658 ooelum
242 4614 296 4656 non
320 4600 420 4657 intrare
444 4601 569 4673 usquein
584 4600 657 4658 diem
673 4603 780 4674 iudicii,
796 4611 824 4660 et
838 4603 864 4660 iu
879 4604 924 4659 in·
1014 4603 1072 4678 (99)
1086 4607 1199 4678 Respice
1212 4605 1248 4662 ed
1268 4607 1351 4662 Mutii
1370 4608 1509 4664 enimam.
1537 4605 1613 4665 unul
1633 4603 1777 4664 Scaerolae.

127 4670 193 4729 ieris
202 4672 303 4743 degere
317 4672 420 4729 statuit.
437 4672 514 4728 Unde
527 4688 585 4744 cap.
601 4676 636 4730 55
652 4674 727 4742 dixit,
746 4697 757 4727 e
774 4676 920 4747 aspernati,
975 4678 1016 4733 La
1032 4679 1079 4733 l’n.
1325 4693 1328 4696 ’

127 4744 151 4801 si
166 4744 246 4811 lorte,
265 4743 294 4798 in
307 4743 424 4798 Abmlre
440 4742 511 4811 sinu,
532 4748 717 4816 exspectandae
741 4748 921 4805 resurrectio·
1010 4748 1069 4819 (95)
1093 4745 1133 4803 Ad
1151 4748 1279 4804 Zenonis.
1294 4752 1366 4804 Zeno
1389 4750 1433 4806 hio
1448 4757 1488 4805 est
1511 4747 1625 4814 Eleates,
1642 4747 1688 4820 qui
1714 4762 1777 4806 con

126 4815 170 4872 nia
186 4815 313 4875 solatium
325 4830 432 4895 capere.
447 4832 461 4865 a
487 4815 559 4871 lllud
571 4831 636 4873 uero
654 4817 819 4875 Tertulliano
843 4835 921 4876 com·
976 4826 1108 4889 temptum
1121 4819 1216 4873 mortis
1236 4835 1252 4873 c
1276 4820 1448 4892 philosophia
1463 4821 1622 4893 contingere
1647 4834 1712 4875 eum
1727 4835 1777 4874 as·

126 4903 211 4944 mune
224 4894 266 4942 est
279 4901 342 4941 cum
365 4885 424 4942 altis
444 4885 547 4967 multis,
571 4887 600 4944 in
623 4889 722 4960 quibus
737 4891 846 4947 heresis
861 4906 923 4947 esse
976 4899 1077 4947 sereret
1089 4888 1381 4962 apudDioupsiummb
1390 4893 1485 4949 eodem
1495 4890 1637 4948 tormentis
1645 4889 1777 4948 immani-

126 4973 181 5015 uon
207 4964 305 5029 potest.
335 4972 397 5012 cum
424 4958 489 5013 urhil
519 4960 656 5018 statuisset
677 4962 805 5018 Ecclesia.
829 4962 923 5034 Neque
977 4963 1029 5016 bus
1046 4961 1189 5027 cruciatus,
1216 4964 1399 5034 responsionis
1414 4964 1622 5024 saeveritatem
1637 4977 1686 5018 sua
1708 4976 1779 5020 con-

127 5027 199 5086 enim
216 5035 279 5098 puto
292 5027 354 5083 illos
367 5043 484 5101 negasse
504 5032 619 5115 gloriam
640 5033 756 5090 visionis
775 5033 921 5104 beatificae,
975 5033 1073 5087 suntin
1088 5034 1281 5104 comprobavit.
1296 5037 1335 5092 Lu
1349 5036 1398 5091 Pa.

128 5108 289 5172 sanctosque
316 5100 422 5182 integra
444 5101 611 5161 heatitudine
640 5119 694 5160 non
719 5104 847 5163 fruituros
869 5104 922 5159 nisi
1011 5104 1069 5174 (99)
1085 5105 1116 5159 ln
1133 5104 1201 5177 Cyro
1216 5108 1276 5163 arsi
1289 5109 1447 5164 cicatrices.
1463 5105 1557 5163 Tradit
1580 5106 1656 5163 illurn
1676 5105 1777 5162 Xeno-

128 5179 192 5244 post
204 5178 439 5230 resurrectionem.
455 5173 523 5230 Cum
542 5175 576 5230 iis
594 5183 621 5230 et
643 5175 809 5232 Tertulliano
831 5176 924 5231 mitius
977 5173 1061 5244 phou,
1076 5174 1153 5230 libr.
1178 5179 1249 5233 inter
1261 5180 1413 5236 venandum
1428 5194 1488 5233 cum
1505 5194 1570 5235 urso
1592 5192 1777 5253 conpressum

128 5243 264 5318 agendum
277 5243 324 5316 qui
333 5242 427 5302 lorsau
440 5245 490 5303 Dei
505 5247 619 5322 gloriam
631 5246 725 5303 uidere
743 5262 800 5304 noa
813 5246 925 5303 inficiati
977 5244 1061 5301 luisse
1079 5245 1178 5317 Cyrum
1199 5248 1339 5315 minorem,
1355 5265 1438 5321 quem
1450 5249 1523 5305 idem
1546 5251 1634 5322 Cyrus
1657 5249 1781 5325 acceptis

128 5323 201 5372 sunt.
217 5318 256 5373 tn
271 5316 319 5374 Pu.
977 5317 1132 5372 vulneribus
1146 5318 1288 5376 interemit.
1305 5322 1342 5376 Lu
1357 5324 1405 5377 Pa.

164 5386 222 5459 (93)
240 5389 334 5458 Quid?
347 5391 563 5464 ampliationem
575 5391 618 5446 uis
636 5404 694 5445 esse
705 5393 769 5463 post
790 5393 922 5446 morlens.
1011 5389 1069 5458 (at)
1085 5389 1158 5446 llora
1174 5393 1389 5449 resurrectionis
1402 5393 1464 5449 illic
1480 5393 1617 5450 luendum
1635 5397 1780 5468 interpre-

129 5459 273 5534 Bleganter
293 5461 331 5516 ait
353 5463 454 5516 interro
494 5458 558 5527 ndo,
581 5460 701 5531 «Quid‘l
723 5459 925 5532 ampliationem
980 5463 1084 5517 lemur.
1102 5461 1131 5516 ln
1146 5477 1222 5518 mora
1246 5464 1451 5519 resurrectionis
1477 5464 1585 5539 purgari
1611 5465 1731 5533 animas,
1752 5470 1780 5520 et

129 5531 171 5587 ris
186 5547 248 5587 esse
263 5539 455 5602 postmortem
493 5550 504 5580 ι
525 5531 566 5586 Ex
584 5545 661 5587 more
678 5531 842 5602 judiciorum
866 5548 926 5587 am·
978 5533 1112 5590 modicum
1128 5533 1254 5606 quodque
1268 5533 1394 5592 delictum
1405 5535 1508 5607 eluere,
1524 5534 1591 5609 quid
1604 5535 1678 5594 aliud
1692 5552 1775 5611 quarn

129 5601 208 5675 phari
228 5617 292 5660 reus
312 5602 417 5671 dicitur,
436 5601 471 5662 de
493 5617 548 5675 quo
570 5601 637 5661 nihil
655 5603 852 5676 pronuntiatur,
877 5606 925 5663 sed
979 5605 1128 5679 purgatorii
1141 5619 1223 5678 poena
1237 5604 1301 5663 ihr
1314 5606 1362 5664 Pa.
