3840 6134
128 333 177 395 ltl

719 329 763 387 DE
782 328 869 389 FUGA
889 328 922 390 ld
942 328 1198 391 Puhstublldllu.

1726 332 1778 393 tra

126 460 205 517 tures
215 457 373 513 balnearum
381 455 452 525 (35),
464 463 492 511 ct
501 453 622 518 aleones,
633 460 659 509 ct
667 454 790 522 lenones,
800 455 927 511 Christis·
942 476 966 554 st
983 456 1087 513 minosa
1100 458 1159 530 (ld)
1183 459 1208 497 ⁷⁰
1223 459 1351 516 adversus
1372 475 1442 518 earn.
1457 459 1515 516 Non
1531 467 1608 529 potes
1622 459 1777 517 discurrere

127 548 275 617 niquoque
300 544 453 616 vectigales
472 543 654 599 continentur.
680 544 753 598 llanc
781 543 926 612 episcopa-

128 635 168 690 tui
201 634 314 689 formam
344 631 460 704 apostoli
488 631 672 701 prorideurius
691 630 872 686 condiderunt
900 641 929 686 ut

129 738 216 796 regno
238 737 289 776 suo
311 723 398 776 securi
422 719 475 775 lrui
497 727 606 791 possent
629 720 678 774 sub
693 719 804 775 obtentu
829 733 929 789 procu·

129 812 207 867 randi
229 810 288 879 (36)
311 810 346 866 ⁶⁹.
360 808 468 865 Scilicet
484 808 556 865 enim
581 808 661 864 talem
679 823 769 878 pacem
793 807 928 875 Christus,

129 901 161 956 ad
177 902 287 954 Patrem
312 898 482 972 regrediens,
498 896 633 952 mandavit
648 913 663 951 a
677 896 807 952 militibus
821 911 871 966 per
884 911 930 951 sa·

130 988 268 1045 turnalitia
281 986 467 1043 redimendam
483 985 547 1058 (37).

428 1075 540 1132 CAPUT
560 1074 635 1131 xlv.

163 1165 218 1221 Sed
243 1165 382 1236 quomodo
403 1162 565 1234 colligemus
586 1163 653 1232 (38),
678 1160 777 1231 inquis,
795 1161 930 1233 quomodo

129 1255 272 1312 [lominica
291 1252 422 1309 solemnia
446 1249 669 1306 celebrabimus?
684 1250 780 1320 Utique
793 1254 930 1320 quomodo

131 1352 157 1399 ct
175 1343 315 1414 apostoli3
344 1340 407 1407 lide,
429 1355 482 1396 non
513 1338 626 1411 pecunia
650 1338 713 1407 tuti;
735 1354 795 1409 quae
812 1336 879 1392 lidos
907 1337 930 1392 si

131 1441 253 1487 montem
287 1429 433 1484 transferre
465 1437 565 1499 potest,
586 1426 778 1498 multomagis
806 1425 928 1481 militem.

100 1508 197 1576 'Esto
226 1516 442 1587 sapientis,non
470 1513 582 1587 premio
607 1522 710 1571 cautus.
740 1513 833 1583 Neque
856 1513 930 1569 enirn

130 1608 220 1663 surim
234 1612 263 1661 et
285 1621 301 1658 a
317 1605 417 1676 populo
430 1602 484 1659 eris
508 1609 592 1674 tutus,
605 1601 629 1655 si
642 1601 732 1656 cilicia
747 1599 872 1656 militaria
886 1616 929 1656 re-

986 563 1032 617 per
1054 545 1176 619 singulos
1191 565 1198 602 :
1216 548 1251 603 sit
1266 548 1313 604 tibi
1338 559 1365 604 et
1378 549 1405 603 in
1421 547 1506 603 tribus
1528 548 1659 605 Ecclesia.
1684 549 1778 604 llelius

984 642 1024 688 est
1043 635 1133 690 turbas
1157 644 1215 692 tuas
1238 637 1381 708 aliqnando
1403 652 1457 692 non
1481 635 1584 701 videas,
1599 652 1679 707 qnam
1696 637 1777 693 addi·

984 721 1111 794 casllt).
1135 723 1217 778 Serra
1241 725 1347 781 Christo
1370 725 1503 798 uirginem
1527 738 1668 791 sponsam.
1693 724 1778 779 Nemo

982 819 1114 879 quaeslum
1133 811 1167 865 do
1190 828 1221 867 ea
1237 813 1327 870 iaciat.
1354 812 1417 869 llaec
1433 813 1491 877 tibi,
1508 810 1600 874 trater,
1617 813 1683 866 dura
1701 810 1781 865 tursi-

984 903 1029 953 tan
1046 908 1072 953 et
1095 897 1272 956 intolerabilia
1285 901 1421 958 videntur.
1450 900 1504 956 Sed
1521 898 1608 956 recito
1631 899 1720 952 Deum
1733 898 1780 952 di-

982 984 1077 1043 xisse:
1097 988 1150 1055 Qui
1168 992 1254 1060 cepit,
1280 992 1377 1061 cupiet
1392 989 1502 1057 (llettb.
1527 1002 1585 1052 ιιι,
1603 988 1662 1055 lt);
1680 985 1705 1041 id
1729 994 1780 1055 est,

983 1075 1098 1145 quinon
1126 1076 1207 1146 capit,
1223 1077 1353 1133 discedat.
1367 1077 1390 1132 N
1395 1093 1428 1133 on
1453 1084 1543 1146 potest
1566 1073 1612 1146 qui
1628 1072 1681 1144 pati
1698 1072 1783 1142 tinret,

983 1166 1042 1232 ejus
1056 1179 1116 1220 esse
1131 1165 1177 1236 qni
1192 1181 1286 1234 passus
1306 1174 1357 1219 est.
1375 1168 1408 1219 dt
1423 1164 1471 1235 qui
1488 1163 1543 1234 pati
1558 1177 1611 1218 nou
1628 1162 1713 1227 timet,
1730 1163 1782 1216 iste

983 1250 1119 1321 perfectus
1145 1252 1195 1307 erit
1218 1253 1245 1306 in
1273 1252 1428 1318 dilectione,
1459 1250 1553 1324 utique
1571 1250 1629 1304 Dei.
1650 1253 1784 1320 Perfecto

983 1342 1061 1397 euim
1074 1341 1188 1399 dilectio
1198 1343 1275 1412 sorus
1290 1343 1381 1397 mittit
1393 1342 1521 1398 timorem
1538 1341 1561 1410 (ι
1575 1341 1656 1397 loeo.
1672 1355 1709 1409 ιν,
1727 1338 1784 1410 18).

984 1429 1019 1484 Et
1033 1429 1094 1488 ideo
1108 1430 1195 1485 multi
1209 1431 1309 1493 uoceti,
1324 1430 1409 1501 peuri
1423 1429 1508 1485 electi
1521 1425 1632 1499 (ldottb.
1654 1442 1722 1493 xxrr,
1740 1428 1784 1497 lt)

984 1517 1042 1573 Nou
1053 1520 1251 1590 quaeritarent
1263 1520 1351 1573 tubum
1362 1519 1438 1572 viem
1447 1517 1526 1588 sequi
1534 1518 1656 1586 perotus
1670 1517 1724 1579 sit,
1736 1514 1785 1570 sed

984 1607 1033 1676 qui
1046 1611 1196 1676 onpustom
1205 1605 1314 1677 (llottb.
1327 1621 1375 1669 vn,
1393 1607 1441 1670 133
1452 1605 1515 1660 Luc.
1532 1617 1595 1669 xrrr,
1608 1601 1664 1673 ab).
1674 1603 1708 1657 Ει
1721 1603 1785 1658 idco

131 1695 253 1753 demeris
278 1694 350 1765 (39).
375 1692 433 1748 Una
462 1707 528 1762 ergo
556 1689 601 1744 tibi
627 1698 654 1744 ot
678 1688 731 1744 fide
753 1698 780 1743 et
801 1688 932 1759 sapientia
986 1693 1137 1750 Paracletus
1164 1694 1331 1763 necessarius
1363 1691 1491 1747 deductor
1526 1689 1649 1745 omnium
1687 1690 1786 1746 verita·

132 1785 165 1839 ad
189 1782 305 1839 tutelam
330 1796 399 1849 opus
416 1787 456 1834 est
473 1797 480 1831 r
495 1778 594 1850 quibus
616 1791 670 1832 non
696 1776 833 1844 adhibitis,
848 1785 875 1831 et
889 1793 934 1831 rc·
949 1755 972 1832 Β
988 1789 1054 1848 ιιιιη,
1070 1785 1224 1839 exhortator
1251 1780 1371 1837 ornnium
1393 1777 1598 1834 tolerantiarum
1615 1795 1622 1831 :
1643 1793 1723 1848 quern
1739 1777 1787 1849 qui

130 1871 318 1943 demptionem
347 1880 417 1922 ruam
447 1873 525 1936 potes
552 1866 681 1936 perdere;
705 1863 842 1929 adhibitis,
860 1865 933 1920 haud
986 1869 1356 1940 receperuntnequelugere
1372 1865 1787 1939 persecutionemnequcrodi-

130 1958 347 2030 redemptionem
361 1955 528 2010 desiderare.
544 1954 686 2009 Postremo
701 1951 725 2005 si
738 1950 867 2022 colligere
887 1952 932 2007 in·
989 1973 1064 2013 mere
1075 1969 1218 2025 noverunt,
1230 1959 1361 2014 hahentes
1373 1958 1461 2029 ipsum
1472 1954 1520 2026 qni
1531 1955 1667 2027 pronubis
1678 1956 1738 2022 erit,
1751 1956 1789 2011 sic

130 2048 221 2103 terdin
237 2060 294 2100 non
324 2051 412 2114 potes,
427 2043 511 2098 babes
538 2050 654 2112 noctem,
680 2040 739 2095 luca
762 2037 860 2094 Christi
885 2039 932 2095 ln·
991 2052 1020 2099 ut
1032 2045 1136 2101 locutus
1147 2043 1405 2116 ininterrogatione,
1417 2044 1599 2114 itajuvaturus
1609 2041 1636 2097 in
1649 2044 1786 2114 passione.

810 2136 905 2200 Variae
927 2142 1082 2208 lectiones.

163 2226 189 2265 ⁶⁹
204 2224 225 2280 A
247 2222 379 2280 Neunder
393 2221 466 2292 conj.
481 2235 507 2274 v.
523 2235 618 2291 pacem
633 2217 678 2273 bic
688 2216 826 2273 eredere
841 2233 874 2273 oc
888 2221 1093 2281 restituendam
1102 2241 1168 2282 esse.
1180 2222 1205 2263 ⁷⁰
1218 2224 1291 2282 Luce
1306 2223 1404 2279 Christi
1418 2222 1545 2280 luminosi
1564 2221 1651 2280 libert.
1665 2250 1701 2263 -
1716 2222 1792 2277 Noc·

131 2306 184 2353 um
202 2298 264 2352 lnce
279 2293 381 2350 Christi
392 2293 553 2347 luminosam
566 2290 626 2347 ced.
641 2292 701 2348 llrs.
717 2291 745 2344 et
765 2289 863 2345 Weuro.

769 2412 775 2424 .
821 2358 1071 2429 Commentarius.

138 2471 205 2529 lora.
239 2492 251 2522 ι
290 2470 492 2550 Verumtamen,
515 2482 575 2521 cum
603 2465 676 2520 illius
698 2464 749 2546 ravi
772 2462 942 2546 Christianos
996 2470 1119 2537 turnalia,
1130 2471 1326 2529 autdicendum
1337 2469 1503 2526 saturnalitia
1514 2483 1625 2525 munera
1636 2466 1793 2539 significari,

136 2553 240 2624 1111111111
257 2542 295 2597 ab
308 2555 442 2621 5111311111
469 2546 496 2593 tl
509 2537 794 2622 6111011111111111111511
815 2551 941 2617 ibamus,
996 2557 1057 2612 quae
1072 2544 1245 2598 saturnahtim
1255 2542 1420 2598 celebritatis
1435 2540 1579 2597 occasione
1590 2539 1720 2596 militibus
1734 2540 1795 2595 sive

137 2627 166 2670 nt
178 2624 264 2672 ettam
290 2614 395 2692 botulis
416 2621 442 2666 et
456 2618 559 2666 caeterrs
571 2607 732 2689 ¹hujusmodi
759 2607 855 2662 eduhrs
868 2617 943 2688 ,stu-
996 2611 1155 2669 ollicialibns
1168 2614 1337 2684 proconsulis
1352 2621 1398 2668 aut
1411 2612 1535 2684 praesidis
1549 2610 1694 2666 Christiani
1709 2613 1796 2666 mitte·

136 2686 292 2741 iliosis-‘rime
324 2683 499 2747 1181111111)
528 2682 604 2736 [aelle
620 2681 685 2760 1111111
719 2679 942 2758 persutdttlua-
998 2683 1072 2749 bant,
1088 2692 1117 2740 ut
1140 2701 1187 2742 eos
1214 2684 1341 2741 haberent
1367 2684 1502 2754 aeqniores
1525 2690 1552 2737 et
1570 2682 1791 2738 clementiores...

137 2756 197 2820 titt.
218 2753 421 2811 Tertullianum
448 2752 498 2806 b0⁰
515 2749 576 2806 ¹⁰0⁰
603 2751 691 2805 l³¹¹¹⁰³
709 2750 743 2804 th
766 2750 885 2822 {teneruit
902 2759 944 2804 lt·
960 2755 982 2835 c
998 2754 1150 2812 Saturnalia
1174 2772 1314 2813 munerum
1332 2764 1359 2812 ct
1373 2762 1522 2812 strenarum
1541 2752 1599 2810 dies
1614 2754 1697 2809 luere.
1717 2752 1795 2809 Undc

138 2827 331 2883 herbariorum
355 2821 535 2895 appellatione
557 2820 699 2886 exemisse,
729 2836 782 2890 uno
797 2819 884 2892 magis
896 2836 944 2876 nc·

139 2899 224 2970 gorii,
239 2900 275 2953 de
290 2909 345 2966 quo
359 2896 458 2965 agitur,
475 2891 621 2947 loeditatem
636 2891 785 2946 extolleret.
802 2892 863 2948 lira.

178 2968 239 3036 (35)
254 2971 341 3023 Fures
358 2965 535 3031 balneorum,
552 2962 634 3033 Apol.
653 2964 696 3028 lt,
712 2961 836 3017 dicuntur
851 2963 944 3017 levum

145 3040 222 3093 tium
242 3037 401 3110 predones.
422 3033 534 3089 intumis
555 3033 703 3088 habebatur
728 3033 804 3087 miles
828 3032 856 3086 in
869 3032 942 3088 furto

149 3108 292 3163 balneario
315 3107 502 3175 deprehensus.
527 3105 545 3158 l.
561 3102 607 3159 lin.
630 3105 663 3158 D.
678 3103 712 3159 de
726 3103 789 3157 Fur.
809 3112 881 3157 noct.
899 3102 942 3158 uel

150 3179 223 3233 baln.
242 3177 343 3232 Contra
363 3175 418 3229 illas
442 3175 555 3245 injurias
578 3174 779 3230 adhibebantur
803 3172 873 3229 servi
896 3171 943 3242 qui

141 3249 272 3320 capsarii
295 3247 354 3300 sire
378 3245 563 3316 (ιατιοφὺλακες
589 3245 722 3311 dicuntur,
752 3244 851 3316 quique
883 3243 944 3297 altis

137 3321 224 3375 etiam
247 3318 342 3372 usibus
354 3317 514 3374 serviebant.
539 3315 636 3381 l'aull„
661 3317 680 3370 l.
701 3330 730 3379 rr,
746 3316 779 3369 de
793 3313 848 3370 Oli.
865 3312 942 3383 prael.

135 3391 193 3463 rig.
213 3389 294 3445 Unde
316 3388 449 3443 Luciacus
463 3387 570 3459 Hippia,
594 3389 623 3449 Τ(
637 3388 665 3438 ἄν
689 3406 729 3439 σοι
744 3384 782 3438 ἐπὶ
805 3385 943 3438 rehumili-

136 3482 222 3534 porpe,
237 3459 412 3530 ἱμαλαιστρας,
424 3458 518 3520 καὶτὰς
532 3458 614 3518 κοινὰς
623 3464 673 3512 τῶν
687 3457 770 3527 iperio
789 3439 943 3509 uberrimus

136 3532 310 3598 ιπασκευάςς
337 3529 435 3597 «Quid
458 3529 571 3585 roleram
596 3536 727 3600 praeterea
746 3476 892 3599 paiaestras,
918 3532 944 3580 et

139 3618 307 3657 communes
334 3601 517 3671 capsariorum
538 3600 706 3670 apparatus?
727 3617 739 3648 e
767 3598 876 3668 Legunt
901 3596 944 3652 hic

140 3673 265 3730 nonnulli
280 3673 506 3739 balneariorum,
529 3671 600 3742 quod
625 3672 696 3725 idem
712 3676 761 3733 est,
778 3667 901 3740 quamvis
916 3668 944 3721 in

140 3745 233 3801 Gloss.
250 3744 297 3798 fut·
311 3743 470 3807 balneamus,
487 3742 718 3808 βαλανειωιλέπτης.
733 3740 772 3794 th
787 3741 835 3796 Plt.

175 3816 235 3887 (36)
252 3817 286 3874 Ut
303 3830 443 3885 reprosuo
457 3813 549 3871 securi
571 3814 631 3881 [rui
643 3814 758 3884 possent
782 3810 830 3866 sub
845 3807 943 3865 ottere-

144 3885 448 3956 superterrenorum
463 3885 631 3955 episcopatus
640 3885 668 3937 in
683 3896 796 3954 regnum
806 3881 942 3952 surgebat,

143 3956 167 4012 si
181 3957 320 4013 credimus
348 3955 490 4027 Septimio,
511 3956 642 4010 adversus
668 3951 816 4009 Ecclesiam
844 3952 945 4006 lloma·

145 4044 205 4082 nam
234 4027 294 4085 siue
322 4027 483 4084 catholicam
511 4024 649 4080 scribenti.
681 4024 752 4080 Sane
773 4020 944 4078 Ammianum

146 4098 333 4154 Marcellinum
357 4096 466 4151 minime
484 4095 614 4175 audirem²
640 4095 735 4150 talibus
761 4105 819 4148 orta
838 4091 943 4163 priuci-

148 4169 196 4238 piis
220 4170 293 4224 libro
310 4182 387 4224 xxvrr
409 4175 572 4235 narrantem,
589 4165 639 4220 nisi
662 4163 774 4236 Sulpicii
788 4163 878 4219 Severi
898 4178 947 4219 su·

148 4241 246 4306 pramis
269 4239 398 4296 llistoriae
420 4253 504 4295 sacras
526 4236 616 4295 verbis
638 4235 716 4292 etiam
735 4233 869 4291 atrociora
887 4240 944 4287 tra·

150 4311 287 4368 derantur.
303 4311 368 4367 llre.

181 4383 238 4453 (37)
257 4384 354 4440 Talem
365 4396 467 4454 pacem
479 4379 605 4437 Christus
614 4377 762 4436 mandevit
775 4393 793 4433 u
807 4373 947 4431 militibus

150 4453 400 4524 persetumatitia
415 4450 620 4511 redimendam.
641 4450 696 4507 Aut
709 4446 883 4505 scribendum
901 4459 946 4501 sa-

999 2825 1066 2882 illud
1085 2826 1222 2896 bardalia,
1240 2844 1292 2883 rv:

1076 2940 1220 2990 Saturnalia
1237 2939 1403 2989 fructuosiora

1074 3002 1154 3050 Annis
1171 3014 1220 3051 nun
1239 3002 1327 3051 babuit
1340 3003 1425 3050 decem
1443 2999 1579 3050 sabellius.

1032 3088 1089 3157 (38)
1120 3089 1171 3145 Sed
1198 3089 1332 3161 quomode
1360 3088 1546 3157 cetlipemus?
1576 3090 1630 3146 πῶς
1647 3084 1794 3156 συνάξομει;

997 3160 1124 3227 lrenaens,
1141 3159 1186 3215 lib.
1203 3174 1234 3226 rr,
1253 3174 1312 3228 cap.
1330 3161 1346 3212 3
1367 3176 1374 3211 s
1395 3175 1407 3206 r
1428 3156 1625 3211 Conl'undimns
1639 3171 1734 3211 omncs
1748 3171 1796 3211 eus

997 3231 1164 3302 quiquequo
1192 3229 1272 3285 modo
1293 3229 1332 3284 vel
1359 3242 1406 3296 per
1434 3227 1475 3281 sni
1501 3226 1659 3298 placentiam
1684 3225 1795 3289 malam,

997 3304 1038 3355 uel
1067 3317 1162 3355 vanam
1196 3300 1319 3374 gloriam,
1335 3299 1379 3353 rel
1403 3312 1449 3368 per
1470 3296 1619 3351 caecitatem
1643 3304 1670 3350 ct
1695 3296 1792 3348 malam

997 3374 1168 3435 sententiam,
1190 3382 1368 3441 preterquam
1397 3378 1502 3433 oportet
1518 3367 1659 3437 colligunt.
1677 3386 1688 3414 s
1706 3365 1795 3434 Opta-

998 3454 1051 3510 tus,
1068 3443 1114 3495 lib.
1132 3457 1152 3496 ιι
1169 3459 1175 3494 :
1194 3461 1206 3492 ι
1223 3442 1281 3497 Non
1309 3440 1379 3496 enim
1392 3455 1457 3510 grex
1472 3444 1518 3492 ant
1534 3438 1647 3508 populus
1661 3435 1796 3506 appellan-

997 3514 1025 3568 di
1039 3515 1147 3568 fuerant
1168 3512 1256 3581 pauci,
1269 3513 1315 3584 qul
1341 3511 1411 3565 inter
1434 3508 1611 3581 quadraginta
1625 3517 1652 3563 et
1666 3506 1739 3578 quod
1754 3521 1797 3561 cx-

997 3593 1080 3712 pprru
1090 3583 1223 3646 basi'icas,
1240 3585 1328 3639 locum
1343 3579 1389 3636 ubi
1403 3581 1563 3652 colligerent
1583 3594 1636 3634 non
1652 3578 1795 3634 habebant.

1021 3671 1060 3712 ra.
1620 3667 1627 3682 ’

1033 3726 1090 3810 (39)
1109 3726 1200 3797 Neque
1214 3726 1293 3782 enim
1308 3724 1408 3781 stetim
1420 3725 1448 3777 et
1462 3721 1590 3796 opoputo
1601 3726 1680 3777 tutus
1694 3720 1760 3786 eris,
1773 3718 1799 3774 si

998 3799 1093 3868 officie
1103 3798 1245 3853 militarie
1256 3796 1419 3852 redemtoris.
1431 3793 1490 3847 Etsi
1501 3792 1618 3847 nummis
1630 3791 1726 3848 oblatis
1736 3805 1799 3846 con-

997 3884 1123 3924 cussores
1153 3868 1222 3935 illos,
1240 3865 1428 3922 beneficiarios
1454 3870 1480 3918 et
1500 3863 1622 3919 curiosos
1637 3860 1797 3933 placaveris,

998 3954 1146 4012 pacemque
1176 3938 1209 3992 ab
1236 3937 1270 3992 iis
1283 3936 1442 4001 redemeris,
1456 3949 1509 3989 non
1525 3933 1613 3989 statim
1632 3942 1660 3988 et
1674 3949 1689 3987 a
1704 3931 1798 4004 populi

998 4011 1111 4065 l'urentis
1125 4009 1198 4065 rabie
1212 4015 1284 4063 tutus
1303 4009 1366 4063 eris.
1381 4007 1444 4062 llru.

1036 4082 1091 4150 (bd)
1106 4080 1194 4136 llebes
1210 4083 1320 4137 uectem
1347 4080 1408 4136 tuce
1423 4076 1528 4133 Christi
1544 4076 1727 4131 turrinorum.
1753 4072 1799 4129 Sic

1001 4151 1068 4207 liber
1091 4149 1191 4207 Ursini.
1207 4149 1286 4218 Quod
1314 4148 1449 4220 sequitur,
1464 4148 1597 4205 aduersus
1626 4158 1799 4216 comprare

963 4198 985 4276 fl
1002 4227 1131 4279 insertum
1146 4221 1250 4274 detrahi
1266 4220 1354 4276 velim.
1369 4218 1429 4273 Rru.

1037 4293 1095 4365 (tt)
1106 4290 1203 4348 llelr'us
1214 4293 1255 4345 est
1271 4291 1370 4347 turbes
1385 4293 1450 4344 tuus
1461 4288 1613 4359 aliquunde
1623 4286 1797 4357 servideus,

1000 4382 1085 4438 quem
1099 4363 1223 4420 addices.
1240 4365 1343 4431 [tempe
1360 4359 1505 4414 tributariae
1519 4357 1650 4416 servituti.
1671 4357 1735 4415 lira.
