3840 6134
126 267 182 332 005
698 264 798 327 amaa
818 266 893 326 dDV.
914 265 1185 328 llllLllll'lllllllllOS.
1588 320 1605 338 ,
1714 275 1768 338 606

129 391 293 458 mmmorln
321 397 349 447 et
371 404 423 449 nos
443 388 471 446 in
492 388 616 445 cisternis
628 388 690 461 (96)
716 389 798 446 ebena
820 388 923 448 alienos
939 406 963 485 g
978 389 1051 447 illius
1066 391 1117 448 loci
1130 393 1252 449 horrore.
1268 393 1382 449 Omnem
1399 396 1470 451 enim
1493 397 1682 458 obscuritatem
1704 401 1763 471 ejus

128 482 220 538 luctus
233 488 261 536 et
274 475 362 537 569
380 477 513 551 lacrymas
532 491 642 535 servare
653 492 790 534 curamus.
808 476 923 534 Proinde
977 477 1160 550 discussisset,
1174 479 1280 552 quoties
1296 479 1382 537 ridere
1394 481 1531 549 voluisset,
1545 485 1587 543 vel
1603 502 1636 544 ne
1649 502 1765 561 eogere·

127 584 160 627 ex
188 566 406 625 consternatione
433 572 460 622 et
487 579 583 635 pavore
605 566 756 637 corporalia
792 567 924 624 elementa
976 574 1020 622 tur
1033 568 1184 628 desertores
1199 583 1262 626 snos
1275 568 1412 641 applicare
1430 571 1455 610 ⁴⁵
1471 572 1538 643 (98).

128 656 209 713 ducta
232 663 305 712 sunt.
320 656 355 711 Et
378 663 467 711 umen
489 654 516 708 in
538 660 610 710 taum
632 653 834 710 circumstantia
857 653 924 711 soli·

129 744 240 812 tudinis,
267 743 295 799 in
313 751 388 800 tanto
411 743 594 812 circumsepto
608 740 631 781 ⁴¹
654 740 833 799 destitutionis
852 741 920 814 (97),
1271 710 1385 768 CAPUT
1404 711 1478 797 m·

128 831 234 890 ridebat
261 829 377 900 interim,
405 846 460 902 qua
482 830 619 902 conspecti
640 829 739 887 Christi
760 831 924 899 recordans,
1010 830 1261 890 Convertitnrenim
1275 834 1311 889 ad
1324 848 1416 904 preces
1429 839 1457 891 et
1469 832 1528 905 ipsa
1542 849 1617 893 more
1632 846 1764 895 materno.

128 935 162 977 eo
186 920 222 976 de
249 919 348 991 gaudio
363 921 433 973 risus
454 916 546 975 lumen
568 918 593 958 ⁴²
617 917 727 974 effulsit.
760 918 847 989 Cujus
871 919 923 976 boc
975 919 1029 978 Sed
1052 918 1186 986 Christus,
1215 935 1294 992 quem
1316 922 1372 990 jam
1394 920 1503 993 pigebat
1531 939 1624 980 rursus
1645 926 1670 966 ⁴⁴
1689 937 1766 984 extra

129 1005 308 1080 providentiae
333 1004 505 1073 beneficium,
525 1005 604 1077 quale
622 1004 647 1043 ⁴³
669 1004 740 1060 illam
762 1004 851 1061 ridere
873 1019 923 1062 co·
974 1007 1093 1065 Pleroma
1114 1006 1257 1079 proficisci,
1265 1009 1394 1066 ricarium
1409 1009 1532 1082 prefecit
1545 1010 1569 1051 ⁴⁴
1586 1012 1764 1084 Paracletum.

129 1096 220 1169 gebat,
236 1093 339 1150 idcirco
353 1109 387 1150 ne
394 1108 502 1164 semper
514 1094 598 1149 nosin
608 1092 922 1151 tenebrismoraremurt
974 1094 1097 1153 Soterem
1110 1094 1165 1167 (bic
1179 1097 1232 1152 erit
1252 1096 1342 1163 lesus,
1361 1096 1459 1169 largito
1474 1099 1500 1154 ei
1520 1109 1597 1171 patre
1620 1101 1764 1161 universo·

129 1185 185 1241 Nec
204 1183 390 1254 obstupescas,
405 1181 452 1254 qui
478 1181 568 1238 letitia
588 1184 649 1252 ejus
675 1189 730 1237 tam
749 1181 920 1253 splendidum
974 1198 1033 1238 rum
1059 1184 1174 1237 tionum
1200 1198 1332 1238 summam
1350 1190 1507 1253 manantem
1527 1187 1595 1259 (99),
1615 1188 1763 1259 subjicien-

130 1274 294 1330 elemeutnm
307 1269 451 1327 radiaverit
464 1272 575 1339 mundo,
590 1286 651 1327 oum
668 1269 794 1327 moestitia
812 1283 921 1342 quoque
973 1268 1015 1326 dis
1028 1269 1066 1326 eis
1079 1266 1198 1326 44510
1206 1269 1353 1340 omnibns3
1368 1273 1406 1326 nti
1419 1271 1448 1326 in
1461 1273 1520 1344 ipso
1534 1276 1683 1334 secundnm
1691 1278 1765 1349 Apo-

129 1363 189 1432 nius
216 1367 273 1415 tarn
300 1357 483 1414 necessarium
506 1358 710 1414 instrumentum
735 1357 879 1415 defluxerit
895 1357 922 1398 44
974 1359 1072 1415 stolum
1087 1359 1176 1413 omnia
1189 1357 1371 1414 conderentur
1383 1359 1420 1430 ⁴⁹)
1434 1361 1468 1414 ad
1484 1376 1544 1417 eam
1558 1362 1656 1419 emittit
1669 1365 1765 1423 ⁵⁰cum

131 1447 253 1507 mulo?
272 1444 297 1504 Ο
315 1445 400 1502 risum
420 1445 644 1502 illuminatorem!
662 1461 679 1502 ο
700 1445 793 1501 fletum
815 1445 920 1519 rigato·
974 1445 1063 1502 allicio
1076 1445 1116 1517 (t)
1135 1452 1217 1518 atque
1231 1444 1358 1502 comitatu
1377 1454 1575 1505 coenosorum
1588 1453 1763 1522 angelorum

131 1535 202 1596 reml
228 1536 261 1592 at
283 1541 374 1591 nmen
395 1543 501 1606 poterat
527 1534 644 1590 remedio
664 1533 720 1603 jam
748 1550 832 1608 agere
859 1549 918 1590 cum
974 1533 1067 1591 credas
1084 1542 1186 1591 etcum
1205 1533 1348 1591 duodecim
1361 1533 1476 1591 fascibus
1492 1536 1541 1607 (a).
1558 1536 1598 1593 lbi
1619 1539 1763 1598 demum⁵¹

815 1630 911 1696 Variae
930 1635 1084 1696 lectiones.

164 1712 191 1752 ⁴¹
204 1711 408 1780 eimanapenn
421 1709 508 1768 liber.
521 1710 606 1767 Semi.
633 1709 742 1767 Obcrtlt.
758 1711 951 1783 circumspecto
965 1715 1012 1769 Fr.
1035 1710 1059 1748 ⁴²
1073 1711 1114 1766 Eo
1133 1709 1166 1765 de
1218 1707 1271 1764 udii
1287 1708 1342 1764 risu
1355 1710 1445 1766 lumen
1460 1712 1524 1769 lon.
1538 1711 1639 1770 Eodem
1654 1703 1762 1787 gaudio.

133 1785 189 1839 risu
201 1784 294 1839 lamen
307 1782 394 1840 aben.
412 1782 497 1839 Semi.
517 1780 541 1820 ⁴³
555 1781 621 1850 Quae
635 1782 722 1839 Rben.
740 1785 768 1838 ct
777 1781 837 1839 atii.
849 1783 875 1822 ⁴⁴
888 1781 1008 1838 Defuerit
1021 1783 1052 1837 in
1066 1797 1133 1838 nus.
1149 1780 1181 1834 de
1195 1779 1281 1836 uderit
1297 1782 1370 1850 coni.
1387 1783 1448 1852 Rip.
1465 1781 1492 1818 ⁴⁵
1506 1782 1660 1853 Supplicem
1676 1786 1763 1853 liban,

139 1851 393 1911 santabareno
416 1852 517 1908 Rursus
538 1853 668 1909 reicitur
692 1852 790 1908 clun.
805 1852 829 1891 ⁴⁴
855 1850 1078 1910 Praelicit'llben.
1101 1851 1185 1909 Semi.
1213 1849 1362 1922 preficiens
1385 1852 1453 1907 ian.
1481 1851 1507 1890 44
1529 1851 1561 1907 Di
1583 1855 1683 1912 omlius
1699 1857 1766 1929 iepit

136 1925 266 2050 gemet.
278 1921 539 2051 fflnmgderfmm
554 1870 641 1979 libem
659 1922 742 1979 Scml.
758 1922 859 1980 melius
873 1922 1054 1980 conderentur
1075 1937 1112 1979 ec
1136 1924 1230 1981 Groeco
1244 1924 1336 1994 κοοθῇ.
1361 1920 1387 1961 ⁵⁰
1407 1921 1562 1994 Adeamque
1589 1924 1668 1980 mittit
1695 1927 1763 1984 lan.

205 2009 276 2049 rem
344 2010 375 2049 n.
413 2011 478 2051 em.

133 2151 186 2210 ret,
201 2150 358 2213 anteopore
372 2139 532 2214 opprimit.»
548 2141 680 2198 Caeterum
696 2141 767 2197 unde
783 2142 919 2201 &imane
936 2080 1143 2238 {antoniusque
1163 2140 1273 2198 habenis
1287 2148 1407 2222 ragnum,
1423 2154 1455 2197 ac
1478 2144 1644 2224 petulantius
1665 2144 1766 2202 Valen-

131 2214 204 2271 dicta
224 2213 261 2269 sit
282 2214 376 2268 molles
397 2221 423 2267 et
446 2211 599 2282 impudicos
622 2213 744 2279 reddere,
765 2212 811 2283 qni
836 2229 868 2269 ex
888 2229 921 2268 ea
974 2212 1022 2267 tini
1047 2213 1233 2268 immolationes
1252 2219 1377 2284 exagitat.
1398 2212 1452 2269 Nec
1477 2220 1515 2270 ata
1535 2216 1653 2285 jocando
1668 2216 1763 2274 ducem

132 2284 257 2350 bibenant,
278 2285 348 2356 quod
365 2283 407 2339 bic
425 2282 536 2338 Tertull.
552 2291 638 2355 vocat,
663 2282 802 2342 mascalas
823 2283 921 2341 molier
974 2285 1074 2338 deserit
1090 2284 1232 2347 lrenaenm,
1247 2283 1292 2354 qui
1306 2298 1442 2350 asperum,
1457 2292 1487 2340 ut
1517 2285 1595 2342 decet
1613 2286 1713 2357 judicis
1728 2297 1765 2345 tot

131 2358 236 2439 (mere,
262 2355 387 2411 docetbl.
405 2353 518 2409 Vitrurii
536 2355 713 2412 Acbitecturae
733 2354 780 2408 lib.
795 2369 836 2412 ri:
856 2355 921 2424 «ls,
972 2352 1075 2410 nenias
1097 2352 1270 2419 infamantia,
1295 2353 1468 2422 supercilium
1490 2355 1623 2412 interdum
1648 2373 1763 2431 ponens,

131 2428 217 2499 inquit
231 2425 279 2496 (de
293 2424 451 2480 Salmacidis
470 2423 544 2481 fonte
566 2425 706 2498 loquitur),
729 2424 796 2479 falsa
810 2424 920 2494 opinio·
972 2424 1061 2498 lepide
1075 2425 1204 2480 ddurium
1219 2439 1320 2480 novum
1343 2441 1375 2480 ex
1390 2423 1498 2496 Sophiae
1519 2426 1644 2499 lacrymis
1667 2444 1699 2485 ao
1718 2447 1764 2486 su-

132 2514 163 2554 ne
176 2506 290 2569 putatur
301 2511 417 2552 venereo
430 2495 523 2551 morbo
540 2494 677 2566 implicare
699 2509 757 2560 ens,
773 2495 819 2566 qui
837 2511 870 2552 ex
887 2510 920 2553 eo
971 2493 1084 2551 duribus
1097 2497 1124 2551 in
1138 2496 1229 2552 orbem
1246 2495 1394 2553 immissum
1408 2497 1521 2552 deridet.
1531 2498 1619 2556 Pauca
1633 2498 1762 2570 igiturui-

133 2567 258 2625 biberint.
282 2567 334 2623 Sed
349 2568 407 2622 baec
430 2566 521 2636 opinio
542 2581 625 2637 quare
644 2582 691 2637 per
713 2567 807 2622 orbem
832 2574 919 2623 terra·
971 2565 1085 2639 gilletim
1099 2566 1280 2623 conferantur.

133 2655 189 2695 rum
214 2637 284 2694 falso
312 2653 420 2693 rumore
447 2637 482 2690 sit
500 2645 657 2709 propagata,
677 2650 731 2693 non
750 2637 851 2710 pigebit
873 2653 920 2693 ex·
1008 2638 1079 2691 iren.
1095 2639 1226 2695 adversus
1245 2637 1346 2694 lieres.
1367 2651 1428 2709 cap.
1445 2640 1472 2702 l,
1488 2637 1502 2710 5
1516 2640 1544 2693 a.
1560 2640 1703 2696 -l'edrm
1719 2643 1765 2696 ab·

134 2725 243 2782 ponere.
258 2709 320 2764 Non
342 2708 413 2763 enirn
431 2707 502 2775 quod
518 2708 614 2763 dicitur
635 2707 732 2763 molles
756 2715 783 2762 et
804 2707 921 2780 impudi·
971 2725 1056 2761 ποοιν
1070 2710 1110 2760 καὶ
1125 2709 1205 2762 ουσίαν
1221 2711 1263 2775 τῆς
1276 2709 1333 2775 ὕλης
1350 2710 1491 2780 γεγενῆσθαι
1504 2709 1623 2779 λέγουσιν,
1644 2710 1668 2771 ἐξ
1680 2705 1709 2778 ἥς
1724 2708 1765 2766 ὅδε

133 2795 177 2836 toa
191 2796 227 2836 ex
240 2794 276 2835 ea
296 2793 366 2850 aqua
388 2778 456 2841 lieri,
479 2776 506 2831 id
528 2786 614 2849 potest
634 2793 712 2848 esse,
732 2777 779 2832 sed
794 2784 836 2833 esi
859 2780 920 2848 ejus
971 2777 984 2828 ὅ
1001 2779 1093 2849 κόσμος
1112 2779 1258 2833 cantaram.
1278 2777 1319 2830 'Ea
1332 2778 1373 2849 pir
1387 2779 1432 2849 γὰρ
1447 2783 1490 2846 τῆς
1504 2780 1648 2851 interponi<
1663 2783 1707 2837 τὴν
1721 2790 1765 2835 τοῦ

135 2850 214 2906 laniis
228 2857 350 2921 potestas
371 2847 517 2918 perlucida,
540 2864 675 2918 saporque
697 2848 832 2920 egregius,
852 2849 920 2904 Cum
971 2847 1066 2919 adapes
1080 2849 1121 2901 nel
1133 2856 1176 2902 τοῦ
1187 2844 1335 2920 δημιουργοῦ
1348 2852 1429 2901 πᾶσαν
1442 2847 1519 2917 ψυχὴν
1537 2848 1582 2917 τὴν
1596 2851 1686 2921 γένεσιν
1701 2850 1765 2920 εἴλῃ.

135 2929 220 2977 autern
250 2920 333 2976 Melas
360 2927 386 2973 et
412 2918 560 2975 Areuanias
582 2921 615 2974 ab
636 2918 718 2990 Argis
741 2926 768 2973 et
790 2921 921 2974 Troezeue
972 2918 1052 3040 ἴέναι,
1069 2916 1096 2971 ἐκ
1109 2914 1138 2972 δὲ
1150 2925 1190 2972 τοῦ
1224 2920 1277 2970 ibeo
1288 2920 1329 2972 acl
1346 2924 1389 2986 ripe
1400 2920 1476 2986 λύπης
1489 2918 1521 2972 τὰ
1533 2919 1609 2974 λοιπὰ
1627 2920 1671 2988 τὴν
1685 2922 1764 2994 ἀρχὴν

136 2991 271 3048 coloniam
283 3005 452 3045 communem
466 3004 499 3044 eo
514 2989 565 3044 loci
589 2992 765 3057 deduxerunt,
787 2989 920 3045 Darbaros
985 2989 1109 3059 cgratiam.
1129 2938 1235 3042 'dabit
1259 2994 1308 3040 τῶν
1331 2984 1442 3060 δακρύων
1456 2989 1528 3050 αὐτῆς
1545 2994 1665 3063 γεγονέναι
1685 2996 1765 3047 πᾶσαν

136 3062 256 3119 &rasel
275 3060 396 3132 Lelegias
419 3059 564 3127 ejecerunt.
591 3060 623 3115 Hi
647 3067 735 3114 aulem
759 3062 792 3115 ad
817 3067 922 3114 titonies
973 3058 1168 3129 ἔνυγρουοῦσίαυ·
1185 3058 1232 3112 ἀπὸ
1256 3055 1283 3110 δὲ
1297 3063 1338 3111 τοῦ
1354 3061 1471 3130 γέλωτος,
1487 3060 1531 3129 τὴν
1550 3064 1677 3133 emaciatis.
1698 3062 1764 3118 Ἀπὸ

135 3133 218 3205 legati
242 3148 273 3187 se
294 3138 489 3202 congregantes
502 3131 696 3194 discurrebant,
711 3138 739 3185 et
757 3130 795 3184 ibi
809 3128 919 3186 latroci·
974 3124 1002 3181 δὲ
1016 3135 1057 3188 τῆς
1070 3131 1143 3188 λύπης
1152 3131 1192 3181 καὶ
1208 3128 1353 3194 ἐκπλήξεως,
1361 3129 1393 3181 rt
1407 3132 1535 3201 σωματικὰ
1543 3137 1587 3184 τοῦ
1600 3136 1688 3202 κόσμου
1703 3154 1765 3188 στοι-

137 3206 176 3260 nia
202 3203 334 3260 sedentes
356 3202 499 3256 crudeliter
522 3217 568 3257 eos
588 3203 738 3257 vastabant.
764 3201 859 3255 Postea
887 3201 922 3254 de
972 3202 1037 3266 χεῖα,
1054 3200 1114 3252 llari
1129 3198 1229 3272 μὲνγὰρ
1243 3199 1323 3253 ἔκλαιε
1337 3200 1377 3251 καὶ
1392 3198 1510 3271 ἐλυπεῖτο,
1525 3201 1763 3273 ὢςλέγουοι,διὰτὸ

136 3275 237 3331 colonis
261 3287 331 3328 unus
355 3272 389 3325 ad
412 3287 473 3327 euin
501 3272 603 3326 iontem
634 3281 745 3344 propter
775 3271 922 3327 bonitatem
972 3271 1157 3340 καταλελεῖφθαι
1175 3272 1248 3344 μόνην
1263 3269 1285 3323 ἐν
1301 3277 1338 3343 τῷ
1352 3272 1430 3324 σκότου
1442 3273 1482 3324 καὶ
1495 3278 1532 3345 τῷ
1544 3275 1666 3345 erumpam
1681 3295 1688 3308 ·
1703 3276 1763 3328 ποτὲ

136 3360 221 3418 tquae,
249 3352 369 3416 quaestus
393 3356 492 3406 causa,
517 3342 655 3398 tabernam
681 3341 807 3398 omnibus
838 3343 923 3410 copiis
974 3339 1038 3399 atat<
1047 3343 1135 3397 ἔννοιαν
1144 3342 1233 3398 ἤκουσα
1241 3341 1468 3404 τοΰκοτολοπόυτος
1478 3341 1553 3410 αὐτὴν
1563 3346 1650 3415 φωτὸς,
1661 3347 1764 3411 διεχεῖτο

136 3415 271 3483 instruxit,
291 3429 406 3484 eantque
421 3414 570 3469 exercendo
584 3428 631 3469 eos
656 3414 788 3469 Barbaros
809 3412 921 3467 allecta·
974 3410 1014 3465 καὶ
1029 3409 1108 3482 ἐγέλα,
1121 3433 1144 3466 a.
1160 3431 1184 3466 τ.
1196 3414 1221 3466 λ.

136 3487 186 3546 bat.
207 3488 247 3542 lta
271 3485 422 3557 singilatim
436 3483 626 3549 discurrentes,
647 3493 673 3538 et
695 3485 729 3539 ad
749 3493 836 3539 coetus
852 3496 921 3539 oon-
1009 3484 1206 3554 interpretatio
1220 3487 1313 3538 vetos.
1328 3512 1364 3522 -
1378 3482 1391 3554 ἓ
1407 3487 1432 3537 a.
1449 3484 1517 3539 Eam
1530 3483 1722 3541 collectionem
1736 3490 1765 3540 ei

136 3558 281 3626 venientes,
298 3556 394 3611 eduro
415 3554 523 3625 feroque
537 3570 612 3634 more
626 3554 780 3610 commutati
791 3553 819 3608 in
843 3554 921 3609 Grae·
937 3535 1256 3678 crobstnntiumssoissc
1266 3553 1553 3618 ronterioedicnntee
1563 3571 1619 3635 qua
1629 3555 1766 3611 bieman-

135 3644 228 3687 earnm
253 3625 472 3682 cousuetudinem
496 3633 523 3678 et
541 3632 696 3688 suaumtem
720 3640 767 3679 sua
785 3625 920 3693 voluptate
974 3622 1153 3683 durconstat.
1191 3623 1391 3679 econversiooe
1401 3624 1470 3678 enirn
1482 3625 1573 3680 mnndi
1584 3632 1611 3679 et
1625 3625 1762 3695 Demiurgi

137 3697 339 3756 reducebantur.
363 3696 433 3766 Ergo
454 3711 486 3750 ea
508 3710 577 3766 aqua
600 3710 653 3752 nnn
675 3695 809 3766 impudico
834 3695 920 3750 morbi
974 3693 1649 3766 omnemanimamgerresinaccepissc:detimore
1666 3700 1765 3752 actem

136 3771 209 3836 nitio,
238 3769 288 3823 sed
315 3765 487 3821 humanitatis
514 3766 654 3821 dulcedine
690 3765 800 3820 mollitis
827 3764 921 3820 animis
975 3769 1002 3821 et
1017 3766 1149 3829 tristitia,
1165 3766 1275 3836 reliqna
1299 3766 1416 3820 initium
1440 3764 1576 3822 lundense.
1597 3767 1764 3837 Alncrpmis

136 3841 322 3903 barbarorum,
336 3852 395 3891 eam
420 3837 517 3891 famam
542 3843 582 3891 est
595 3837 701 3907 adepta.
717 3854 731 3888 a
753 3835 817 3893 llaec
831 3836 922 3891 varn·
975 3836 1117 3905 enimejns
1127 3836 1764 3905 sactomonioerscmtumidamsulstcntiam:

136 3912 203 3967 rins.
219 3911 274 3968 libi
290 3908 395 3962 interim
410 3906 435 3961 id
450 3907 521 3977 quod
536 3907 660 3977 adjicitur
673 3923 706 3961 ex
720 3905 816 3963 Ouidio
832 3917 859 3961 et
874 3907 921 3963 Se·
975 3909 1067 3962 crisu
1082 3911 1180 3963 notem
1192 3906 1324 3970 lucidam,
1339 3923 1356 3961 ο
1372 3906 1599 3962 frutificantem
1615 3913 1643 3964 ei
1651 3924 1763 3979 pavore,

136 3997 211 4047 neca,
234 3984 271 4034 de
292 3977 369 4050 aquis
384 3977 550 4047 Snlpbnreis,
567 3993 628 4049 quae
652 3977 742 4033 furore
757 3986 804 4032 ant
823 3991 921 4046 sopore
975 3979 1133 4050 corporalia
1147 3977 1249 4033 ennodi
1263 3977 1413 4034 elementa.
1425 3977 1576 4048 Aliquando
1591 3977 1661 4033 enim
1677 3981 1764 4047 ptora-

136 4054 301 4124 npprimunt,
318 4063 372 4103 non
386 4049 420 4103 ad
435 4049 579 4105 Salmacin
590 4050 713 4119 pertinet,
735 4048 824 4106 sedad
839 4062 922 4119 qnas-
976 4047 1020 4102 bat
1032 4054 1057 4102 et
1073 4048 1155 4102 tristis
1178 4059 1245 4111 erat,
1262 4046 1396 4117 quomodo
1418 4047 1519 4111 dicunt,
1535 4048 1607 4119 quod
1626 4048 1764 4105 derelicta

136 4125 195 4181 darn
209 4120 352 4189 llftbiopiae
371 4120 455 4175 lacus.
464 4119 533 4175 Part.
975 4118 1035 4171 sole
1046 4122 1116 4173 esset
1129 4120 1160 4172 in
1177 4119 1296 4174 tenebris
1307 4122 1336 4173 et
1349 4133 1435 4174 oucrto
1446 4117 1719 4189 :aliqnandocntem
1733 4120 1765 4174 in

172 4197 232 4262 (99)
248 4192 373 4249 Caelestes
391 4189 493 4245 imbres
511 4190 632 4313 pigicvit
647 4187 810 4267 Acbamo'tb,
827 4190 857 4242 et
873 4201 922 4267 nos
976 4187 1174 4266 capitationem
1187 4189 1299 4245 ueniens
1314 4188 1384 4256 ejus,
1400 4189 1470 4257 qnod
1493 4189 1683 4271 derationaret
1701 4205 1764 4244 eom

139 4265 169 4319 in
188 4261 539 4328 excommunicamus
581 4261 638 4330 ipsa
659 4258 788 4326 spiritalis
811 4258 924 4327 ploravit
977 4257 1083 4320 tuanen,
1100 4256 1316 4325 cirssnndeiotor
1332 4259 1359 4309 et
1375 4257 1492 4323 ridebat,
1510 4268 1561 4311 etc.
1577 4259 1650 4310 bun.

136 4333 234 4390 imbres
249 4333 393 4396 caelestes,
418 4341 445 4387 et
465 4345 514 4386 nos
536 4329 562 4383 in
584 4329 718 4392 eburnis,
742 4329 793 4383 boc
814 4333 875 4390 est,
895 4325 922 4380 in
1012 4325 1065 4396 (99)
1080 4327 1256 4383 Potestatem.
1272 4324 1397 4389 Grabins,
1414 4326 1448 4380 D.
1473 4328 1597 4391 llassuet,
1614 4326 1763 4384 Selmerns-

136 4415 330 4467 metrosus,
344 4417 405 4470 quae
427 4417 492 4456 sane
514 4400 593 4455 limus
616 4409 643 4454 et
664 4408 736 4455 terra
758 4404 810 4463 est,
838 4397 923 4452 luctus
977 4411 1029 4466 qne
1044 4403 1203 4451 notarnnta
1225 4393 1388 4449 Tertulliano
1411 4395 1501 4451 minna
1519 4404 1590 4450 recte
1604 4398 1685 4451 verba
1708 4398 1764 4453 lre-

136 4493 186 4533 non
210 4478 298 4532 solum
319 4481 425 4529 nastros
453 4471 581 4528 cohibere
610 4485 745 4535 curamus,
774 4483 870 4523 vorum
896 4474 924 4523 et
976 4469 1027 4523 naei
1043 4481 1075 4522 eo
1091 4466 1140 4523 loci
1165 4465 1247 4522 fnisse
1268 4469 1388 4533 accepta,
1413 4464 1517 4528 quasia
1540 4465 1603 4520 lesu
1626 4467 1762 4525 Paracleto

135 4549 250 4604 alienos.
270 4546 356 4600 Tanta
379 4555 419 4598 est
433 4543 535 4599 cunctis
550 4541 671 4613 qnotidie
684 4555 764 4596 causa
781 4537 920 4609 plorandi3
977 4554 1102 4607 suprema
1117 4544 1233 4604 potestas
1246 4534 1374 4598 omnium,
1391 4535 1478 4591 etiam
1497 4536 1626 4600 AEcnnm,
1648 4552 1701 4592 nan
1715 4554 1763 4594 au-

136 4635 184 4674 nee
196 4629 290 4676 umen
304 4614 452 4686 ploramus,
463 4613 510 4670 scd
520 4611 587 4668 altos
601 4613 730 4684 aploratu
739 4610 922 4666 dehortamur.
978 4618 1032 4666 tem
1041 4609 1075 4665 ab
1088 4609 1220 4665 AEanibns
1228 4607 1290 4661 data
1304 4605 1392 4662 fuerit.
1408 4606 1449 4658 ln.

136 4689 195 4746 tire.
1011 4680 1051 4751 (l)
1068 4682 1136 4737 Cum
1149 4680 1249 4750 officio.
1269 4675 1461 4731 iureconsultis
1474 4673 1591 4732 officium
1607 4681 1692 4732 coetus
1706 4675 1764 4746 ipse

166 4789 203 4802 -
218 4756 351 4830 Pipicvit.
368 4754 465 4810 Scribit
480 4754 585 4817 Festus,
601 4751 688 4824 inquit
698 4750 922 4822 libeuan.,pipia·
978 4759 1019 4806 est
1041 4765 1134 4806 eornm
1171 4752 1197 4804 ui
1224 4747 1389 4820 magistratui
1411 4745 1582 4801 inserviunt:
1599 4745 1669 4798 unde
1692 4747 1763 4816 apud

135 4833 241 4888 tionem
259 4844 318 4884 esse
342 4829 483 4883 clamorem
503 4823 641 4906 plorantis,
656 4823 749 4897 lingna
770 4821 919 4879 Oscorum:
977 4820 1094 4884 eosdem,
1119 4767 1246 4890 esiciam
1269 4820 1413 4890 deponere,
1431 4827 1456 4872 et
1480 4815 1573 4896 officio
1589 4815 1721 4882 tradere‚·
1735 4816 1762 4870 in

135 4900 252 4971 Pipiarit
266 4913 331 4972 ergo
354 4898 479 4953 coelestes
502 4896 604 4950 imbres
618 4894 784 4959 Aclraniotb,
808 4894 835 4947 id
858 4904 920 4946 est:
976 4908 1055 4964 quom
1071 4908 1177 4946 sensum
1191 4901 1217 4946 et
1231 4890 1274 4945 bic
1289 4897 1400 4959 usurpat
1414 4887 1599 4943 Tertullianus.
1616 4887 1709 4942 Dans.

136 4972 264 5041 pipiando
277 4983 305 5026 et
319 4969 448 5037 plorando
463 4967 560 5022 emisit.
586 4965 726 5020 Factitinm
749 4965 859 5023 terbum
880 4972 921 5017 est
1012 4963 1050 5033 (t)
1067 4963 1165 5020 Credas
1185 4967 1213 5019 et
1228 4977 1292 5019 oum
1315 4959 1459 5015 duodecim
1472 4956 1603 5027 formius.
1619 4957 1648 5011 ln
1667 4973 1762 5013 exem-

134 5057 230 5097 nsonn
248 5041 418 5110 plorantium,
438 5039 478 5109 pi,
493 5039 532 5108 pi.
550 5034 677 5090 Similiter
687 5032 757 5090 dixit
766 5037 865 5092 luctor
876 5033 921 5087 tib.
996 5033 1095 5088 laribus
1114 5048 1194 5088 mann
1219 5031 1357 5100 descriptis
1377 5028 1625 5109 mendosetlegitur
1642 5031 1762 5099 facibus.

134 5113 166 5171 de
180 5115 285 5181 lloncp.
300 5112 427 5179 infantes
439 5109 593 5190 pipiantes.
607 5106 674 5162 lbra.
976 5050 1032 5160 isos
1045 5104 1214 5175 reposuimus
1219 5102 1351 5173 fascibus.
1363 5100 1520 5169 Huiusmodi
1539 5114 1653 5171 narnqne
1668 5115 1764 5170 pompa

168 5183 228 5254 (97)
248 5183 280 5238 ln
309 5184 388 5237 tanto
418 5181 616 5249 circumspecto
644 5173 848 5234 destitutiones.
879 5172 923 5228 An
976 5176 1101 5232 eonsules
1124 5176 1234 5230 Roranam
1258 5173 1425 5228 incedebant.
1454 5169 1603 5227 Duodecim
1622 5169 1710 5227 fasces
1736 5179 1765 5226 et

135 5255 235 5319 verius,
253 5272 267 5305 a
282 5253 312 5306 ln
323 5250 582 5320 tantocircnmscpta
600 5244 803 5303 destitutionis?
818 5244 924 5300 »Ludit
976 5246 1086 5302 totidem
1101 5261 1210 5302 secures
1224 5260 1285 5301 cum
1310 5241 1447 5299 lictoribus
1469 5241 1499 5296 1..
1514 5241 1578 5300 lun.
1595 5241 1677 5298 Bruto
1691 5249 1718 5296 et
1731 5242 1763 5298 1..

134 5325 163 5380 in
176 5324 325 5392 antithetis,
340 5332 366 5378 et
376 5321 419 5377 bic
436 5321 554 5386 piroxime
564 5318 647 5375 dixit:
661 5318 714 5371 »ln
727 5322 799 5372 urata
813 5314 923 5372 dream·
976 5316 1121 5387 Tarquinio
1135 5316 1269 5372 Collatino
1283 5312 1376 5387 primis
1390 5328 1462 5373 coss.
1478 5320 1538 5382 post
1561 5320 1671 5368 exactos
1687 5326 1764 5381 regas

133 5395 231 5453 sunda
245 5392 406 5452 solitudinis.
420 5392 483 5450 lira.
976 5397 1040 5444 sunt
1055 5388 1135 5442 additi
1149 5388 1203 5443 :ita
1218 5396 1305 5442 tamen
1318 5392 1347 5440 ut
1361 5397 1445 5455 penes
1455 5398 1538 5438 unum
1549 5391 1650 5437 trintum
1660 5383 1762 5447 meent,

169 5467 228 5538 (99)
246 5466 403 5538 applicare.
425 5464 484 5532 Quo
507 5460 619 5518 ulterius
645 5456 672 5512 in
691 5458 804 5531 γνώσεως
821 5455 923 5510 deteri·
976 5461 1021 5530 qui
1036 5466 1177 5530 propterea
1193 5459 1278 5530 nrajur
1293 5457 1386 5515 consul
1401 5455 1555 5512 vocabatur.
1570 5451 1610 5507 lo.

134 5537 229 5613 ptiune
251 5534 421 5608 progreditur
449 5532 637 5597 Tertullianus,
651 5544 687 5587 eo
711 5528 831 5593 liberius,
847 5525 919 5583 cffu-
