3840 6134
138 306 194 370 0131
670 304 764 373 LIBER
785 303 828 364 RE
846 301 1115 373 RESURRECTIONE
1133 303 1264 367 attila·
1732 310 1787 373 tto

137 439 282 508 patmum.
298 432 338 487 lta
360 442 412 487 rico
435 434 606 504 correpteta,
631 431 729 504 inquit,
753 431 779 470 ⁶⁹
801 433 937 489 incorra-
951 443 975 526 Α
991 429 1123 500 raptatam
1138 438 1164 486 at
1187 429 1387 497 mortalitatem,
1414 442 1478 497 earo
1498 432 1599 493 seilicet
1621 441 1648 493 ct
1663 436 1786 510 singnis,

136 520 249 598 pistorii
264 521 430 578 haereditati
444 520 579 590 hahetit,·
594 534 646 578 non
661 528 692 576 nt
705 534 816 576 carnem
830 527 858 575 at
871 536 937 576 aaa*
991 534 1024 575 aa
1037 534 1148 576 necesse
1162 526 1205 576 ast
1221 521 1357 592 patiantur
1369 526 1396 576 et
1415 522 1620 595 incorruptelam
1634 531 1663 584 et
1676 525 1788 583 immor·

137 613 249 686 minem
272 610 412 666 existimes
430 609 636 681 corruptelam,
661 609 772 681 quando
795 611 854 682 ipsa
884 607 938 664 sint
991 607 1123 665 talitatem
1136 609 1171 663 ¹⁹.

137 703 232 774 potius
258 698 372 758 obnoxia
409 700 570 769 corruptelae
596 712 646 769 per
681 705 796 756 mortem
834 696 937 755 scilicet
1291 696 1403 754 CAPUT
1430 698 1485 755 Lii.

136 789 284 863 (siquidem
311 798 387 843 mora
417 797 468 854 eei,
498 800 559 859 quae
585 799 693 842 earnem
720 793 748 842 at
774 786 936 859 sanquinem
1024 784 1276 856 videamasttjam
1290 795 1363 844 nnnc
1377 802 1431 862 quo
1450 802 1565 861 corpore
1583 794 1715 849 venturos
1729 792 1787 866 (28)

137 892 194 935 non
208 878 291 933 modo
309 876 468 947 corrumpit,
484 891 576 931 rerum
601 875 859 944 etiamoonsumitt3
875 875 935 941 sed,
988 882 1111 930 mortuos
1142 874 1279 946 disputet.
1304 877 1339 932 Et
1366 877 1453 947 hene,
1482 876 1554 950 quod
1583 879 1673 952 erupit
1699 882 1788 938 statim

136 966 366 1039 qnoniamopera
389 964 478 1019 carnis
492 974 519 1019 et
534 964 676 1038 sanguinis
698 979 752 1021 non
767 978 849 1036 possa
863 978 933 1019 eon·
988 965 1151 1033 ostendero,
1175 964 1251 1037 quasi
1277 965 1339 1038 quis
1367 966 1502 1036 eiusmodi
1531 976 1653 1040 quaerat.
1682 971 1787 1038 Stulte,

136 1056 213 1130 sequi
231 1070 346 1129 regnum
360 1053 410 1108 Ilei
424 1054 556 1122 edixerat,
572 1068 626 1124 quo
648 1052 737 1125 anapia
749 1054 801 1108 hoc
814 1067 935 1128 exagqe-
990 1052 1088 1123 inquit,
1105 1057 1138 1109 tet
1153 1054 1226 1127 qood
1239 1055 1372 1123 seminar,
1387 1067 1446 1110 ocri
1465 1053 1490 1093 ¹⁸
1507 1056 1670 1127 vivificetur
1683 1058 1719 1125 ⁸²,
1732 1061 1790 1118 ratri

135 1151 220 1209 roret,
249 1142 302 1214 ipsi
327 1155 439 1213 quoqne
465 1140 636 1212 corruptelae,
666 1141 693 1196 id
717 1151 759 1198 est
785 1142 875 1209 morti,
892 1141 936 1198 ciii
987 1146 1137 1201 mortitam
1151 1144 1252 1215 (εεείέ.
1269 1143 1325 1200 iioc
1338 1156 1404 1214 erpo
1417 1144 1475 1214 tam
1490 1145 1523 1200 da
1536 1145 1789 1222 eiempioaeminis

134 1231 268 1292 carniset
291 1228 434 1304 sanguinis
458 1242 543 1302 opera
566 1227 723 1300 proiioiunt,
749 1229 936 1287 hamditatem
989 1239 1103 1299 conant,
1118 1242 1176 1288 non
1199 1232 1281 1289 aliam
1303 1231 1434 1290 matteum
1453 1237 1573 1308 carnem,
1598 1236 1679 1308 quani
1701 1234 1787 1308 ipsani

135 1319 328 1391 incorruptela
357 1317 469 1374 ademit.
496 1319 567 1374 itam
590 1324 617 1375 et
640 1319 723 1391 paulo
749 1325 821 1391 post,
851 1319 936 1390 ipsius
989 1334 1050 1393 qua
1078 1320 1130 1376 erit
1164 1328 1290 1391 mortua,
1317 1328 1344 1377 et
1369 1324 1408 1377 tta
1436 1324 1576 1394 sequentia
1609 1324 1787 1383 relucebunt:

135 1408 238 1466 mortis
253 1408 371 1482 quodam
386 1406 469 1463 modo
483 1413 595 1464 moriani
618 1408 750 1478 expressit
769 1423 778 1463 a
800 1410 937 1466 Decorato
989 1409 1056 1464 nihil
1079 1409 1152 1465 enim
1174 1411 1303 1468 adsersus
1325 1409 1451 1484 reguiam
1467 1409 1548 1470 871
1566 1414 1683 1487 exempli
1697 1411 1789 1471 iicebit

134 1503 176 1558 ert
188 1513 276 1564 mera,
287 1497 418 1567 eiecisti
431 1498 492 1554 Cer.
503 1498 604 1568 inhia
615 1498 874 1555 mercationemw.
888 1499 936 1556 cti
989 1497 1110 1570 intelligi.
1135 1498 1200 1568 Neo,
1224 1499 1287 1570 quia
1304 1498 1331 1538 ⁸⁸
1352 1500 1485 1573 sequitur,
1509 1502 1544 1557 Et
1562 1501 1635 1575 qreod
1649 1500 1787 1576 ἐεειίεεε,

139 1593 194 1659 eat,
208 1604 296 1653 mors,
312 1587 430 1643 necteris
442 1586 532 1659 tque?
540 1586 588 1642 adi
597 1591 648 1654 eat,
661 1602 746 1658 roera,
759 1588 900 1644 eontentio
910 1587 934 1625 ‘¹¹
988 1601 1048 1644 mori
1061 1602 1163 1658 corpas
1172 1587 1447 1659 qnodsctcrnmeat,
1459 1590 1594 1658 semines,
1605 1589 1706 1647 idcirco
1714 1590 1788 1648 aliod

135 1675 448 1734 cantreciacensem
462 1675 564 1731 mortis
578 1672 795 1748 delinqueritio,·
811 1676 869 1731 haeo
883 1675 934 1731 erit
989 1683 1204 1731 resurrecturum
1226 1691 1334 1746 corpus,
1350 1684 1431 1748 qnam
1451 1677 1523 1749 quod
1546 1676 1687 1736 moriendo
1703 1676 1788 1736 senii-

136 1763 289 1836 oorraptata
304 1778 312 1818 i
325 1765 423 1822 virini
446 1767 543 1819 notem
564 1764 785 1838 delitescentia,
803 1765 850 1821 tea
866 1762 933 1821 :iiia
950 1728 972 1809 Ι
989 1773 1078 1829 natur,
1103 1758 1262 1830 existimem
1286 1770 1424 1828 caeterum,
1447 1764 1568 1821 excidisti
1592 1766 1626 1823 ab
1648 1766 1785 1841 exemplo.

138 1850 370 1919 aliasinaonnlo,
385 1852 795 1923 quamconstituitiumembria
808 1853 864 1908 auis
877 1853 935 1925 (tt)
988 1853 1132 1925 Nunquam
1160 1854 1247 1919 enim,
1273 1851 1410 1909 frumento
1438 1852 1578 1921 seminato,
1609 1861 1636 1912 et
1662 1855 1690 1911 in
1714 1863 1788 1914 terra

139 1941 301 1997 militantem
323 1941 450 1996 adversus
468 1940 554 2012 legem
577 1942 658 1996 animi
682 1940 735 2011 sul,
754 1942 841 2012 ipsam
855 1942 933 1997 acilia
988 1940 1129 2007 dissoluto,
1154 1934 1286 1998 hordeum
1309 1942 1435 2015 erumpit,
1452 1949 1479 1999 et
1496 1958 1550 1999 non
1565 1941 1684 2013 idipsum
1698 1959 1787 2019 genas

135 2028 256 2086 cetrina
278 2024 450 2100 delinquendi
474 2036 567 2085 contra
590 2030 766 2086 voluntatem.
787 2031 856 2085 Nam
870 2038 897 2086 et
910 2029 935 2071 ⁸²
987 2029 1066 2101 grani
1089 2031 1239 2102 eademque
1261 2037 1367 2097 natura,
1393 2036 1419 2088 et
1441 2029 1556 2102 qualitas
1578 2031 1615 2100 ⁸⁴,
1641 2042 1668 2088 et
1686 2029 1785 2090 iornia.
1901 2096 1911 2114 x

133 2132 218 2188 supra
235 2119 420 2176 hadamarum
438 2115 529 2174 ⁸⁷0
542 2119 705 2185 tetradeum,
725 2122 857 2184 mertem,
870 2132 934 2176 edd*-
987 2119 1128 2192 Denique,
1156 2121 1245 2189 unde,
1274 2121 1297 2176 ai
1323 2135 1377 2176 non
1395 2119 1512 2191 idipsum
1532 2119 1547 2175 ‘t
1571 2117 1607 2177 Et
1631 2120 1786 2193 conuptha

132 2207 217 2265 creari
226 2206 492 2275 ait.iiocmodo,nec
502 2207 655 2279 corruptela
665 2202 851 2264 haereditatem
860 2209 934 2264 ⁸³io·
988 2207 1060 2265 enim
1075 2207 1165 2280 ipsum
1180 2214 1230 2275 est,
1244 2208 1310 2264 dum
1323 2207 1410 2280 ipsias
1424 2214 1475 2265 est.
1489 2208 1551 2265 Non
1566 2207 1638 2265 enim
1652 2215 1680 2267 et
1689 2224 1787 2287 sugge-

133 2293 297 2365 corrnptaite
311 2301 490 2367 consequetur
503 2296 538 2359 it,
557 2294 586 2349 id
601 2303 652 2365 est,
669 2311 721 2352 nac
739 2309 814 2351 mors
836 2311 932 2368 perse·
988 2297 1032 2365 rit,
1048 2297 1185 2368 quomodo
1200 2311 1255 2353 non
1270 2298 1344 2370 quod
1358 2297 1477 2355 iutomm
1500 2303 1541 2353 est
1555 2312 1654 2371 eorpus
1670 2298 1786 2358 semine·

135 2384 240 2442 rerabit
253 2384 289 2443 ²⁸.
303 2384 429 2455 Quando,
443 2393 470 2440 ct
484 2385 622 2457 quomodo
644 2385 802 2442 delectaret
818 2388 889 2444 cura
900 2387 933 2443 tra
986 2392 1030 2441 tur
1043 2385 1080 2453 ⁸⁵,
1094 2386 1204 2443 dicens:
1223 2387 1276 2444 Sed
1289 2386 1401 2444 eridani
1418 2404 1552 2460 proriam,
1573 2389 1600 2445 at
1621 2392 1697 2462 torte
1714 2391 1785 2461 tra·

133 2477 239 2543 cimmo,
254 2477 286 2531 to
301 2477 499 2531 momentaneo
520 2474 597 2530 coele·
621 2479 712 2542 moto,
732 2476 765 2530 tri
779 2475 934 2534 rememoro
985 2476 1088 2543 meriti,
1103 2480 1153 2532 oet
1167 2475 1290 2548 otieejcs
1305 2475 1458 2548 cjimmodi3
1475 2476 1546 2533 liena
1560 2481 1658 2534 notem
1675 2476 1726 2534 dot
1739 2478 1787 2536 titt

135 2563 202 2619 tube
221 2568 250 2620 ct
266 2564 376 2621 mortui
391 2567 540 2634 retorperet
557 2563 729 2636 incompti.
753 2560 807 2634 Qui
826 2564 863 2632 hi,
880 2565 932 2621 nisi
986 2580 1095 2636 corpas,
1118 2567 1206 2636 prout
1227 2562 1315 2620 ecit?
1329 2563 1406 2620 Certe
1429 2561 1455 2618 ci
1478 2578 1572 2637 grano,
1588 2566 1660 2637 quod
1679 2558 1785 2623 nudum

132 2650 266 2723 quiante
297 2650 431 2722 corrupti,
458 2649 485 2705 id
513 2656 563 2716 est,
589 2665 714 2722 corpora,
735 2651 762 2705 id
791 2659 842 2719 eet,
868 2664 932 2709 coro
949 2681 971 2760 e
986 2651 1112 2709 seminari
1135 2652 1182 2707 ait.
1210 2650 1297 2721 Gerte,
1321 2649 1421 2723 inquis.
1445 2653 1520 2725 Ergo
1538 2654 1641 2709 salvum
1665 2661 1715 2720 est,
1739 2652 1784 2711 cui

132 2747 160 2795 et
172 2738 361 2813 sanguisiflt
375 2750 429 2797 rtoa
443 2739 657 2797 demutabimur
675 2741 709 2795 ¹¹.
730 2740 836 2813 Deque
852 2741 930 2797 hahi-
988 2741 1053 2795 itare
1086 2739 1169 2794 habet
1196 2741 1272 2795 Deus
1299 2754 1417 2812 corpus.
1444 2737 1587 2808 Quomodo
1614 2748 1703 2797 antem
1728 2741 1784 2797 sal-

134 2825 239 2892 tudinc,
254 2827 308 2884 nisi
333 2829 428 2899 inqua
452 2827 707 2899 deprehendemur?
728 2831 841 2904 Oportet
855 2832 933 2888 eoiria
985 2844 1049 2885 vum
1064 2834 1112 2900 esi,
1137 2827 1159 2882 si
1183 2841 1314 2899 nusquam
1337 2834 1387 2893 est,
1412 2824 1511 2882 sinon
1535 2826 1662 2902 resurgit,
1688 2826 1712 2883 ei
1730 2844 1784 2885 non

136 2917 329 2990 corruptionem
343 2917 419 2974 iahad
428 2918 548 2975 induere
556 2919 808 2991 incorruptionem,
820 2922 849 2974 et
857 2936 933 2975 mor·
984 2917 1103 2988 idipsum
1133 2916 1279 2989 resurgit?
1302 2914 1410 2972 Saltim
1439 2930 1494 2971 nori
1521 2922 1572 2972 est.
1602 2917 1631 2972 si
1660 2931 1714 2974 non
1743 2924 1785 2973 est

137 3005 289 3064 teletaicd
310 3005 431 3062 induere
444 3008 706 3063 immortalitatem.
722 3006 792 3075 Quid
808 3008 930 3076 mortale,
984 3013 1011 3061 et
1041 3005 1163 3073 salvum,
1190 3005 1313 3077 accipere
1340 3020 1438 3076 corpus
1465 3020 1483 3061 a
1509 3006 1568 3063 lieo
1600 3019 1655 3061 non
1683 3011 1783 3078 potest.

133 3094 357 3166 ntaicarotquid
371 3094 769 3166 corruptiinmmisisangnist
783 3095 932 3168 Aenepn·
985 3093 1038 3149 Sed
1060 3093 1132 3149 enim
1159 3094 1273 3158 salium,
1303 3092 1376 3148 omni
1404 3094 1487 3151 modo
1519 3099 1633 3153 constat.
1657 3094 1700 3150 Ad
1716 3092 1783 3167 quid

131 3191 175 3238 tes
199 3181 224 3220 Π
247 3181 319 3237 aliud
339 3182 439 3238 sentire
470 3183 632 3252 Apostolum
659 3182 844 3253 providentem
873 3183 930 3249 liiii,
985 3197 1051 3253 erqo
1075 3181 1149 3238 dabit
1170 3181 1209 3237 iiii
1236 3182 1319 3250 Deus,
1344 3189 1426 3252 prout
1448 3183 1516 3250 vuit,
1538 3194 1647 3254 corpus,
1671 3180 1782 3239 habenti

131 3276 171 3341 et,
185 3266 265 3327 uide
289 3282 370 3327 carne
385 3271 488 3327 dictum
512 3270 660 3346 inteiligas,
676 3270 851 3336 laborantem,
871 3286 931 3329 eom
983 3271 1076 3343 utique
1112 3271 1250 3342 proprium
1283 3284 1382 3341 corpus
1414 3269 1482 3327 iilud
1513 3271 1635 3339 nudum,
1670 3271 1723 3327 nisi
1753 3280 1782 3328 ut

131 3360 212 3427 dicit,
226 3361 304 3419 istud
320 3363 528 3434 commearem,
545 3367 582 3426 ot,
600 3361 676 3418 tstod
694 3362 825 3429 mortale,
841 3367 930 3418 cirtem
981 3358 1038 3429 jam
1063 3372 1117 3415 non
1140 3359 1242 3415 nudum
1264 3360 1415 3432 resurgat?
1438 3357 1510 3431 Ergo
1532 3357 1652 3416 additum
1670 3356 1696 3398 ⁸⁸
1719 3360 1780 3427 erit,

129 3449 219 3522 ipsam
236 3457 341 3516 tenens,
363 3448 426 3505 dicit
449 3450 517 3523 (Ἠ).
540 3448 620 3505 Certe
634 3450 713 3506 titud
733 3450 785 3506 nisi
808 3451 842 3507 de
866 3452 931 3507 snb·
982 3447 1056 3522 quod
1080 3447 1188 3519 corpori
1214 3445 1428 3517 seperstruitur;
1454 3462 1505 3503 nec
1527 3444 1733 3503 exterminatum
1756 3446 1783 3486 ⁸⁸

127 3539 214 3608 jecto,
240 3536 291 3592 nisi
319 3540 352 3593 de
376 3538 542 3610 comparenti
576 3540 766 3609 pronuntiasse
795 3551 849 3595 non
877 3554 930 3610 po-
982 3530 1070 3602 iilnd,
1104 3534 1148 3590 cui
1181 3532 1393 3605 superstruitur,⁸
1422 3531 1471 3589 aed
1500 3541 1638 3608 augetur.
1671 3534 1781 3592 Salvum

130 3625 192 3684 tuit.
211 3627 453 3682 Demonstrationis
477 3626 628 3700 corporolia
646 3635 687 3683 est
710 3626 833 3686 verbum.
848 3627 931 3684 Aliud
983 3632 1024 3683 est
1054 3632 1142 3682 autem
1178 3623 1250 3696 quod
1287 3629 1424 3696 angetur.
1454 3619 1558 3678 Seritur
1594 3620 1665 3680 eiiim
1692 3622 1780 3681 solum

130 3722 221 3770 antem
244 3713 269 3753 ⁸⁸
287 3714 488 3786 corruptivum,
513 3715 584 3770 aliud
607 3715 783 3790 corrupteie3
808 3722 835 3771 ot
856 3715 930 3774 alind
983 3715 1063 3773 modo
1091 3724 1206 3789 granam
1234 3711 1294 3768 aine
1327 3708 1441 3769 folliculi
1470 3719 1564 3782 reste,
1594 3710 1654 3768 sina
1680 3711 1780 3776 fanda-

131 3801 256 3868 mortaie,
272 3807 299 3857 et
317 3803 389 3859 aliud
405 3803 563 3860 mortalitas.
579 3803 663 3860 Aliud
683 3804 755 3859 enim
769 3805 844 3876 quod
857 3805 929 3877 pati·
984 3812 1076 3862 mento
1105 3804 1197 3875 apicae,
1225 3800 1284 3858 sine
1305 3801 1472 3858 munimento
1499 3801 1613 3869 aristae,
1641 3801 1698 3857 sine
1726 3814 1777 3857 au-

133 3891 190 3956 tur,
206 3889 277 3947 alind
289 3891 361 3964 qnod
383 3891 440 3963 pati
456 3890 548 3948 eitioit.
565 3893 614 3959 lta,
633 3907 696 3965 quae
708 3892 847 3964 patiuntur
865 3908 929 3951 oor·
982 3894 1074 3966 perbia
1098 3890 1206 3960 animia
1234 3888 1354 3964 exsurgit
1379 3892 1471 3947 antem
1499 3889 1578 3964 copia
1608 3886 1778 3961 faeneratum,

819 3991 914 4056 Variae
935 3997 1089 4057 lectiones.

167 4069 194 4109 ⁸⁸
221 4070 251 4125 iii
279 4071 366 4127 inser.
398 4072 486 4128 Rhea.
517 4071 600 4128 Semi.
630 4069 657 4111 ⁸⁸
684 4069 862 4127 contentione
888 4071 977 4129 littere.
1002 4071 1087 4130 Semi.
1114 4069 1138 4110 ⁸¹
1165 4068 1288 4127 Potentia
1316 4068 1406 4127 Rhea.
1436 4066 1523 4127 Semi.
1551 4064 1578 4107 ⁸⁸
1603 4064 1661 4124 itai
1689 4066 1776 4124 Serrai.

128 4140 156 4179 '¹⁸
185 4141 375 4197 Raereditatem
403 4145 478 4199 obeat
506 4160 524 4199 o
553 4142 638 4199 Senot.
667 4141 693 4179 ⁸¹⁴
721 4142 901 4213 Consequitur
929 4143 1015 4203 Semi.
1044 4143 1069 4181 ⁸⁵
1097 4141 1280 4197 Perseveravit
1308 4143 1397 4197 Rhea.
1427 4141 1515 4196 Semi.
1545 4138 1570 4177 ⁷⁸
1597 4140 1777 4194 Demutamur

128 4213 220 4270 Rhen-
242 4214 328 4269 Semi.
358 4212 381 4250 ⁷⁸
410 4212 519 4283 Aliquid
548 4213 612 4268 odd.
642 4215 721 4285 Porri.
751 4215 839 4267 Fron.
867 4212 893 4251 7⁸
918 4213 975 4269 Erit
1000 4211 1066 4283 aad,
1094 4213 1181 4269 Rhea.
1212 4210 1298 4268 Semt.
1323 4211 1348 4248 ⁷⁸
1376 4211 1568 4279 Mortalitateni
1590 4211 1677 4263 Fron.
1713 4210 1775 4267 tm.

128 4280 308 4338 ⁸⁰Videmua
332 4278 691 4341 nhea.seml.⁰1itoma
715 4281 803 4338 Rhea.
828 4298 893 4339 nuru
917 4282 976 4340 cod.
1009 4283 1110 4340 Woew.
1137 4281 1163 4319 ⁸²
1184 4278 1370 4337 vivificabitur
1399 4282 1485 4339 Frdd.
1517 4280 1580 4336 Vere.
1604 4277 1629 4316 ⁸³
1650 4276 1690 4334 rte
1714 4279 1778 4375 quia

128 4355 215 4463 ιᾄσει.
239 4355 302 4412 Veri.
323 4356 408 4410 From
429 4357 488 4463 Rip.
505 4353 660 4436 quailtate.
687 4353 771 4411 Semi.
787 4352 813 4391 θ’·
827 4352 964 4422 Qnaiiiata
987 4355 1069 4435 qu.
1088 4354 1174 4408 Frqri.
1190 4350 1215 4388 ⁸⁵
1229 4349 1384 4417 seminatur
1404 4346 1483 4428 Porri.
1507 4353 1593 4409 aaa.
1618 4342 1681 4421 liti,
1710 4349 1776 4421 tere,

175 4422 226 4483 tel
244 4421 335 4485 ntea.
351 4424 436 4482 Semi.
470 4427 481 4466 Ἰ
496 4424 658 4480 dedititium
671 4426 753 4481 Perii.
767 4425 854 4481 Fron.
869 4424 897 4462 ⁸⁸
908 4424 1107 4483 [interminatur
1122 4418 1203 4479 Pom.
1220 4422 1307 4495 Rhea.

830 4495 1076 4563 Commentarius.

127 4577 249 4642 mercio;
270 4574 402 4648 quianon
421 4572 622 4645 serveturJuris
645 4577 672 4629 ct
697 4571 808 4643 justitia
830 4590 924 4647 aequa-
978 4561 1545 4638 resurrectionemcemimestarentasiam
1553 4583 1662 4626 carnem
1676 4567 1772 4641 ipsam,

128 4648 205 4704 litas.
229 4646 345 4703 Excedit
367 4647 476 4717 spiritus
495 4649 568 4703 carni
596 4652 624 4702 ct
651 4647 771 4702 coeiestia
793 4647 928 4703 teriestri·
946 4682 960 4689 -·
979 4662 1034 4718 qna
1048 4663 1108 4703 sese
1124 4647 1175 4716 ipsi
1188 4653 1335 4716 portarent,
1350 4648 1570 4724 resurrecturam.
1585 4641 1648 4696 Rio.

126 4721 193 4787 hus,
205 4726 235 4798 et
258 4718 385 4787 quopiam
400 4734 450 4793 pro
477 4717 601 4789 inaequali
624 4726 653 4772 et
674 4718 773 4799 exigua
800 4717 927 4777 reddetur
1015 4718 1072 4791 (28)
1088 4719 1233 4781 Videamus
1238 4717 1302 4795 iniq
1310 4729 1391 4775 ranae
1404 4729 1436 4768 in
1446 4728 1497 4793 qno
1506 4726 1621 4792 corpore
1630 4716 1772 4794 venturos:

128 4789 260 4845 exinnum
288 4788 408 4858 donum,
433 4789 573 4861 usurpatio
602 4788 690 4860 potius
713 4791 817 4857 videtur
833 4806 927 4867 quiqu
980 4788 1023 4857 db
1038 4791 1091 4847 hoc
1112 4789 1200 4860 capite
1222 4800 1360 4867 praecipue
1382 4782 1713 4866 Vatennptaaostpuogit,
1726 4798 1774 4852 qni

128 4862 315 4918 commutatio.
326 4861 394 4915 Lao.
979 4877 1034 4916 non
1048 4861 1138 4928 hujus,
1155 4857 1205 4913 sed
1224 4858 1334 4912 alterius
1346 4871 1435 4911 carnis
1454 4860 1685 4932 resurrectionem
1705 4867 1773 4911 oona

169 4928 229 5002 (tt)
244 4932 396 4989 Constituit
414 4932 446 4989 ie
460 4928 593 4989 membris
606 4931 674 4991 aeis.
688 4931 747 4988 iioo
761 4937 812 4997 est,
826 4930 927 4988 consti·
978 4932 1117 4997 cedebant,
1134 4937 1162 4985 ut
1177 4945 1208 4988 ex
1221 4926 1269 4985 ito.
1281 4928 1314 4985 de
1328 4925 1490 5008 praescript.
1503 4929 1616 4983 cmstat
1632 4921 1686 4978 tin
1701 4938 1772 4993 quo-

128 5008 218 5083 tidiani
230 5000 267 5066 ait
290 5011 318 5059 et
340 5001 576 5084 stabilitamadco
591 5001 771 5083 ⁸²,⁸⁸d⁸⁸⁸⁸⁸⁸
785 5003 924 5068 inhaereat,
977 5019 1031 5073 qne
1058 5001 1086 5055 in
1110 5000 1232 5080 cometa
1259 4997 1485 5055 existimationem
1507 5001 1773 5120 venerantdproptqr

128 5070 924 5216 milti&tesi{andrEitedridicttactfftgiilisilpiaddredicens,dicit.
978 5067 1774 5213 Ergildliigffmotpgiilstdmcptisffligiiei,cagdiodliliililsvidee'boaffi

129 5214 262 5288 Numquid
276 5230 331 5271 non
345 5229 441 5285 corpus
459 5231 537 5270 suum
552 5213 754 5287 quodammodo
768 5214 927 5286 contingen·
978 5229 1076 5287 corpus
1104 5223 1160 5270 tarn
1187 5211 1261 5268 varie
1287 5212 1450 5281 dispersum,
1472 5208 1561 5266 redire
1588 5205 1774 5277 idemipsum

132 5285 181 5351 tia,
200 5295 228 5343 et
242 5285 326 5358 digito
350 5287 392 5356 pai
413 5287 482 5342 antis
501 5292 543 5343 eat
557 5284 634 5340 soii
647 5283 735 5357 inquit
757 5282 880 5343 Rufinus
900 5287 928 5342 in
979 5300 1035 5342 non
1049 5301 1138 5357 posse.
1156 5284 1207 5343 Gai
1229 5283 1373 5352 onjcctioni
1398 5283 1427 5339 in
1446 5278 1623 5354 sequentibus
1640 5277 1705 5337 sads
1726 5293 1772 5332 re·
1875 5329 1877 5333 ,

197 5359 316 5415 coitione
330 5357 396 5431 Spin
413 5357 461 5414 oti.
483 5350 689 5429 dictandumque
704 5352 790 5411 obiter
805 5355 879 5428 quod
893 5356 927 5410 ah
978 5358 1104 5429 spondet,
1133 5369 1245 5427 eamque
1263 5353 1352 5411 diluit.
1375 5352 1515 5426 Nysaenns
1541 5367 1576 5407 en
1598 5346 1773 5414 similitudino

130 5414 157 5481 c¹
186 5443 228 5483 eni
250 5427 376 5484 traditur.
406 5427 559 5491 Ecclesiam
590 5424 792 5499 Aquileiensem
814 5422 926 5485 articqu
979 5428 1115 5493 sementis,
1129 5443 1211 5499 quom
1226 5427 1254 5480 in
1268 5426 1321 5481 hoc
1341 5439 1400 5495 cap.
1426 5414 1506 5493 eni).
1527 5419 1611 5486 Paoio
1639 5413 1792 5497 eraniiqpt¹

129 5494 274 5580 Spmhoii,
302 5513 358 5583 qap
386 5501 622 5581 retentationem
647 5498 745 5555 cornia
765 5494 927 5580 confitemur
979 5508 1008 5567 et
1020 5500 1094 5556 inicit
1108 5501 1219 5566 anoton
1234 5497 1299 5561 iao.

128 5566 270 5625 addidisse
295 5571 394 5642 Repete,
422 5573 452 5625 ut
478 5577 688 5640 pronuntiantes,
716 5571 804 5639 linqua
830 5583 926 5624 cornea
