3840 6134
129 279 187 369 aaa

482 278 705 342 anatalttaltl
722 280 855 345 optabit
872 282 958 347 etas
974 283 1009 347 ll.
1028 313 1065 330 -
1081 282 1196 346 statas
1214 282 1247 353 11,
1267 281 1424 346 nentem.

1729 286 1784 348 981

136 411 187 466 itte
200 410 318 463 sanctas
336 407 394 478 [ait
409 404 502 479 (leae.
514 422 544 473 11,
572 409 611 479 3),
637 408 746 482 scilieet,
775 427 864 468 earne.
892 413 934 470 Ile
946 430 970 511 p
986 420 1062 468 erant
1089 410 1197 467 femine
1224 409 1295 479 eliae,
1324 410 1372 466 sed
1398 411 1460 485 quia
1480 410 1541 469 idae
1555 426 1610 468 nen
1634 420 1721 482 erant,
1751 428 1784 470 ne

136 496 233 569 spiritu
252 494 323 551 enim
339 509 393 550 non
408 496 529 565 dixisset,
545 497 607 568 quia
630 498 740 567 spiritus
769 500 839 557 ultro
873 517 936 559 san-

136 597 194 641 ctus
213 584 388 656 agnoscitur,
418 599 469 638 nec
496 594 631 657 exspectat
659 586 807 645 sanctitatis
837 591 936 647 admo-

138 680 278 745 nitionem,
298 695 358 750 quae
374 679 483 750 propria
497 689 593 736 natura
608 689 650 737 est
664 682 735 750 eius.
752 685 820 741 Caro
848 697 936 743 autem

139 771 251 826 docetur
270 768 436 824 sanctitatem
452 782 513 839 quae
528 777 554 822 et
583 768 610 823 in
629 769 735 826 Christo
764 773 813 828 luit
835 783 936 833 sancta.

140 860 224 932 igitur
238 858 260 912 si
275 858 365 913 omnia
388 857 440 914 ista
465 858 619 914 oblitterant
646 859 781 916 licentiam
807 865 937 936 nubendi,

140 957 168 1005 et
182 948 335 1004 conditione
351 947 467 1003 licentiae
478 947 607 1018 inspecta,
636 958 664 1006 et
694 951 850 1021 praelatione
873 968 937 1010 con·

141 1037 262 1093 tinentiae
281 1036 415 1108 imposita,
432 1052 478 1092 cur
502 1052 556 1092 non
571 1038 691 1108 potuerit
704 1048 765 1110 post
792 1040 938 1112 Apostolos

141 1127 210 1183 idem
234 1125 345 1197 spiritus
365 1124 556 1198 superveniens
582 1125 616 1180 ad
643 1127 826 1184 deducendam
853 1130 938 1188 disci-

138 1217 238 1289 plinam
263 1216 291 1270 iu
310 1230 418 1271 omnem
433 1214 581 1281 veritatem,
598 1231 644 1286 per
659 1217 760 1286 gradus
787 1226 937 1290 temporum

141 1306 301 1380 (seeundum
330 1304 402 1377 quod
429 1305 615 1361 Ecclesiastes.
651 1309 757 1382 lampas
778 1313 857 1367 emat
883 1312 936 1377 rei,

141 1394 249 1467 inquid,
292 1409 441 1464 supremam
466 1395 522 1463 jam
551 1394 623 1450 carni
651 1395 760 1452 fibulam
788 1397 936 1471 imponere,

138 1485 195 1554 jam
223 1498 275 1538 non
299 1483 437 1554 obliquoa
460 1482 562 1554 nuptiis
596 1499 725 1556 avocans,
764 1487 812 1542 sed
846 1495 937 1543 exerte

63 1569 67 1579 ’
141 1587 203 1628 cam
217 1572 305 1644 magis
323 1587 394 1626 nunc
408 1577 515 1641 tempus
528 1572 556 1625 in
575 1572 688 1628 collecto
707 1573 807 1628 laetum
825 1574 861 1629 sit
885 1577 935 1647 (9),

990 502 1115 573 primitiae
1151 500 1258 574 generis
1285 501 1384 573 duplici
1407 501 1578 559 matrimonio
1614 502 1784 558 contamina·

991 599 1092 647 rentur.
1122 587 1259 661 Alioquin,
1288 589 1311 646 si
1334 590 1409 645 Deus
1432 590 1573 661 uoluisset,
1602 605 1665 647 esse
1680 590 1782 662 potuis·

990 686 1069 737 seat:
1090 685 1161 735 certe
1174 678 1207 735 de
1233 677 1348 734 filiarum
1364 696 1473 736 suarum
1500 677 1694 736 numerositate
1709 694 1781 734 sum·

991 770 1098 839 psisset,
1115 782 1169 824 non
1189 768 1278 823 minus
1295 783 1328 824 ex
1342 768 1449 824 ossibus
1466 774 1493 824 et
1512 784 1543 823 ex
1554 783 1635 824 carne
1661 783 1711 824 sua
1736 768 1783 824 ba·

991 859 1059 914 bens
1089 858 1185 925 Evam,
1219 857 1242 913 si
1269 855 1321 914 boe
1346 857 1391 929 pie
1423 857 1506 914 lieret.
1530 860 1565 914 At
1591 855 1639 913 ubi
1666 855 1782 928 primum

992 948 1081 1003 scelus
1100 945 1285 1014 homicidium,
1313 945 1340 1001 in
1368 944 1515 1002 fratricidio
1534 946 1703 1014 dedicatum,
1732 952 1783 1000 tem

991 1035 1102 1108 dignum
1118 1035 1236 1092 seeundo
1264 1036 1323 1092 loco
1343 1034 1434 1091 scelus
1460 1048 1514 1090 non
1541 1033 1599 1101 luit,
1621 1050 1703 1106 quam
1727 1034 1784 1090 due

991 1125 1101 1197 nuptiae.
1126 1127 1220 1197 Neque
1242 1124 1313 1182 enim
1328 1124 1407 1180 relert
1423 1124 1490 1180 duas
1516 1123 1578 1196 quis
1604 1138 1707 1179 uxores
1734 1123 1785 1179 sin·

991 1215 1071 1286 qulas
1085 1214 1217 1283 imbuerit,
1228 1229 1262 1269 an
1272 1213 1371 1287 pariter
1385 1212 1497 1286 siugulae
1512 1213 1580 1268 duas
1594 1213 1710 1268 iecerint
1719 1211 1782 1284 (ll).

991 1305 1062 1359 ldem
1077 1319 1205 1360 numerus
1232 1303 1432 1373 conjunctorum
1458 1309 1484 1358 et
1510 1310 1709 1371 separaturum.
1738 1301 1784 1358 Se·

991 1393 1044 1448 mel
1066 1400 1155 1448 tamen
1169 1392 1223 1448 vim
1252 1407 1330 1462 passa
1357 1391 1489 1447 institutio
1512 1391 1561 1447 Dei
1586 1406 1637 1460 per
1659 1389 1784 1456 Lameeb,

997 1480 1117 1537 constitit
1131 1489 1224 1553 postea
1238 1481 1266 1536 in
1279 1481 1360 1536 linem
1380 1496 1467 1552 usque
1482 1478 1571 1553 gentis
1585 1479 1667 1535 illius.
1685 1479 1785 1536 Secun-

991 1568 1042 1624 dus
1065 1570 1181 1626 Lamech
1206 1571 1297 1627 nullus
1326 1568 1423 1636 existit,
1454 1570 1590 1640 quomodo
1608 1568 1718 1625 duabus
1736 1584 1787 1624 ma-

141 1661 219 1716 annia
239 1661 345 1718 circiter
373 1663 424 1713 tao
453 1660 549 1716 exinde
576 1661 740 1729 productis‘.l
755 1664 850 1719 Nonne
874 1664 933 1735 ipse
988 1659 1089 1714 citatus.
1111 1659 1199 1733 Negat
1215 1660 1353 1730 Scriptura
1371 1659 1443 1731 qued
1466 1673 1521 1714 non
1543 1657 1705 1731 notat(12).
1723 1657 1785 1714 Alia

140 1749 213 1821 apud
245 1757 271 1804 te
313 1749 594 1804 retractares‘llletus
632 1751 690 1807 haee
717 1751 860 1823 disciplina
882 1764 932 1823 est,
953 1746 1120 1849 *diluuium
1134 1747 1291 1821 iniquitates
1311 1754 1532 1819 provocaverunt,
1561 1746 1644 1803 semel
1674 1745 1787 1803 detensa

140 1845 344 1909 praemonstrata
357 1838 411 1906 jam
428 1846 489 1892 tnnc
509 1837 536 1890 iu
555 1852 636 1894 earne
651 1841 767 1907 Domini,
782 1850 809 1897 et
835 1843 933 1900 volun·
989 1834 1189 1907 qualescunque
1221 1833 1346 1904 fuerumt
1373 1844 1536 1891 11011131ῐὶθῦ
1566 1835 1731 1908 septuagies
1749 1850 1785 1890 ⁸⁶-

142 1934 194 1981 tate
211 1921 318 1979 εθΜ
332 1923 429 1979 debinc
442 1923 470 1978 iu
486 1925 680 1995 Apostolorum
702 1929 761 1998 ejus
785 1939 838 1986 tam
863 1948 933 1988 con·
990 1923 1070 1993 Piitsst
1099 1925 1171 1995 quod
1203 1924 1257 1980 (¹110
1290 1924 1461 1980 1181111101ῑᾶ
1488 1933 1657 1981 milleium·
1685 1923 1738 1980 Sed
1763 1931 1786 1978 ⁸¹

139 2012 206 2066 siliis
238 2028 318 2083 quam
344 2013 482 2085 exemplis.
511 2014 585 2071 Olim
604 2016 739 2072 sanctitati
763 2018 824 2074 huic
849 2021 935 2077 desti.
989 2009 1143 2067 reformatio
1156 2010 1269 2070 secundi
1282 2012 1388 2088 generis
1406 2012 1517 2067 humani
1533 2012 1709 2083 monogamia
1733 2027 1786 2067 ma·

140 2101 279 2155 nabamur.
321 2101 393 2156 Nibil
428 2101 490 2158 noti
527 2104 681 2161 Paracletus
708 2105 820 2162 inducit.
855 2109 935 2177 Quod
992 2098 1128 2159 119935
1152 2111 1287 2160 censetur·
1317 2103 1416 2158 lteram
1436 2101 1491 2158 (111⁰
1515 2101 1542 2155 in
1571 2100 1663 2159 unicis
1689 2102 1785 2173 nutilit

141 2189 310 2261 praemonuit,
338 2189 429 2245 definit
452 2191 544 2263 :quod
572 2195 709 2261 sustinuit,
740 2196 871 2268 exposcit.
901 2199 935 2253 Et
988 2185 1076 2242 Ellam
1098 2188 1123 2242 in
1142 2187 1210 2261 ipsit
1231 2187 1392 2243 animalibus
1422 2187 1592 2262 m0¹t⁰g³ffli³
1621 2187 1786 2262 recognosci·

141 2292 212 2332 nunc
226 2278 377 2350 recogitans
400 2279 461 2346 ista,
487 2281 563 2336 tacite
578 2282 624 2336 tibi
648 2285 821 2354 persuadebis
850 2286 934 2342 multo
989 2283 1041 2340 tur,
1070 2291 1105 2331 ne
1135 2275 1178 2330 th
1206 2275 1300 2331 besliae
1325 2278 1359 2332 de
1388 2275 1507 2332 ssloethia
1534 2285 1721 2334 nascerentur·
1749 2279 1787 2333 Εἴ

141 2365 227 2437 magis
253 2366 346 2422 unicas
371 2369 478 2437 nuptias
514 2370 677 2440 competisse
706 2372 841 2428 Paracleto
865 2390 936 2444 prae-
989 2364 1128 2434 011111ίῦ18,
1152 2365 1246 2436 11111111,
1268 2365 1374 2431 Petilii,
1390 2381 1422 2421 ΕΙ
1441 2366 1514 2420 Omni
1527 2380 1618 2431 carne.
1633 2365 1692 2422 (11¹⁰
1714 2365 1787 2421 indu·

139 2454 300 2526 dieare‚qui
321 2457 408 2527 potuit
426 2465 453 2511 et
472 2457 570 2525 nullas,
601 2458 740 2530 magisque
768 2462 933 2518 credendum
988 2467 1033 2507 ees
1046 2452 1075 2506 in
1088 2468 1188 2520 aream,
1205 2463 1234 2508 ut
1245 2454 1335 2509 uiuant
1364 2462 1452 2509 teenm
1481 2454 1616 2510 masculus
1639 2453 1785 2512 attentas·

140 2545 412 2615 temperamentum,
435 2547 509 2618 quod
538 2556 566 2602 et
593 2546 891 2620 abstulissedeeuisset,
911 2552 934 2606 si
989 2540 1072 2597 Erunt
1097 2541 1131 2598 de
1158 2541 1321 2597 dnimtlibus
1341 2542 1493 2599 volatilibus
1518 2545 1671 2599 secundum
1697 2558 1779 2616 genus

138 2650 201 2705 quae
217 2634 280 2689 velit
299 2635 422 2691 Christus
451 2635 597 2706 intelligas.
613 2637 643 2690 ln
658 2636 709 2693 hoe
723 2653 831 2710 quoque
849 2640 932 2694 Para-
988 2640 1015 2686 el
1049 2631 1083 2686 de
1107 2629 1231 2687 omnihus
1251 2632 1419 2702 serpentibus
1436 2641 1512 2688 leltae
1528 2673 1536 2698 ι
1552 2635 1704 2690 secundum
1727 2647 1790 2707 80⁰·

142 2724 239 2780 cletum
255 2740 404 2796 agnoscere
427 2725 509 2781 debes
530 2725 694 2781 advocatum
728 2725 796 2799 (ln),
826 2729 936 2801 quoda
989 2736 1040 2777 nus
1063 2720 1193 2791 ipsorum,
1227 2721 1280 2776 duo
1307 2736 1340 2777 cx
1369 2721 1495 2776 omnibus
1523 2720 1678 2778 introibunt
1709 2720 1788 2777 adte

141 2821 195 2868 tota
210 2812 378 2869 continentia
392 2813 576 2869 infirmitatem
593 2822 662 2869 tuam
675 2824 792 2871 excusat.
989 2808 1124 2864 masculus
1144 2811 1170 2863 et
1190 2806 1300 2865 semina.
1331 2810 1431 2865 Eadem
1458 2809 1546 2866 torma
1568 2816 1597 2865 et
1623 2817 1739 2882 septena
1759 2825 1788 2866 ex

989 2897 1060 2953 binis
1073 2896 1162 2969 adlegi
1175 2898 1286 2952 mandat
1301 2913 1333 2953 ex
1362 2896 1483 2954 masculo
1505 2906 1533 2954 et
1547 2896 1660 2966 femina,
1682 2913 1736 2955 uno
1764 2912 1778 2952 e

446 2952 561 3011 CAPUT
595 2953 638 3010 Ν
954 2941 1060 3042 ⁰utra.
1097 2985 1174 3055 Quod
1216 2985 1332 3056 amplius
1363 2986 1468 3041 dicam?
1497 2985 1646 3042 immundis
1688 2995 1789 3059 quoque

178 3075 293 3132 Secedat
322 3091 394 3132 aune
412 3076 512 3133 mentio
536 3076 672 3148 Paracleti,
697 3086 725 3132 ut
746 3078 829 3133 nostri
849 3078 940 3134 alicu·
995 3073 1104 3130 alitibus
1123 3089 1185 3130 cum
1200 3072 1271 3128 binis
1284 3073 1392 3128 leminis
1406 3074 1517 3130 introire
1531 3087 1586 3129 non
1599 3073 1686 3132 licuit.

121 3164 187 3233 ‚jus
222 3163 351 3223 auctoris.
381 3165 546 3224 Evolvamus
582 3167 735 3222 communia
768 3165 943 3224 instrumenta
1315 3163 1428 3220 CAPUT
1444 3163 1478 3219 V.

144 3254 344 3325 Scripturarum
368 3254 552 3327 pristinarum.
575 3255 633 3311 lloe
656 3257 746 3326 ipsum
770 3255 940 3311 demonstra·
1029 3251 1093 3306 liaee
1109 3257 1236 3322 quantum
1254 3250 1288 3306 ad
1307 3250 1518 3321 primordionrm
1541 3249 1739 3321 testimonium,
1765 3258 1789 3306 et

145 3344 320 3414 turanobis,
343 3358 431 3416 neque
456 3360 564 3414 novam,
579 3359 668 3414 neque
701 3349 855 3401 extraneam
881 3361 940 3402 esse
994 3338 1107 3410 originis
1121 3347 1219 3395 nostrae
1233 3338 1424 3412 patrocinium,
1440 3349 1467 3394 et
1491 3339 1590 3396 divinae
1617 3339 1788 3396 iustitutionis

145 3435 324 3504 monogamiae
350 3432 528 3504 disciplinam,
545 3433 598 3487 imo
614 3443 640 3487 et
662 3433 812 3504 antiquam,
831 3440 858 3488 et
878 3447 941 3504 pro·
994 3427 1189 3497 prejudicium.
1205 3428 1271 3497 Qnae
1288 3427 1380 3501 ntique
1395 3429 1438 3484 lex
1464 3440 1516 3495 est,
1544 3443 1600 3483 non
1627 3444 1786 3486 monumen·

145 3520 231 3592 priam
261 3521 487 3587 Christianorum;
501 3530 529 3576 ut
563 3520 730 3575 Paracletum
759 3519 940 3575 restitutorem
993 3524 1066 3584 tum;
1089 3517 1226 3588 quoniam,
1255 3517 1277 3572 si
1301 3517 1338 3572 ita
1356 3517 1456 3574 lactum
1484 3527 1525 3573 est
1546 3517 1738 3588 aprimordio,
1754 3517 1787 3571 ta

145 3611 234 3680 potins
269 3610 368 3665 sentias
398 3613 467 3679 ejus,
511 3624 591 3678 quant
629 3608 819 3664 institutorem.
861 3607 939 3674 Quod
992 3607 1116 3660 venimus
1141 3607 1238 3662 nosad
1256 3605 1363 3661 initium
1391 3607 1472 3682 dirigi
1491 3605 1660 3663 aChristio:
1682 3605 1785 3663 aientia

144 3700 278 3768 pertineat
316 3697 350 3749 ad
387 3697 579 3767 antiquitatem,
621 3711 681 3766 quae
736 3703 823 3767 potest
867 3698 938 3752 anti·
992 3695 1140 3765 quaestione
1166 3695 1283 3766 repudii,
1307 3696 1399 3752 dicens
1430 3694 1496 3751 illud
1525 3704 1638 3766 propter
1671 3695 1785 3750 duritiam

143 3785 224 3855 quior
238 3785 322 3839 torma
336 3785 461 3853 prolerri,
496 3801 575 3856 quam
603 3783 661 3854 ipse
704 3799 801 3840 seusus
830 3784 939 3857 generis
992 3782 1249 3856 ipsorumaitoyse
1267 3786 1516 3853 essepermissum,
1533 3785 1567 3839 ab
1593 3783 1673 3840 initio
1704 3792 1785 3839 autem

144 3873 283 3928 humanit
309 3873 395 3928 Unam
437 3872 564 3927 feminam
586 3873 704 3930 masculo
740 3875 814 3928 Deus
850 3873 936 3941 finxit,
992 3886 1046 3927 nou
1067 3875 1102 3927 ita
1116 3871 1211 3941 luisse,
1232 3871 1382 3929 sinednbio
1397 3873 1431 3928 ad
1459 3872 1565 3928 initiam
1592 3880 1704 3928 reuocat
1732 3886 1785 3927 ma·

143 3977 195 4017 una
236 3971 309 4018 costa
335 3962 395 4030 ejus
425 3964 558 4033 decerpta,
588 3970 616 4017 et
647 3963 739 4034 utique
780 3980 812 4020 ex
854 3962 938 4034 pluri·
992 3960 1111 4017 trimouii
1134 3960 1354 4018 individuitatem.
1372 3960 1571 4033 Ideoquequos
1595 3960 1718 4018 neusse
1735 3960 1786 4016 ini·

142 4049 204 4104 bus.
220 4048 272 4103 Sed
297 4057 322 4104 et
343 4049 369 4103 in
397 4048 556 4121 praeiatione
571 4050 656 4121 ipsius
683 4050 771 4121 operis
788 4069 793 4107 :
810 4052 870 4108 Noa
886 4053 936 4116 est,
994 4052 1032 4107 tie
1040 4052 1193 4122 eeajanaa't
1208 4053 1240 4107 ia
1250 4067 1339 4108 anem
1349 4065 1465 4107 caraem
1475 4048 1785 4119 tensamentum

141 4136 228 4209 inquit
243 4139 346 4195 imaum
356 4139 465 4196 domiai
478 4140 569 4196 aotam
579 4155 643 4195 earn
659 4156 732 4208 essm
745 4139 940 4211 seeiemasad-
991 4141 1133 4210 separabit
1143 4141 1274 4211 (Gemma,
1290 4139 1336 4211 aa)
1350 4138 1422 4195 Dicit
1434 4147 1460 4196 et
1470 4139 1615 4208 apostotus
1629 4139 1748 4194 scribens
1756 4137 1784 4192 ad

136 4227 282 4298 jatatione
301 4228 356 4283 att.
373 4227 521 4297 Adjuteres
539 4227 612 4282 euim
639 4228 761 4290 dixisset,
777 4228 800 4282 si
819 4229 941 4300 pluribus
956 4227 1122 4310 npresios
1138 4245 1145 4284 ε
1162 4232 1251 4284 Deam
1267 4230 1445 4301 proposuisse
1467 4229 1663 4300 insemett'pso
1682 4227 1719 4283 ud
1732 4226 1784 4283 dis·

141 4330 202 4370 eum
217 4316 347 4372 uxoribus
362 4316 529 4372 destinasset.
558 4315 664 4386 ddjucit
689 4324 717 4372 et
733 4317 819 4390 legem
847 4317 881 4372 de
901 4315 940 4372 iu.
993 4318 1189 4390 pausationem
1209 4317 1420 4390 adimpletionis
1430 4315 1752 4389 temporam,udeeput,
1763 4312 1785 4367 id

139 4409 212 4459 turo.
236 4404 375 4475 Siquidem
404 4404 562 4476 prophetice
601 4405 700 4460 dietum
728 4412 788 4461 est:
805 4407 841 4460 Et
855 4406 941 4461 erant
994 4415 1045 4471 est,
1061 4403 1785 4479 edaetatemreciprocareaaieersaieuariamque

138 4492 192 4551 dae
208 4495 238 4548 in
259 4511 375 4550 earnem
401 4496 701 4565 aeramentum,
730 4495 774 4562 et,
790 4509 843 4550 non
873 4501 938 4548 tres·
994 4496 1545 4568 aautsupereoelosetsapcrterresie
1572 4493 1743 4567 ipaoOEplt.,
1762 4495 1784 4555 t,

138 4583 338 4653 nequeplures.
364 4584 508 4650 Caetertrm,
536 4584 589 4653 jam
618 4597 674 4637 non
703 4583 766 4651 duo,
792 4581 815 4635 si
836 4581 938 4659 plnres·

136 4671 217 4728 Stetit
234 4672 288 4728 lex.
314 4673 447 4744 Denique,
478 4671 660 4744 perseverarit
686 4670 884 4743 uaioeonjuqii
912 4670 940 4725 in

135 4762 292 4818 auctoribus
305 4761 412 4834 generis
424 4761 456 4816 ad
472 4761 554 4817 finem
569 4776 668 4832 usque;
704 4776 756 4815 uon
784 4759 849 4834 quia
873 4775 939 4816 nen

994 4585 1097 4654 9,10).
1119 4584 1164 4638 Sic
1193 4592 1221 4639 et
1246 4584 1313 4638 duas
1335 4582 1448 4638 Gracia
1461 4581 1575 4648 litteras,
1604 4596 1739 4637 summanr
1762 4584 1786 4633 et

994 4671 1125 4743 ultimam,
1145 4671 1196 4728 sibi
1214 4671 1303 4728 induit
1317 4671 1460 4738 Dominus,
1476 4669 1544 4726 initii
1578 4678 1606 4725 et
1635 4669 1699 4726 linis
1724 4683 1784 4727 eon·

995 4757 1157 4816 currentium
1169 4757 1196 4813 in
1210 4774 1240 4816 se
1263 4759 1368 4832 ligurus
1383 4775 1391 4813 ε
1407 4758 1446 4815 uti
1474 4755 1707 4831 quemadmodum
1727 4753 1783 4811 aad

828 4907 1078 4973 Commentarius.

170 5034 210 5106 (9)
233 5035 477 5107 Cemmeqiseane
489 5039 599 5109 tenipus
608 5035 640 5089 a'e
650 5033 889 5105 eolleetotuetem
896 5031 936 5088 sit

132 5105 327 5178 laeumplane
356 5122 461 5162 sensum
485 5107 582 5162 beatus
606 5106 760 5174 Hieronym.
788 5104 868 5174 epist,
898 5102 932 5157 ad

131 5176 288 5233 Gerontiam
301 5194 308 5232 ε
337 5195 348 5229 ι
367 5177 436 5246 Quid
447 5177 480 5232 ad
492 5194 551 5245 nos,
567 5177 594 5232 in
608 5192 677 5250 quos
690 5175 758 5230 lines
771 5176 932 5231 saeculorum

132 5247 327 5304 devenerunt?
347 5268 358 5300 ι
377 5249 415 5303 La
434 5250 481 5304 Pn.

166 5321 223 5393 (tu)
233 5321 414 5376 Paracletum
429 5335 578 5390 upneseere
592 5317 843 5374 aeteeauoeemm.
854 5313 933 5371 talu·

130 5391 170 5446 dit
184 5394 217 5446 ad
233 5391 457 5463 significationem
487 5390 561 5445 vocis
574 5390 730 5460 separasset
744 5403 806 5458 qnae
846 5385 931 5440 adae-

129 5469 225 5522 aetam
240 5462 395 5534 signifieat,
414 5461 462 5517 sed
478 5456 592 5515 ridicula
605 5467 646 5513 est
659 5456 803 5529 applicatio
824 5457 930 5512 ducto·

127 5539 176 5589 ris.
207 5536 275 5589 Part.
578 5587 580 5592 .

163 5602 221 5676 (tt)
236 5606 326 5678 Neque
340 5606 417 5664 enim
430 5602 519 5672 refert
534 5600 605 5659 daus
619 5601 788 5674 eatsaaeres
799 5600 928 5674 sinuatus

988 5029 1784 5106 babuerit,enpura‘terataqalcedaesfecerintlmoqui,

987 5103 1135 5173 plurimum
1158 5102 1251 5173 refert,
1276 5105 1366 5160 edicto
1395 5102 1518 5175 praetoris
1544 5102 1653 5157 infamia
1679 5109 1784 5158 notatur

986 5173 1032 5243 qui
1048 5175 1111 5228 bina
1120 5175 1257 5243 sponsalia
1271 5175 1381 5232 hinasae
1409 5174 1516 5248 nuptias
1549 5173 1646 5229 eodem
1668 5181 1783 5245 tempere

986 5245 1144 5301 constitutas
1158 5247 1292 5301 habuerit.
1309 5247 1372 5305 llto.

1022 5316 1324 5390 (ltiltepatScriptara
1338 5333 1404 5392 quos
1418 5319 1574 5374 annectat.
1589 5315 1656 5371 llibi
1672 5317 1783 5398 primum

985 5385 1043 5441 baec
1062 5389 1172 5460 legenti,
1198 5391 1320 5459 quamtis
1343 5389 1432 5445 etriter
1454 5397 1481 5443 et
1512 5387 1712 5460 perfunctorie,
1734 5386 1783 5441 dtr·

987 5456 1173 5516 riusculavisa
1188 5467 1250 5515 suut
1265 5461 1292 5514 in
1316 5476 1348 5517 eo
1376 5459 1508 5531 scriptore
1534 5458 1582 5530 qui
1611 5459 1784 5516 traditionem

986 5536 1126 5600 tantopere
1141 5531 1302 5588 detenderet.
1316 5533 1350 5589 At
1366 5531 1404 5587 ibi
1432 5530 1618 5599 orthodoxus,
1649 5530 1697 5588 hie
1722 5540 1784 5587 tero

985 5616 1000 5656 a
1019 5601 1204 5662 veredarius.
1219 5601 1258 5660 La
1272 5605 1320 5662 Pa.
