3840 6134
130 277 185 339 225
797 271 995 333 libabunt.
1015 271 1253 334 dudddddttdd.
1728 281 1783 344 ᾖε)
1886 320 1890 328 .

126 408 255 460 testatem
271 415 346 457 suam
362 400 520 458 exercuitin
535 417 606 472 eam,
616 401 742 461 iaciendo
756 413 789 455 ex
799 397 923 470 materia,
938 415 962 495 Α
978 413 1033 470 qua
1051 397 1215 454 universitas
1229 396 1363 454 consistit.
1379 397 1523 468 Quomodo
1538 404 1718 475 respondebit
1732 406 1785 464 221

125 505 161 548 cx
175 491 225 546 illo
244 489 379 546 maurium
393 490 538 547 Dominum
553 493 636 551 Deum
652 506 740 566 passa,
757 488 924 546 demonstrat
988 485 1049 542 Non
1071 487 1162 542 statim
1186 486 1327 543 materiam
1350 489 1504 557 comparari
1522 491 1588 556 Deo,
1611 491 1633 546 si
1654 495 1718 567 quid
1733 495 1785 552 Dei

125 580 179 636 boc
192 578 270 635 illum
295 579 399 635 tamdiu
420 594 475 635 uon
490 579 585 648 luisse,
600 581 733 656 quamdiu
748 579 798 634 luit
812 578 847 632 ²¹.
863 577 933 634 ilinc
988 573 1096 648 babeat,
1111 575 1175 647 quia
1193 589 1248 631 nen
1266 583 1353 632 totum
1376 574 1502 633 babendo
1517 593 1571 634 nen
1594 592 1736 640 concurrat
1756 584 1785 640 in

127 668 247 741 denique
269 667 396 739 incipiam
419 668 455 724 de
476 670 588 726 materia
606 678 763 735 retractare,
779 666 852 740 quod
871 679 932 722 eam
988 664 1181 736 plenitudinem
1216 664 1453 736 comparationis?
1484 665 1554 734 Quid
1586 668 1643 726 Dee
1675 672 1786 747 reliquit

128 758 203 813 bens
217 755 273 813 sibi
288 766 428 829 comparet
442 758 556 829 proinde
567 774 622 815 oon
637 768 739 828 natam,
750 755 865 829 proinde
879 768 934 812 non
989 753 1115 826 amplius,
1133 761 1163 809 ut
1177 768 1231 810 nou
1246 761 1331 809 totum
1348 753 1407 823 Dei,
1424 754 1542 810 materbe
1565 757 1675 814 dedisse
1689 760 1785 821 videa·

129 845 241 910 iactam.
257 844 373 916 proinde
387 853 525 913 acernam,
540 850 601 904 sine
616 847 703 913 initio,
719 847 778 902 sine
796 843 850 900 line
867 858 934 915 pro·
988 841 1056 896 turl
1071 840 1121 896 Vel
1141 856 1204 912 qua,
1225 839 1322 913 inquit,
1338 847 1366 896 et
1381 840 1421 896 sic
1431 841 1549 899 habente
1562 847 1688 914 materia,
1712 851 1786 908 salva

129 933 251 1006 positam
266 932 300 988 22.
311 929 387 1001 'Quis
401 933 475 991 euim
490 935 558 992 alius
572 936 620 992 Dei
635 950 743 1001 census,
758 947 838 1006 quam
853 940 934 987 aeter·
989 929 1024 984 sit
1046 928 1145 986 Decet
1163 929 1309 985 auctoritas
1323 929 1347 969 ³⁰
1366 938 1393 985 ει
1412 930 1573 1002 substantia,
1589 950 1643 1008 qua
1661 936 1737 992 solus
1759 946 1787 995 ει

130 1021 228 1078 nitas?
252 1021 406 1093 quisalius
429 1024 587 1082 aeternitatis
610 1032 704 1089 status,
727 1038 807 1095 quam
828 1035 935 1093 semper
989 1018 1094 1089 primus
1110 1026 1205 1075 auctor
1223 1026 1273 1085 εει,
1296 1026 1322 1075 ει
1341 1019 1472 1077 Dominus
1497 1022 1617 1078 omnium
1632 1035 1785 1085 censeatur.

129 1108 531 1179 luisscetlnturumesse,e1
549 1113 731 1188 praerogativa
745 1111 845 1168 nullius
866 1107 935 1165 initii
988 1107 1097 1166 Veritas
1120 1119 1209 1165 autem
1233 1108 1271 1165 sic
1290 1124 1373 1164 unum
1393 1111 1479 1168 Deum
1503 1111 1589 1184 exigit
1602 1112 1786 1183 defendendo,

131 1209 158 1257 at
171 1200 279 1256 nullius
292 1197 376 1256 linis?
389 1200 446 1257 lloc
467 1201 489 1257 si
513 1201 565 1258 Dei
585 1212 628 1259 est
641 1201 791 1274 proprium,
806 1199 870 1272 qnia
883 1198 933 1255 etsi
989 1203 1020 1252 nt
1033 1196 1119 1253 sullus
1134 1197 1169 1252 sit
1183 1197 1315 1270 quidquid
1327 1198 1473 1269 ipsiusest.
1491 1200 1533 1257 Ita
1542 1200 1614 1257 enim
1627 1203 1713 1275 ipsius
1724 1205 1785 1273 erit,

132 1288 179 1344 alii
193 1287 221 1327 ²³
233 1286 412 1359 adscribatur,
425 1285 480 1360 jam
505 1305 559 1346 nou
580 1291 631 1346 erit
654 1291 702 1348 Dei
721 1289 872 1362 proprium,
888 1285 936 1344 sed
989 1286 1011 1341 si
1028 1284 1110 1343 luerit
1133 1286 1219 1342 solius
1240 1304 1247 1341 ε
1268 1294 1340 1344 etex
1365 1286 1418 1344 hoc
1441 1288 1512 1345 alins
1531 1290 1598 1347 deus
1620 1308 1674 1349 non
1702 1296 1788 1368 pessit

133 1391 283 1435 commune
298 1391 358 1432 cum
373 1391 407 1433 eo
420 1377 465 1434 cai
480 1385 507 1435 ει
526 1376 695 1437 adscribitur.
710 1379 789 1450 Nam,
804 1376 855 1433 etsi
871 1381 936 1432 sunt
989 1373 1103 1444 admitti,
1129 1374 1193 1446 dnm
1214 1374 1314 1430 nemini
1337 1375 1399 1431 licet
1425 1377 1525 1434 babere
1544 1377 1577 1435 de
1600 1381 1656 1437 Deo
1675 1381 1787 1457 aliquid.

135 1467 183 1539 qni
209 1465 337 1523 dicuutur
359 1466 403 1522 dei
425 1466 484 1524 site
508 1467 535 1523 iu
559 1468 641 1540 coelc,
655 1469 714 1526 sive
736 1467 763 1524 iu
788 1475 860 1524 terra
883 1480 936 1521 uo·
989 1462 1074 1536 Ergo,
1091 1462 1191 1536 inquis,
1220 1478 1271 1520 uec
1289 1476 1340 1519 nos
1363 1463 1494 1520 babemus
1515 1465 1565 1522 Dei
1593 1468 1705 1543 aliquid.
1729 1471 1788 1529 lmu

136 1555 230 1625 mine;
256 1561 385 1612 caeterum
412 1570 484 1613 unua
506 1557 581 1615 Deus
601 1556 689 1630 Pater,
713 1572 747 1615 ex
770 1570 824 1629 qno
847 1554 938 1611 omnia
995 1553 1137 1618 babemus,
1154 1559 1182 1607 et
1200 1552 1371 1625 babebimus,
1386 1552 1435 1608 scd
1453 1553 1488 1609 ab
1502 1552 1574 1627 ipse,
1596 1571 1651 1613 nou
1666 1573 1682 1613 a
1697 1559 1787 1617 nobis.

139 1646 158 1712 (l
175 1646 237 1702 cnr.
253 1658 316 1714 vrri,
332 1645 361 1715 5)
376 1662 383 1703 :
400 1660 454 1718 quo
467 1645 557 1719 magis
570 1645 642 1719 apud
657 1661 706 1704 nos
720 1645 804 1702 solius
817 1643 867 1701 Dei
880 1657 942 1700 ease
994 1639 1064 1695 Nam
1079 1648 1107 1697 ει
1120 1639 1165 1695 dai
1180 1639 1202 1678 ²¹
1218 1639 1329 1709 erimus,
1344 1640 1367 1694 si
1382 1642 1532 1697 meruimus
1546 1643 1585 1698 illi
1600 1662 1661 1702 esse
1679 1647 1713 1705 de
1723 1650 1787 1721 qni-

139 1734 245 1800 debeat,
262 1734 337 1806 quod
354 1732 405 1790 Dei
425 1736 566 1807 proprium
587 1743 628 1793 est
650 1754 657 1793 :
683 1743 720 1806 et,
744 1744 774 1793 nt
797 1733 863 1806 diri,
884 1734 941 1804 iam
958 1704 980 1783 Β
995 1728 1047 1783 bus
1059 1726 1218 1801 proediwdl
1233 1742 1240 1782 ²
1255 1728 1311 1800 Ειθ
1328 1727 1391 1785 (1882
1405 1748 1415 1784 ··
1427 1730 1474 1786 VOS
1485 1732 1535 1787 Dei
1553 1736 1639 1802 editt
1659 1743 1686 1791 el
1702 1738 1790 1795 Stetit

139 1838 190 1879 nen
207 1821 350 1894 proprium
358 1831 440 1891 esset,
455 1823 518 1896 qnia
530 1823 642 1881 alterius
650 1832 731 1882 esset.
741 1822 821 1891 Quod
832 1823 854 1878 si
867 1823 940 1877 licus
994 1820 1065 1875 bens
1084 1820 1116 1874 in
1132 1817 1249 1875 ecclesia
1267 1817 1384 1874 deorsam
1400 1816 1488 1888 (Paul.
1509 1835 1611 1892 cxxxi,
1632 1825 1660 1893 1)
1676 1840 1683 1879 :
1698 1827 1790 1885 sodex

140 1922 188 1983 rsa,
210 1910 323 1968 unicum
348 1911 384 1967 sit
406 1926 519 1968 εεεεεεε
542 1920 593 1978 εει,
608 1923 638 1970 ut
660 1913 743 1970 unius
758 1913 792 1969 sit
814 1912 838 1951 ²⁴
864 1927 872 1966 r
896 1917 941 1966 aut
994 1904 1082 1980 gratia
1096 1904 1191 1976 ipsius,
1207 1918 1262 1961 uon
1290 1920 1323 1960 ex
1342 1914 1435 1961 nostra
1456 1908 1632 1979 proprietate,
1648 1913 1712 1985 quia
1731 1914 1791 1985 ipsc

141 2000 201 2073 qnid
215 1998 271 2055 erit
295 1999 407 2057 unicum
421 2009 450 2057 et
473 2000 623 2072 singulare,
639 2001 691 2057 uisi
712 2000 757 2056 cui
775 1999 842 2054 nihil
865 1997 941 2052 adae-
994 2002 1035 2049 est
1048 1992 1179 2065 solusqul
1194 1993 1260 2049 deos
1275 1992 1364 2050 iaciat.
1375 1994 1495 2052 Materiae
1508 1996 1534 2035 22
1545 2006 1634 2055 autem
1650 2002 1790 2073 proprium

141 2087 287 2160 qnabitur?
306 2087 371 2160 quid
395 2088 556 2160 principale,
570 2089 624 2145 uisi
646 2088 720 2162 quod
741 2086 939 2159 superomnia,
995 2081 1057 2138 lacit
1073 2082 1144 2155 quod
1170 2096 1231 2136 curn
1254 2081 1311 2140 Deo
1338 2081 1441 2139 babet:
1461 2094 1507 2141 aut
1521 2086 1545 2141 si
1569 2089 1655 2146 aDcu
1673 2092 1789 2163 accepit,

142 2177 189 2233 nisi
201 2175 281 2251 qnod
301 2183 364 2232 ante
378 2176 479 2244 omnia,
494 2184 521 2233 ει
538 2193 575 2234 cx
594 2192 650 2250 quo
668 2175 779 2235 omnia?
791 2177 855 2233 llaec
868 2175 941 2230 Deus
995 2169 1066 2241 quod
1083 2178 1124 2225 εει
1137 2167 1198 2241 bei,
1208 2169 1330 2226 ordinem
1344 2168 1406 2227 dico
1418 2173 1585 2243 aeternitatis,
1611 2184 1699 2247 potest
1716 2180 1792 2236 credi

142 2265 214 2323 solus
227 2265 357 2323 hahendo
368 2272 418 2334 est,
434 2275 461 2323 er
484 2266 559 2322 solus
583 2267 706 2325 hahendo
721 2282 791 2322 unus
805 2271 847 2322 ert
861 2265 895 2319 ²⁵.
911 2263 941 2321 si
995 2267 1021 2314 et
1036 2256 1217 2314 babereillam
1232 2273 1294 2313 cum
1308 2257 1365 2315 Deo
1384 2259 1499 2332 aliquid,
1515 2270 1542 2318 ει
1554 2262 1633 2320 deum
1648 2265 1722 2322 illam
1737 2283 1791 2326 uon

140 2354 205 2411 dius
225 2353 367 2426 babuerit,
388 2363 428 2411 tot
450 2355 506 2425 jnm
526 2363 607 2413 erunt
626 2354 687 2422 Dei,
702 2364 769 2428 quot
797 2352 942 2411 habuerint
995 2360 1065 2403 ease.
1080 2345 1166 2415 Quale
1189 2353 1233 2402 est
1255 2357 1357 2416 antem,
1372 2364 1434 2405 cum
1456 2349 1601 2408 confitetur
1623 2353 1669 2410 ille
1692 2355 1793 2428 aliquid

140 2458 194 2518 quae
209 2443 264 2500 Dei
277 2452 354 2501 sunt.
364 2443 405 2498 lta
419 2442 607 2517 Henuogenes
616 2443 686 2501 dnos
700 2443 766 2501 deus
780 2442 870 2500 inlert.
886 2442 942 2498 lla-
996 2451 1059 2493 oum
1074 2437 1131 2492 Deo
1146 2435 1257 2503 babere,
1273 2445 1300 2493 et
1319 2437 1376 2492 nult
1390 2437 1477 2495 sotius
1495 2440 1544 2497 Dei
1559 2456 1621 2498 essa
1640 2443 1715 2517 quod
1729 2459 1791 2502 ma·

140 2532 231 2591 teriam
250 2546 349 2605 parem
362 2531 420 2589 Deo
434 2531 516 2589 infert
530 2532 564 2587 ²⁶.
579 2533 666 2589 Deum
680 2541 769 2589 anmm
784 2547 867 2588 uuum
882 2546 943 2589 esre
997 2525 1092 2582 letiam
1108 2541 1162 2584 110⁰
1177 2525 1396 2600 negdlhtbere?

139 2619 334 2693 oporrrcquia
348 2619 566 2691 quodsummum
585 2619 632 2690 sit,
641 2620 716 2676 Deus
728 2629 787 2677 ast:
808 2634 942 2676 summum
1308 2615 1421 2674 CAPUT
1441 2618 1487 2674 vl.

139 2717 226 2767 autem
241 2723 300 2766 non
315 2707 380 2777 erit,
392 2709 444 2764 nisi
458 2708 648 2781 quoduuicum
663 2707 761 2767 luerit:
773 2709 943 2777 unicumau·
1032 2703 1104 2761 Dicit
1117 2703 1221 2760 88181188
1238 2703 1297 2760 ὓθο
1311 2719 1373 2761 8888
1389 2711 1418 2762 82
1433 2707 1595 2765 8188188812
1610 2710 1678 2783 (¹6).
1694 2721 1721 2769 et
1734 2714 1796 2785 pri-

140 2807 191 2856 tem
204 2813 268 2856 essa
284 2812 342 2854 non
357 2799 471 2870 poterit,
481 2797 526 2855 cni
541 2796 643 2871 aliquid
659 2796 856 2872 adoequabitur3
867 2798 943 2853 adae·
998 2808 1069 2860 mus,
1081 2801 1108 2851 et
1121 2792 1243 2850 omnium
1256 2798 1361 2862 auctor,
1377 2803 1407 2850 ει
1419 2795 1538 2852 emnium
1551 2788 1695 2869 Dominus,
1711 2811 1738 2860 et
1752 2819 1798 2861 ne·

141 2887 266 2959 quabitnr
279 2892 371 2942 autem
383 2886 440 2943 Deo
450 2886 573 2955 materia,
586 2902 648 2943 cum
658 2894 894 2944 aeternaceosetur
908 2886 943 2944 ²².
998 2882 1064 2937 mini
1082 2882 1297 2954 comparanddst
1321 2898 1384 2956 qua
1400 2899 1462 2940 mox
1485 2887 1605 2945 materia
1624 2905 1734 2964 quoqne
1748 2892 1797 2949 ad·

465 2975 578 3032 CAPUT
597 2975 630 3032 v.
962 2989 985 3068 ο
998 2968 1092 3026 scribit
1105 2970 1141 3025 22.
1157 2970 1217 3044 Ege
1236 2970 1344 3042 quidem
1359 2973 1434 3029 Deus
1448 2974 1483 3044 ³⁴,
1504 2978 1700 3037 contestabitur
1712 2981 1797 3050 Deus,

185 3064 332 3132 Seubeus,
348 3063 425 3120 beas
448 3071 503 3132 est,
519 3063 641 3132 materia,
656 3063 771 3121 materia
785 3071 827 3121 est
847 3080 853 3121 :
869 3062 946 3136 quasi
1002 3066 1030 3115 et
1041 3058 1140 3129 juravit
1158 3073 1361 3131 nonnumquam
1375 3075 1424 3131 per
1438 3064 1624 3136 semetipsum,
1642 3071 1715 3142 qued
1729 3072 1799 3129 alius

158 3149 297 3208 dirmsitaa
311 3152 449 3211 nominum
469 3151 666 3225 campumticni
684 3151 799 3217 resistat,
814 3151 837 3208 si
860 3159 947 3209 status
1001 3145 1100 3204 nonsit
1113 3145 1202 3219 qualis
1216 3145 1275 3217 ipsa
1290 3147 1382 3215 (beat.
1403 3163 1497 3219 xxxrr,
1514 3154 1559 3217 39,
1574 3155 1620 3223 dd)
1635 3174 1642 3210 ι
1655 3157 1703 3213 sed
1718 3174 1797 3216 men·

154 3237 226 3294 idem
239 3238 398 3299 vindicetur.
416 3239 458 3297 Sit
479 3249 506 3296 at
524 3247 620 3297 natura
634 3240 750 3308 diversa,
771 3239 806 3296 slt
818 3247 845 3296 et
860 3239 949 3298 lorma
1001 3235 1095 3292 dacem
1108 3250 1170 3290 eum
1185 3233 1265 3290 laciet
1278 3232 1474 3307 Hermogenes.
1490 3237 1547 3294 Erit
1561 3243 1672 3300 enimet
1687 3249 1799 3307 materia

149 3341 201 3407 qm
214 3328 320 3398 mern,
336 3327 484 3386 dummodo
500 3328 526 3367 88
542 3329 628 3400 ipsius
641 3337 727 3386 scarus
746 3344 801 3385 una
819 3329 854 3387 sir
868 3329 945 3385 rado,
1001 3321 1089 3394 qualis
1100 3321 1183 3392 Deus,
1196 3320 1305 3389 inlecta,
1323 3322 1424 3395 innata,
1437 3324 1544 3382 initium
1560 3342 1615 3385 nou
1630 3330 1798 3403 babens,ncc

148 3416 256 3474 lnoatuo
282 3418 372 3485 Dens,
387 3432 422 3472 an
446 3433 501 3474 uon
523 3425 551 3475 et
568 3420 660 3475 inuata
683 3419 819 3475 material
841 3433 949 3489 semper
1002 3411 1095 3470 finem·
1109 3410 1274 3469 0288212888
1291 3430 1298 3467 ἰ
1314 3413 1374 3486 qu
1389 3414 1492 3485 l²²5²²²²¹s
1502 3417 1562 3490 (17)
1575 3418 1643 3490 (188·
1654 3437 1797 3497 xurmv,

149 3504 227 3575 Deus,
242 3520 279 3561 nu
294 3520 352 3562 nou
367 3521 476 3577 semper
493 3516 520 3563 et
534 3505 664 3564 material
678 3506 768 3564 Ambo
783 3506 842 3562 siue
860 3505 948 3576 initio,
1002 3499 1130 3572 sderad?
1147 3508 1174 3556 et
1192 3500 1330 3572 quomode
1344 3502 1515 3574 primuscui
1529 3509 1644 3565 materia
1659 3523 1800 3573 coaetanea

151 3590 235 3651 m
249 3593 336 3652 ambo
354 3593 415 3650 siue
433 3593 496 3661 line,
512 3596 591 3652 ambo
604 3595 685 3652 etiam
704 3602 826 3653 auctores
840 3594 949 3652 univer·
1004 3590 1064 3646 cst‘l
1080 3588 1150 3645 inter
1170 3596 1323 3645 coaeuneus
1346 3597 1437 3646 autem
1452 3600 1480 3648 et
1497 3600 1714 3668 contemporales
1731 3602 1800 3662 orda

154 3683 311 3754 dotatam
325 3684 373 3755 qui
387 3682 460 3755 lecit,
469 3699 550 3756 quam
563 3684 597 3741 de
610 3699 664 3756 qua
678 3682 754 3742 lecit.
769 3685 862 3756 Neque
875 3683 949 3740 euim
1003 3694 1058 3737 non
1072 3687 1123 3748 est,
1142 3686 1188 3734 aut
1202 3676 1293 3735 2⁰8
1305 3687 1332 3736 et
1352 3682 1466 3739 materia
1481 3684 1567 3754 prima
1587 3696 1639 3745 εει.
1659 3693 1799 3766 mundi,

156 3779 237 3841 potest
250 3786 308 3830 non
322 3779 351 3828 et
371 3771 486 3829 materia
504 3771 605 3830 auctrix
624 3772 747 3830 omnium
760 3771 895 3843 deputari,
914 3771 950 3830 da
1003 3768 1100 3841 inquit,
1128 3767 1229 3826 celum
1253 3770 1331 3828 solor
1354 3770 1497 3847 (18))1εα.
1513 3777 1593 3850 xtrr)
1611 3782 1727 3853 :atquin
1745 3798 1801 3842 non

836 3893 934 3955 Variae
958 3893 1113 3957 lectiones.

188 4003 210 4041 ²¹
225 4003 289 4060 llaec
303 4005 372 4060 lan.
392 4001 454 4060 luit.
469 4002 572 4074 aiqatt.
589 4001 652 4060 Vera.
664 4003 782 4058 rectius.
797 3999 822 4038 22
836 3996 978 4072 Proposita
987 3999 1053 4055 lan.
1068 4012 1093 4079 c.
1104 3995 1156 4054 rel.
1168 3995 1193 4034 ²³
1205 3992 1258 4054 Sed
1270 3993 1333 4070 qnia
1346 3995 1368 4054 si
1384 3998 1470 4055 etalii
1485 4002 1575 4062 llltec.
1590 4007 1677 4065 Semi
1688 4011 1799 4071 oderam

163 4075 215 4144 quir
227 4074 251 4130 si
264 4074 349 4130 etalii
369 4075 470 4132 Woam.
488 4074 549 4145 Rip.
564 4073 588 4111 ²⁴
602 4071 718 4138 Etenim,
733 4079 763 4126 nt
776 4068 841 4137 dixi,
849 4071 907 4140 jam
921 4083 975 4125 uon
985 4082 1122 4139 proprium
1138 4073 1210 4150 esset
1224 4067 1287 4139 quia
1301 4067 1411 4125 alterius
1425 4082 1497 4129 esset
1511 4076 1594 4145 quod,
1604 4078 1628 4133 si
1643 4080 1716 4137 Deus
1729 4101 1802 4144 nune

164 4153 205 4209 εει,
220 4146 330 4201 unicum
345 4144 380 4199 sit
394 4159 506 4201 necesse
518 4153 570 4214 est,
592 4144 712 4199 etunius
727 4142 762 4198 sit
784 4144 853 4199 don.
873 4140 945 4213 quod
961 4141 982 4196 si
1003 4140 1087 4203 Dens,
1102 4152 1211 4194 unicum
1231 4138 1291 4194 cod.
1313 4140 1444 4198 Woower.
1461 4143 1486 4181 ²⁵
1502 4146 1563 4200 llaec
1574 4148 1646 4204 Dens
1660 4153 1737 4209 solus
1752 4159 1800 4213 lra-

167 4215 242 4271 beodo
252 4231 323 4272 unus
336 4225 387 4271 est.
401 4215 486 4274 Semi.
501 4213 814 4273 oneret.²⁶1nterrdum
829 4212 971 4268 materiam
981 4212 1047 4268 dan.
1063 4207 1087 4291 ²²
1103 4208 1190 4277 Quum
1205 4216 1306 4264 aeterna
1320 4213 1475 4269 censebitur
1489 4217 1555 4272 dun.
1573 4222 1646 4293 conj.
1660 4225 1736 4293 forte
1747 4244 1800 4300 pro

166 4301 226 4340 cum.
237 4286 342 4342 ²²Dum
353 4287 455 4343 nomini
467 4287 551 4355 ipsius
561 4286 646 4342 Semi.
657 4284 682 4322 ²⁹
692 4286 810 4356 Siquam
821 4286 957 4354 interroq.
968 4281 1046 4337 abest
1058 4295 1090 4336 tn
1106 4278 1149 4335 cd.
1161 4280 1247 4334 libert.
1264 4280 1349 4335 Senti.
1365 4286 1394 4338 ει
1408 4288 1522 4342 rectius.
1536 4287 1560 4325 ³⁰
1571 4291 1657 4348 lllncn.
1670 4300 1802 4367 conjicie-

167 4357 203 4412 ιιι
216 4359 290 4413 satra
303 4358 339 4414 sit
354 4358 437 4426 ratic;
453 4357 506 4414 alii
519 4359 601 4427 (teste
616 4361 643 4414 et
657 4356 866 4428 comprobatores
879 4355 960 4424 tan.)
975 4351 1096 4433 salvasit
1115 4350 1167 4405 deo
1185 4351 1372 4429 etauctoritaa
1386 4362 1413 4409 et
1437 4356 1662 4434 substantiaque
1681 4369 1756 4425 solus
1774 4379 1803 4427 et

167 4432 259 4497 primus
270 4437 367 4486 auctor
380 4435 430 4498 εει,
447 4436 474 4484 ει
489 4427 619 4484 Dominus
636 4428 756 4484 omnium
772 4433 914 4484 censetur..
925 4424 948 4464 ²¹
959 4422 1002 4479 Dii
1017 4423 1080 4504 alti:
1096 4420 1121 4460 22
1134 4421 1242 4477 platena
1252 4419 1337 4477 Semi.
1353 4420 1378 4461 22
1389 4421 1602 4504 Comparandns,
1617 4449 1667 4505 per
1680 4454 1742 4508 quae
1754 4457 1803 4498 m

165 4508 207 4556 att.
220 4499 338 4557 latemae
356 4514 466 4572 quoqne
479 4497 588 4557 ascribit
606 4496 793 4557 abraserat.
811 4496 920 4555 Odertd.
931 4495 956 4535 ²²
971 4494 1020 4552 lllc
1033 4493 1142 4567 quidem
1157 4492 1232 4548 Deus
1248 4490 1324 4563 apud
1338 4492 1411 4550 cord.
1835 4504 1837 4508 “

852 4593 1102 4658 Commentarius.

193 4705 249 4775 (15)
265 4706 331 4760 lloec
343 4705 418 4761 deur
432 4704 508 4760 solus
523 4703 646 4763 babendo
656 4706 708 4761 est.
719 4702 819 4758 llorum
830 4699 955 4758 Deusso-
972 4717 996 4796 ῃ
1012 4701 1069 4773 Epo
1075 4698 1191 4771 primas
1202 4700 1230 4753 et
1244 4713 1425 4757 nontrmnaar.
1436 4698 1503 4757 lllud
1516 4708 1741 4785 praedamnat
1753 4732 1803 4775 ce

164 4773 395 4846 loscompeses13
416 4776 474 4831 baec
493 4775 568 4832 solus
587 4776 673 4830 babet.
696 4777 757 4830 llic.
1012 4770 1071 4850 lanu
1081 4770 1169 4831 solus,
1184 4769 1335 4824 secundum
1344 4770 1430 4838 Lxx,
1441 4787 1572 4844 reperitur
1581 4776 1657 4835 lsaiae
1672 4798 1738 4842 xtrv
1757 4787 1803 4845 ubl

193 4847 328 4917 (ldldt'cit
338 4845 449 4902 saluum
456 4848 510 4927 lieo
524 4862 593 4917 csse,
604 4850 636 4903 at
651 4851 679 4903 et
689 4845 765 4905 solas
775 4844 823 4909 sit,
836 4842 956 4926 elocen-
1009 4842 1092 4898 editio
1106 4854 1139 4896 ex
1150 4838 1271 4923 'llebraee
1294 4841 1373 4899 babet
1385 4844 1548 4928 extendens,
1564 4850 1608 4906 cui
1622 4831 1802 4929 praemtti’rur,

162 4918 268 4974 trariurn
283 4931 335 4973 suc
353 4917 473 4990 dogmati
488 4932 598 4973 sensnm
611 4923 638 4972 et
656 4914 827 4988 ιναντιοφαεις
841 4931 869 4969 ru
884 4915 953 4972 ller-
1009 4915 1063 4993 Epo
1074 4910 1210 4993 donnanae
1224 4913 1658 4994 conrptensauttoctensomna'o.
1674 4932 1715 4986 Ad
1750 4936 1802 4991 uod

162 5001 272 5072 megene
285 4988 413 5053 ostendit,
433 4987 479 5060 qui
502 4989 588 5070 Deum
611 4987 699 5069 solum
718 4995 745 5042 et
758 4986 877 5057 primum
895 4998 954 5042 esse
1008 4981 1146 5108 etrumfbuz
1158 4982 1449 5107 allludrtductor,cnm
1462 4990 1551 5047 Deum
1568 5000 1697 5060 omnium
1711 4949 1806 5065 agetq-

158 5057 956 5212 rarssmditc'e‘ignbofflmveeligffifffioldllimpssddnme?teogffitleor:
1008 5067 1465 5200 rerquffiezrormuimoewm
1476 5132 1565 5191 eolus.
1577 5136 1698 5211 Sicapnd
1709 5146 1805 5208 leuium

157 5201 261 5273 sophiae
280 5201 396 5257 ethnica
414 5216 486 5273 penu
503 5200 702 5272 depromptum.
722 5200 782 5256 Duc
796 5212 957 5272 quippere-
1011 5212 1037 5256 c.
1083 5195 1160 5251 dlv:
1186 5195 1311 5258 Ἐξέτεινα
1324 5199 1367 5255 τιν
1382 5198 1486 5272 οὐρανὸν
1499 5205 1580 5276 μενος,
1594 5210 1631 5267 Ε)
1644 5213 1713 5271 Paul.
1734 5237 1804 5278 ew:

156 5287 214 5327 rum
233 5270 379 5344 principia,
393 5273 479 5329 Deum
498 5279 525 5328 et
543 5273 693 5340 materiam,
711 5270 850 5328 Platonem
868 5269 958 5352 adrni-
1010 5269 1025 5322 d
1040 5264 1150 5351 tarenos
1164 5266 1205 5352 cbo
1220 5271 1249 5322 od
1265 5270 1324 5351 erbo
1338 5271 1397 5327 ὡσει
1416 5269 1510 5347 diddo.
1523 5277 1590 5346 Qua
1602 5296 1665 5341 snut
1679 5290 1757 5344 etiam
1773 5295 1808 5348 rb

156 5343 241 5428 sine,
256 5357 302 5398 ura
327 5343 419 5426 docuit
441 5342 572 5428 Laertius.
592 5342 629 5426 ,ld
653 5350 741 5425 antem
760 5341 789 5397 in
812 5355 845 5398 eo
863 5354 957 5408 miror,
1010 5346 1130 5396 externis
1144 5347 1237 5433 citam
1252 5290 1300 5432 bic
1323 5345 1394 5401 eninr
1409 5344 1576 5436 auaritiam
1597 5353 1760 5441 drimilci„
1782 5364 1808 5416 nr

158 5414 678 5543 l‘tdtdmtt⁰¹⁰l⁸a¹ldt”
692 5413 830 5541 llltli
844 5411 962 5539 ibib
1015 5411 1120 5545 alata
1133 5431 1178 5536 lt
1192 5411 1274 5539 ⁸²31:
1288 5413 1479 5490 '‘²²²⁶‘·²'
1506 5418 1533 5473 ³³
1549 5419 1579 5492 2
1713 5429 1809 5509 aaa,

458 5502 468 5543 .‘
670 5525 677 5539 .
1211 5506 1232 5536 ω
1278 5524 1285 5538 .

157 5488 230 5627 ερξιιι
243 5490 361 5621 isaiam,
376 5570 401 5613 c.
415 5569 476 5627 rur,
493 5501 601 5613 εθιινρει
613 5569 715 5627 ruam,
731 5555 758 5611 in
778 5554 835 5611 baec
853 5554 935 5611 verba
952 5571 958 5612 :
1076 5503 1088 5555 ρ
1144 5502 1210 5555 W
