3840 6134
173 289 242 352 1203
710 281 753 339 tn
773 279 919 341 astutos
937 274 1161 359 denudabunt
1180 273 1288 335 orant
1753 275 1820 336 taos

167 414 277 484 Sibyllae
307 407 484 474 nominaret
513 403 847 477 aiiorum,proieruntur,
873 425 886 455 ι
913 399 1083 478 etafldem
1099 415 1241 467 uenenum,
1261 415 1414 471 nomenque
1436 399 1532 471 ipsam,
1554 401 1633 456 etiam
1648 400 1819 473 aimmeir-

169 500 274 560 simiTia
293 515 353 569 cap.
370 499 403 552 tt
417 497 508 551 habet.
1024 489 1130 554 titiani,
1154 490 1221 558 proh
1245 487 1347 560 pudori
1371 489 1508 559 appellati)
1533 488 1585 544 sibi
1612 487 1714 544 ailiniri
1745 489 1820 558 passi

205 590 277 644 Num
296 602 372 653 uero,
397 600 531 656 oppones,
551 583 718 641 acrostichis
742 582 810 647 baec,
828 583 885 655 jam
908 588 969 637 ante
1022 575 1147 632 tuissent.
1170 575 1302 631 Caeterum
1326 575 1355 631 S.
1371 575 1470 647 Epipb.
1492 576 1566 632 ilar.
1596 577 1639 645 to,
1664 574 1822 643 Quintillum

170 677 305 734 Christum
337 683 428 730 natum
452 689 468 728 a
494 672 550 729 Cic.
581 672 600 728 l.
626 687 646 726 ιι
679 669 714 726 de
741 671 836 729 Ninia.
863 670 970 725 laudata
1023 663 1247 720 hancPriscittoe
1270 671 1297 719 et
1313 664 1822 736 Nacimittae,tiontartiprophetissa·

169 765 325 823 Christiano
341 761 384 818 ΙΙ
394 761 443 816 ΙΙ
475 759 593 816 adscribi
613 758 722 830 possiti
736 759 848 829 Repono
865 777 871 812 ε
886 757 971 830 Equi·
1022 769 1081 808 rum
1096 752 1211 823 collegio
1226 762 1349 809 accenset
1361 770 1368 808 :
1378 762 1406 809 at
1420 755 1534 823 Basnag.
1551 755 1578 809 in
1592 755 1698 811 tanat.
1715 754 1818 813 Politi-

168 854 230 910 dem
245 851 336 907 Tullio
358 849 496 920 ejusmodi
518 863 638 913 muman,
654 846 763 903 nomine
778 847 900 919 Sibyllae,
916 861 968 901 ne·
1023 841 1174 897 cadeates.
1193 841 1228 896 act
1251 840 1286 895 A.
1311 841 1339 897 d.
1363 845 1430 908 200,
1445 857 1474 896 n.
1499 844 1525 898 5,
1542 842 1608 896 duas
1629 842 1757 914 ejusdem
1771 857 1819 900 no·

169 957 304 1012 quaquam
330 948 419 994 tamen
451 937 528 1007 illud,
553 937 625 1010 quod
647 945 702 992 tam
725 937 797 993 clare
821 936 969 1004 Christum,
1021 927 1103 984 minis
1130 927 1245 985 seminas
1273 928 1385 987 solerter
1413 930 1561 1005 distinguit,
1591 932 1718 1003 hancque
1740 932 1818 988 blon-

169 1029 219 1084 sed
233 1027 317 1097 aliud,
334 1028 406 1097 quod
422 1026 536 1081 obscure
551 1026 642 1081 nescio
661 1040 741 1094 quem
760 1040 854 1096 regem
868 1024 968 1080 Roma·
1021 1017 1088 1087 tani,
1112 1016 1139 1070 in
1163 1018 1284 1090 Phrygia
1310 1019 1381 1073 Asiae
1404 1020 1632 1091 Pepaaiartoram
1653 1020 1816 1092 magistram,

170 1116 212 1170 nis
227 1115 442 1187 imperitaturnm
464 1113 653 1185 praesagiebst,
680 1121 773 1169 notum
787 1111 882 1177 tuisse,
897 1111 969 1167 mul·
1022 1106 1095 1162 illam
1113 1121 1179 1162 vero
1193 1105 1349 1162 Tertulliani
1363 1109 1456 1172 nostri,
1472 1108 1500 1162 in
1519 1108 1576 1163 sola
1590 1106 1683 1164 Africa
1698 1107 1819 1175 auant,

167 1210 258 1260 torum
273 1204 400 1273 opinione
415 1202 442 1258 in
466 1202 544 1259 tatio
565 1201 684 1268 Caesare,
710 1199 783 1272 regis
798 1200 904 1255 titulum
930 1207 969 1255 ta·
1025 1197 1138 1253 Gaianae
1169 1195 1278 1263 haeresi,
1307 1203 1336 1250 ut
1369 1213 1451 1268 supra
1474 1197 1531 1266 jam
1559 1204 1712 1267 monuerat,
1743 1197 1819 1255 addi·

167 1290 222 1349 cite
250 1290 399 1358 ambiente,
428 1289 607 1361 implendum.
632 1287 666 1343 Et
684 1289 742 1357 jnm
768 1288 968 1361 percrebuerat
1020 1291 1100 1340 atam.

167 1380 248 1449 fama
262 1379 437 1450 (aitSueton.
453 1381 485 1435 in
500 1377 557 1435 tal.
573 1378 641 1434 Cas.
657 1393 682 1436 c.
697 1377 744 1448 to)
759 1379 788 1431 t.
803 1378 914 1434 Cottam
926 1378 948 1432 Χ
953 1377 974 1434 t'
1059 1373 1302 1430 blaastrosissima.
1317 1371 1422 1444 Quippe
1436 1372 1463 1427 in
1477 1375 1603 1431 virorem
1623 1374 1707 1431 choro
1721 1374 1817 1446 prinei·

166 1495 203 1511 -
213 1470 309 1523 viram
320 1468 496 1525 sententiam
512 1467 669 1534 dictarum,
682 1469 727 1532 at,
740 1468 878 1537 quoniam
890 1465 969 1524 tibris
1022 1477 1094 1532 pem,
1109 1463 1203 1532 etjam
1219 1478 1301 1535 supra
1313 1463 1427 1536 vipera,
1439 1461 1540 1535 aspidi,
1551 1471 1579 1519 et
1594 1463 1693 1535 sapato
1708 1478 1817 1536 compa·

124 1603 134 1621 ,
166 1555 304 1627 tatalibus
330 1555 481 1625 (Sibyllinis
504 1571 611 1625 nempe,
637 1569 752 1626 quorum
775 1554 926 1610 custodiam
941 1550 969 1610 et
1021 1559 1117 1606 ratam.

166 1642 365 1715 inspectionem
381 1644 428 1699 uni
453 1641 574 1715 Collegio
598 1641 649 1696 XV
671 1670 707 1682 -
728 1641 805 1696 viruli
823 1640 968 1696 demanda·
1057 1641 1107 1696 tas
1132 1645 1203 1698 erat.
1229 1638 1380 1698 Universim
1405 1639 1563 1696 mulieribus
1584 1640 1636 1695 hoe
1661 1641 1710 1711 J'us
1727 1639 1818 1696 adimit

166 1736 221 1785 ιιιιιι
237 1730 322 1786 luisse
338 1730 452 1798 constat)
463 1730 672 1793 contineretur,
682 1727 812 1797 Parthos,
823 1729 881 1784 nisi
895 1746 967 1787 are·
984 1717 1002 1792 E
1021 1726 1049 1782 S.
1070 1728 1194 1784 Paulusl
1219 1727 1280 1783 Cor.
1296 1743 1357 1797 ιιι,
1372 1728 1406 1782 at
1429 1734 1455 1783 et
1478 1743 1549 1798 seq,
1568 1729 1677 1798 garrulo
1691 1727 1755 1784 huic
1767 1743 1817 1800 qa-

166 1836 210 1890 pe,
223 1835 281 1876 aaa
295 1833 375 1889 posse
390 1818 478 1881 vinci,
491 1817 587 1873 Cesar
600 1833 653 1872 rea
669 1819 882 1889 appeltarctar;
895 1821 966 1889 quod
1021 1815 1090 1883 neri,
1106 1823 1133 1872 et
1157 1832 1248 1872 sacros
1271 1815 1387 1871 fidelium
1410 1827 1498 1873 coetus
1518 1815 1632 1872 nimium
1646 1815 1817 1872 interturba-

165 1905 239 1961 idem
253 1905 328 1959 Suet.
345 1919 407 1958 mox
427 1918 451 1958 c.
473 1907 519 1970 80,
535 1905 698 1961 luculentius
717 1905 869 1962 confirmat.
882 1907 966 1980 Atqui
1021 1911 1091 1972 turo,
1124 1905 1243 1960 districte
1276 1905 1411 1960 silentium
1448 1905 1593 1975 imponens
1621 1922 1664 1957 :r
1696 1904 1817 1960 Mulieres

92 1992 95 1996 ’
161 1993 231 2049 illud
245 1992 336 2064 ipsum
352 2008 460 2048 carmen
486 1993 626 2062 cuiusdam
641 1993 760 2064 Sibyllae,
777 1995 868 2053 divino
883 2005 965 2053 oestro
1020 2002 1109 2048 autem
1136 1994 1161 2047 in
1192 1992 1304 2049 ecclesia
1328 2001 1452 2058 uacant3
1476 2008 1530 2048 non
1559 1991 1631 2048 enim
1654 1992 1819 2063 permittitur

165 2081 287 2153 percite,
310 2079 405 2152 luisse,
419 2081 508 2136 Tullio
527 2082 687 2138 incredibile
702 2081 859 2139 videbatur:
879 2086 966 2143 «Hoc
1019 2081 1058 2137 eis
1071 2082 1155 2153 loqui,
1171 2083 1219 2138 sed
1244 2081 1364 2136 subditas
1380 2095 1441 2137 esse
1460 2080 1526 2138 uiris
1544 2081 1610 2149 suis,
1637 2089 1704 2151 eto,
1722 2100 1736 2133 a
1751 2081 1818 2137 adeo

166 2169 307 2240 scriptoris
321 2177 372 2239 est,
399 2169 540 2241 inquienti,
568 2184 624 2226 non
648 2171 760 2227 furentis
786 2171 966 2227 :adhibentis
1019 2171 1216 2242 atacinteqre
1230 2170 1351 2244 quide-rra,
1362 2169 1450 2237 idest,
1461 2168 1625 2241 ceteroquin
1640 2169 1815 2241 incorrupte,

165 2258 343 2331 diligentium,
368 2273 423 2313 non
447 2259 546 2314 insani.
570 2258 660 2329 Atque
682 2274 733 2330 ego
754 2261 864 2332 quidem
887 2261 966 2316 citius
1019 2258 1134 2316 docendi
1149 2275 1247 2312 munus
1260 2257 1313 2314 illis
1327 2259 1470 2328 permittat.
1488 2257 1554 2312 Vide
1570 2254 1640 2312 inira
1653 2257 1722 2328 Cap.
1737 2258 1815 2324 Tl'il,

165 2347 313 2404 adulatoris
327 2347 476 2416 cujusdam,
503 2347 554 2402 sibi
571 2347 686 2403 Caesaris
709 2349 822 2421 gratiam
842 2365 965 2421 aucupa·
1018 2349 1067 2406 sab
1085 2349 1138 2416 rin.
1157 2348 1269 2404 Constat
1282 2354 1371 2402 autem
1395 2362 1428 2401 ex
1447 2347 1498 2401 hoc
1512 2344 1581 2412 loco,
1605 2344 1815 2410 Tertullianum,

165 2436 229 2500 turi,
246 2431 514 2490 luissecrediderim.
540 2437 663 2506 »Neque
677 2445 770 2492 autem
785 2438 964 2494 acrostichum
1018 2451 1078 2493 oum
1110 2439 1168 2492 baec
1204 2435 1343 2503 scriberet,
1374 2437 1494 2490 nondum
1521 2433 1591 2489 inter
1622 2433 1812 2490 liontarss'stas

164 2522 218 2578 boe
228 2520 356 2578 carminis
369 2537 455 2594 genus
469 2530 534 2578 tunc
554 2522 677 2596 ignotum
703 2533 770 2590 erat,
788 2526 888 2597 quippe
907 2528 964 2596 iam
1018 2522 1109 2591 luisse,
1126 2524 1198 2595 apud
1219 2539 1288 2595 quos
1312 2523 1469 2579 mulieribus
1494 2522 1601 2592 publice
1622 2521 1815 2593 prophetandi,

165 2611 200 2668 ab
218 2609 319 2676 Ennio,
335 2611 382 2682 qui
407 2610 536 2668 Cicerone
558 2612 704 2684 plusquam
726 2617 760 2669 60
784 2616 864 2670 annis
888 2616 961 2670 anti·
1017 2628 1049 2668 ac
1064 2614 1136 2670 viros
1151 2614 1225 2683 ipsos
1249 2612 1405 2686 (indignum
1423 2610 1444 2683 i)
1459 2611 1586 2679 docendi,
1605 2610 1720 2665 incultas
1737 2609 1816 2665 etiam

167 2701 244 2772 quior
280 2709 347 2767 erat,
385 2699 592 2773 frequentatum,
630 2709 709 2774 atque
741 2702 775 2757 ab
812 2705 963 2763 eodemmet
1017 2716 1079 2758 cum
1095 2701 1193 2773 plausu
1208 2707 1449 2767 concessaerat,ut
1466 2701 1569 2769 Qaoest.
1584 2695 1820 2757 nutriti

164 2790 252 2846 Tullio
267 2790 334 2845 ibid.
347 2790 524 2846 celebratum.
1017 2789 1086 2846 libra
1120 2788 1280 2845 Tertulliani
1306 2788 1340 2846 de
1366 2790 1485 2845 Praescr.
1514 2803 1530 2842 a
1555 2787 1634 2844 nobis
1664 2787 1814 2858 praemissa,

201 2877 272 2947 Quid
294 2880 383 2935 verni
406 2878 455 2945 ais,
471 2894 506 2932 an
528 2878 693 2952 abantiquis
718 2880 842 2938 Patribus
871 2883 962 2954 spuria
1017 2877 1193 2932 0⁸lettdimus·
1485 2937 1487 2943 ,

164 2961 212 3020 iiia
224 2966 333 3020 oracula
352 2973 444 3021 contra
466 2966 574 3022 Judaeos
597 2982 628 3022 aa
647 2967 773 3038 gentiles,
789 2971 823 3026 ad
848 2987 961 3041 persua·
1052 2967 1200 3036 intereas.
1217 2965 1381 3035 baptismum
1396 2959 1567 3031 subtrabens,
1583 2963 1640 3018 sine
1655 2978 1712 3035 quo
1728 2974 1815 3020 umen

165 3052 285 3107 alendum
308 3054 365 3110 veri
384 3052 489 3109 Nessiae
502 3043 647 3110 adventum
662 3056 789 3121 adducta,
806 3066 852 3114 aut
870 3060 962 3118 verius
1014 3070 1099 3111 nemo
1118 3054 1296 3112 Christianus
1310 3051 1370 3108 fieri
1385 3063 1480 3122 Ρθῑθθῑ·

162 3155 214 3212 per
227 3141 322 3195 eadem
337 3139 389 3196 illis
408 3141 517 3198 illusum
541 3143 635 3215 luisse,
653 3146 821 3202 credamus?
835 3148 917 3218 Nesp.
933 3148 960 3205 id

162 3227 236 3284 bona
258 3228 319 3294 fide,
343 3244 394 3286 nec
417 3230 519 3300 inepte,
535 3240 628 3287 contra
655 3234 771 3305 gentiles
798 3236 961 3308 prasertim,

162 3315 263 3372 tactam
287 3315 382 3384 inisse,
397 3317 522 3372 nimirum
538 3334 591 3375 non
616 3328 645 3374 ut
660 3322 847 3378 authoritatem
864 3325 960 3394 huJus-
1054 3323 1178 3380 Constat.
1200 3323 1262 3378 Haec
1285 3320 1415 3377 sententia
1438 3319 1625 3375 haereticorum
1649 3320 1814 3388 peruersita-

160 3404 236 3460 modi
257 3405 375 3463 oraculis
398 3405 582 3479 conciliarent,
602 3409 650 3463 sed
674 3425 718 3475 ea,
747 3426 800 3480 qua
814 3412 885 3483 apud
899 3413 961 3470 illos
1012 3414 1069 3465 tem
1091 3409 1263 3467 admirantis
1287 3416 1337 3477 est,
1363 3408 1531 3480 proindeque
1550 3414 1722 3479 ιαυμαστικῦι
1743 3407 1812 3465 noci-

158 3493 218 3564 jam
236 3495 301 3548 alias
326 3495 468 3565 pollebant,
485 3497 571 3553 instar
589 3500 761 3569 arqamcrttt',
779 3509 809 3554 ut
823 3516 959 3571 vocamus,
1010 3497 1117 3569 pianda,
1139 3499 1211 3569 quad
1227 3498 1328 3553 scilicet
1343 3513 1374 3552 ex
1389 3497 1455 3568 ipsis
1473 3494 1534 3550 fidei
1550 3501 1653 3551 nostrat
1671 3496 1811 3552 elementis

160 3583 198 3638 aa
213 3582 357 3642 bominem
380 3593 528 3642 uterentur.
545 3586 580 3639 Ει
595 3586 709 3656 denique
734 3588 827 3658 primis
842 3589 896 3645 iltis
911 3591 961 3648 Ec·
1009 3587 1064 3642 tela
1077 3585 1127 3640 sibi
1143 3597 1235 3641 contra
1246 3602 1295 3642 1105
1310 3584 1442 3641 fabricate
1457 3583 1589 3639 l³b0r6¹1b

163 3668 254 3724 clesiae
275 3670 410 3734 Patribus,
437 3673 516 3726 unice
541 3672 667 3728 nimirum
688 3675 716 3730 in
736 3676 866 3746 religione
883 3693 958 3751 vera,
1049 3675 1179 3744 Obdaret,
1195 3673 1214 3727 i.
1230 3690 1253 3727 e.
1273 3675 1431 3746 pertinaces
1448 3688 1480 3728 ac
1502 3673 1690 3743 refractarios
1711 3672 1809 3728 mddst.

160 3768 271 3826 quoque
301 3764 425 3825 poterant
451 3757 544 3829 modo,
571 3763 748 3833 propaganda
774 3762 878 3830 destris,
903 3782 957 3823 non
1047 3765 1080 3820 la
1096 3767 1175 3829 acta,
1194 3777 1242 3815 seu
1256 3764 1370 3820 actione
1384 3761 1454 3832 ipa,
1472 3769 1499 3816 et
1512 3776 1594 3832 opere
1608 3761 1761 3817 exteriori.

160 3839 273 3897 uacabat
300 3842 387 3897 critici
410 3844 535 3898 examino
568 3847 702 3914 ejusmodi
725 3848 824 3919 scripta
855 3850 958 3920 dijudi-
1047 3851 1079 3908 la
1090 3853 1208 3923 effecta.
1225 3851 1358 3907 interiori
1370 3865 1478 3920 nempe,
1492 3865 1522 3905 aa
1533 3851 1697 3920 spirituaii,
1710 3851 1756 3923 qui
1770 3856 1808 3905 est

159 3940 232 3983 aare.
247 3928 338 3998 Quare
360 3937 387 3985 et
407 3932 562 4003 Hystaspis,
585 3941 612 3986 et
631 3935 763 3992 Mercurii
787 3939 960 4011 Trismepisti
1012 3939 1114 3996 Gratia
1138 3938 1369 4004 Sacramentatts,
1395 3951 1503 3992 ornnem
1523 3936 1607 3991 totins
1624 3947 1729 3993 naturae
1748 3937 1807 4004 ritu,

158 4012 246 4081 libris,
261 4017 338 4075 Actis
357 4017 454 4089 Pilati,
471 4018 631 4089 quibusdam
650 4024 821 4096 Evaapetiis,
835 4028 956 4086 otnrrium
1006 4034 1166 4099 captumque
1180 4041 1354 4097 exsuperans.

157 4103 331 4175 jamjudicio
352 4105 525 4178 apocryphis,
549 4124 603 4164 non
628 4125 688 4167 raro
702 4128 765 4168 usos
788 4113 872 4171 fuisse
894 4133 957 4175 con·
1047 4116 1280 4188 Repramittitar.
1306 4111 1468 4185 Simpliciter
1486 4128 1536 4183 pro
1560 4115 1758 4186 promittitur,
1782 4126 1808 4170 ut

159 4197 220 4250 stat.
241 4191 314 4263 Quid
329 4193 458 4250 miremur
475 4193 567 4267 igitur,
589 4198 784 4257 Tertullianum
800 4219 908 4276 quoque
923 4207 956 4262 ad
1009 4204 1110 4275 passim
1129 4208 1287 4260 retractare
1309 4217 1358 4274 pto
1384 4206 1519 4269 tractare,
1541 4201 1647 4272 aliaque
1676 4202 1806 4272 ejusmodi

159 4277 228 4336 illud
248 4280 378 4349 putatitiae
393 4282 531 4351 cujusdam
552 4283 662 4357 Sibyllae
676 4291 857 4346 acrostichum
883 4294 957 4356 allu—
1010 4279 1169 4362 composita,
1195 4308 1243 4362 pro
1269 4289 1438 4362 simplicibus
1459 4291 1557 4346 Noster
1580 4306 1717 4360 usurpare
1731 4291 1806 4346 solet

160 4366 235 4436 dere,
261 4376 288 4424 et
320 4383 371 4424 nos
400 4371 563 4442 pisciculos,
584 4371 671 4441 Ἰχθύος
701 4378 799 4445 nostri,
828 4380 957 4453 velutque
1045 4383 1177 4453 iaaqaa.
1201 4382 1352 4452 inaquam
1375 4378 1551 4450 putantalii3
1577 4379 1626 4434 sed
1650 4382 1718 4452 quid
1739 4384 1807 4436 vetat

159 4455 252 4526 magni
268 4457 370 4528 Piscis,
393 4457 501 4528 Christi,
516 4461 639 4529 aemulos,
654 4464 688 4517 ab
704 4465 798 4520 eodem
814 4469 954 4541 appellari,
1010 4469 1125 4525 retinere
1139 4470 1170 4524 in
1186 4472 1278 4540 aqua?
1296 4469 1417 4538 Namque
1430 4465 1608 4523 Tertullianus
1622 4467 1656 4522 de
1672 4469 1805 4540 baptisato

158 4542 193 4597 ad
202 4544 283 4613 eujus
297 4545 451 4617 exemplum
463 4546 596 4618 baptisma
607 4551 780 4622 suscipimus,
791 4561 818 4608 ct
828 4555 859 4610 ia
876 4561 956 4629 aquis
1010 4560 1168 4616 immersiaa
1184 4557 1311 4628 loquitur,
1335 4562 1398 4612 tunc
1411 4556 1542 4626 temporis
1556 4571 1612 4611 non
1626 4556 1655 4610 in
1676 4556 1804 4614 Aimcanis

159 4631 218 4702 ejus
232 4628 267 4685 ad
286 4629 457 4702 spiritualem
472 4635 569 4690 animae
584 4639 666 4693 vitam
680 4641 852 4697 nascimur?
870 4644 956 4701 Caete-
1007 4648 1095 4703 solum
1113 4645 1251 4717 Ecclesiis,
1268 4646 1315 4701 sed
1336 4644 1419 4700 ferme
1444 4643 1556 4699 ubilibet
1579 4644 1690 4712 usitato,
1707 4645 1801 4716 inquo

157 4710 291 4799 ”unffi
306 4721 340 4776 de
353 4720 460 4792 Sibyttts
479 4723 555 4793 plura
573 4724 656 4790 tolet,
679 4729 751 4797 apud
767 4729 868 4800 Dupin,
883 4733 953 4790 Bt'bt.
1008 4734 1162 4807 baptizandi
1176 4748 1232 4789 non
1248 4740 1353 4788 tantum
1364 4736 1397 4790 in
1407 4749 1510 4806 aquam
1520 4733 1651 4801 immitti,
1669 4732 1802 4799 sedetiam

157 4804 235 4877 Nou,
251 4808 272 4862 b
287 4807 309 4873 1,
324 4825 354 4879 p.
370 4823 406 4862 tn.
423 4813 467 4879 28,
483 4817 535 4866 etc.
560 4811 688 4879 Curcum,
703 4816 736 4871 de
755 4817 861 4890 Script.
877 4822 954 4878 Ecct.
1006 4823 1034 4878 in
1050 4839 1081 4879 ea
1096 4824 1208 4881 demitti
1222 4829 1277 4877 toto
1296 4837 1409 4894 corpore
1422 4821 1556 4877 solebant.
1571 4819 1624 4876 Sed
1640 4835 1692 4876 nos
1707 4820 1741 4877 de
1755 4821 1802 4876 boo

157 4908 184 4951 ι.
197 4895 321 4966 Sibylla,-
335 4895 466 4969 Basnagc,
483 4897 519 4953 ad
533 4901 585 4956 Aa.
599 4906 667 4957 aaa
680 4903 743 4960 Cirr.
756 4906 783 4970 t,
796 4906 876 4962 lenae
889 4909 956 4966 Vos·
1007 4911 1143 4983 baptismo
1157 4910 1231 4967 alibi.

156 4979 239 5048 sium,
263 4981 441 5050 blondellum,
462 4984 619 5056 Narckium,
644 4988 812 5062 Crassetum,
833 4994 955 5068 aliosque
1046 5002 1170 5057 Tinctus.
1200 4999 1299 5055 Noster
1324 5007 1457 5070 perpetuo
1480 5012 1529 5069 pro
1549 4997 1647 5054 Graeao
1667 4995 1799 5068 baptizare

130 5123 135 5136 ,
154 5067 256 5138 plures,
275 5069 401 5139 reperiet.
1005 5087 1112 5160 pingere
1121 5088 1167 5143 aq,

192 5156 437 5255 interstinctam
462 5160 524 5228 lide,
546 5180 628 5236 quam
641 5181 689 5237 per
713 5167 876 5240 baptismum
894 5189 953 5229 sus·
1041 5178 1185 5250 Resarqit.
1209 5174 1302 5231 Subita
1316 5176 1388 5232 enim
1412 5175 1562 5243 immersio,
1578 5182 1659 5246 atque
1682 5189 1716 5230 ex
1735 5185 1799 5244 aqna

153 5254 289 5316 sepimus,
304 5255 385 5317 atque
402 5248 516 5318 professi
528 5250 639 5318 inimus,
656 5261 872 5329 perseverand03
889 5277 951 5316 nam
1002 5263 1130 5337 baptismi
1165 5265 1291 5338 emersio,
1319 5280 1373 5321 non
1400 5280 1470 5336 eant,
1496 5280 1577 5337 quam
1605 5261 1674 5320 alias
1705 5261 1798 5317 balnea

152 5335 439 5481 ᾳιιὲιῶενιευεναυένιι
453 5355 541 5412 usqae
555 5341 587 5397 ia
600 5341 696 5410 finem,
713 5343 758 5402 bic
771 5347 866 5405 salvas
880 5350 947 5406 crit.
1001 5353 1101 5423 solent,
1117 5354 1275 5411 munditiem
1291 5354 1409 5426 corpori,
1425 5360 1453 5409 at
1466 5354 1552 5411 multo
1564 5354 1696 5424 majorem
1707 5350 1797 5408 anima

245 5441 342 5492 ·¹¹¹lv
362 5430 374 5481 ¹
398 5467 405 5480 ·
1000 5441 1136 5499 conciliat.

188 5511 339 5580 Quintilla.
360 5514 481 5572 Obscura
495 5519 660 5589 ceteroquin
676 5521 780 5591 mulier,
796 5524 847 5582 nisi
871 5528 947 5598 ejus·
1037 5533 1086 5600 da,
1100 5546 1150 5603 pro
1164 5536 1315 5604 eapropter.

1276 3194 1352 3251 Nota
1366 3191 1402 3249 ad
1416 3197 1502 3264 capot
1516 3193 1551 3248 li.
