3840 6134
114 313 170 377 sss
464 366 467 372 ,
730 309 1146 378 trnrmuuiuuoustt
1709 335 1762 401 tto

113 456 239 501 summus
273 455 388 518 megrim
418 440 472 510 sit,
500 440 547 498 cui
573 438 640 496 nihil
659 438 796 512 sdaequari
818 438 913 511 possit
929 452 953 533 q
971 439 1052 496 deum
1084 443 1237 511 ldsroionis,
1269 447 1316 519 qui
1344 450 1394 506 sub
1422 453 1573 524 Antonino,
1591 466 1658 531 turn,
1688 465 1761 536 quod

149 529 196 589 lv.
214 529 278 587 Nou
299 545 382 602 posse
404 528 485 586 etiem
510 529 565 586 duo
579 544 684 586 summa
702 542 813 601 megum
833 525 914 582 etiarn
970 532 1141 598 precesserit
1161 535 1358 604 separationem
1381 538 1453 597 illam
1472 543 1552 616 Legis
1566 558 1594 604 ct
1611 549 1760 627 Evangelii,

112 617 240 675 deducta
251 616 309 674 suis
323 615 422 675 linibus
434 617 592 676 consistere.
968 633 1049 691 quam
1063 619 1091 675 in
1114 620 1296 681 antithesibus
1323 627 1442 686 Marcion
1465 632 1568 702 primus
1593 650 1762 701 commentus

148 708 184 767 t.
200 705 231 763 Si
244 706 316 763 eninr
325 707 380 764 duo
389 722 494 764 summa
503 721 611 779 magna,
622 704 703 764 etism
718 705 796 778 plura
808 704 913 762 admitti
964 715 1020 764 est.

113 795 224 863 debere,
238 811 302 853 oum
311 795 464 862 Valentino,
480 796 525 867 qui
541 809 628 866 usque
640 794 674 850 ad
687 793 797 866 triginta
806 808 912 852 11011111
1002 796 1068 853 XX.
1088 797 1197 856 Frustra
1215 811 1305 858 nutem
1331 805 1452 878 obstrepi
1473 810 1508 865 ab
1533 811 1641 870 diuersa
1675 794 1764 892 parte,

117 883 202 953 letus,
217 900 334 943 examen
349 884 496 943 diuinitatis
504 884 610 942 eliudit.
966 886 1040 956 quod
1068 887 1188 945 Marcion
1219 893 1339 962 regulam
1371 910 1424 952 uon
1452 897 1595 971 innovarit,
1621 905 1668 962 sed
1690 917 1761 969 retro

149 974 198 1031 Vl.
210 972 302 1047 Atque
310 974 390 1043 adeo,
405 988 462 1031 nou
471 973 553 1030 modo
568 973 621 1029 duo
631 988 719 1044 pares,
735 970 783 1028 scd
793 987 844 1029 uec
852 970 913 1030 dis·
966 974 1141 1034 adulteratam
1165 981 1306 1050 recurarit,
1335 985 1459 1057 exemplo
1482 988 1565 1057 Pauli,
1584 993 1630 1064 qni
1653 995 1761 1056 Petrum

111 1061 273 1134 persedens
287 1077 368 1136 posse
380 1061 517 1119 constitui.
966 1065 1179 1135 reprehenderit,
1207 1069 1268 1140 quis
1299 1069 1326 1127 iu
1348 1071 1396 1130 illo
1421 1075 1507 1134 solum
1530 1084 1758 1144 eunuarsationen·

148 1151 207 1208 Ἧι
218 1152 315 1226 Neque
325 1166 390 1210 uero
404 1151 441 1207 illi
455 1150 618 1224 patrocinari
641 1167 740 1209 noman
754 1152 816 1221 Dei,
831 1150 912 1209 etiam
964 1152 1174 1222 reprehenderit,
1190 1171 1243 1213 non
1259 1156 1340 1216 fidem
1354 1161 1497 1220 creatoris.

111 1239 174 1297 eliis
197 1241 358 1314 permissum
371 1243 399 1297 in
414 1240 583 1315 Scripturis;
598 1239 660 1314 quie
677 1239 779 1298 tdmrco
792 1239 833 1298 eis
856 1253 912 1297 uon
1000 1239 1077 1299 xxi.
1095 1242 1206 1300 stetisse
1220 1245 1312 1318 itaque
1332 1264 1438 1322 semper
1457 1252 1535 1311 fldem
1552 1255 1581 1312 in
1604 1260 1759 1323 Creatorem

111 1330 241 1402 competit
251 1330 391 1404 possessio
405 1330 505 1387 summi
518 1331 619 1405 magni.
966 1340 993 1387 et
1006 1330 1034 1386 iu
1047 1331 1184 1388 Christum
1201 1334 1271 1404 ejus,
1295 1352 1352 1394 non
1374 1340 1455 1397 modo
1470 1343 1521 1398 sub
1543 1348 1683 1419 apostolis,
1711 1354 1760 1411 sed

148 1418 221 1476 llll
236 1420 319 1478 Porro
335 1419 461 1477 hemum
479 1419 699 1478 biarcioniurum
711 1416 754 1476 vel
768 1417 830 1474 iude
845 1431 911 1490 pro-
965 1428 992 1476 et
1005 1420 1035 1475 iu
1051 1421 1204 1492 apostolicis
1217 1424 1345 1482 Ecclesiis
1360 1445 1368 1482 ε
1383 1429 1454 1499 apud
1477 1447 1545 1503 ques
1557 1435 1688 1506 Christus,
1704 1458 1760 1501 uon

111 1507 182 1577 bari,
205 1509 278 1581 quod
309 1525 412 1568 uorum
439 1510 525 1568 Deum
547 1509 731 1582 iaciant,cum
744 1523 827 1568 verus
840 1507 913 1567 Deus
965 1507 1075 1565 alterius
1088 1509 1132 1564 dei
1146 1526 1229 1582 quam
1237 1512 1374 1571 creatoris
1383 1517 1546 1577 ostenditur.

113 1605 232 1654 mu,
247 1599 291 1655 sp,
1002 1597 1092 1653 xxrl.
1108 1597 1167 1654 Jsm
1181 1615 1246 1656 uero
1261 1603 1417 1660 naturaliter
1428 1605 1528 1664 bonum
1543 1610 1595 1668 dici
1610 1629 1663 1672 uon
1680 1633 1760 1689 posse

147 1685 532 1760 tx.1dque,otinmstsotom
547 1685 686 1761 agnitione
701 1688 912 1761 nouumdicnot
967 1687 1048 1743 deum
1072 1686 1226 1757 Marcionis,
1254 1691 1301 1763 qui
1327 1692 1361 1760 ab
1384 1692 1460 1751 initio
1491 1697 1593 1758 bomini
1606 1701 1682 1776 lapso
1704 1717 1760 1766 u'on

113 1774 186 1847 quod
213 1775 289 1832 Deus
312 1773 422 1848 ignotus
448 1791 508 1835 esse
531 1791 585 1833 non
607 1776 736 1850 potnerit,
760 1793 848 1852 neque
866 1780 914 1834 iu·
929 1737 952 1816 n
967 1775 1139 1832 succurrerit.

114 1871 214 1919 mg,
1003 1863 1106 1920 XXIII.
1134 1865 1227 1939 Neque
1253 1865 1450 1929 rationabiliter
1481 1874 1594 1946 bonum,
1623 1896 1655 1938 eo
1687 1885 1760 1954 quod

147 1952 185 2008 X.
203 1951 449 2026 Sednprimordio
463 1968 573 2027 semper
581 1955 707 2027 agnitum
722 1953 823 2028 quippe
833 1969 914 2028 quem
968 1953 1072 2011 bomini
1086 1955 1172 2025 (iuxta
1184 1956 1347 2013 Marcionem
1362 1975 1377 2015 a
1393 1961 1529 2036 sealieno)
1543 1981 1700 2028 succurrere
1716 1989 1761 2032 vo
1849 1949 1852 1956 ’

114 2040 427 2110 mimnetoonscientia,
441 2042 771 2109 etiametbuicmnouerit.
905 2084 907 2089 .
967 2041 1057 2101 luerit.

149 2129 198 2187 xt.
216 2130 340 2204 Proinde,
355 2147 417 2190 cunr
430 2131 550 2188 Deisint
568 2131 669 2201 omnia,
685 2132 912 2201 siuibilcressit,
1004 2129 1103 2186 XXIV.
1117 2130 1211 2203 Neque
1225 2134 1341 2205 perlecto
1367 2137 1478 2208 bonum,
1494 2143 1578 2213 quod,
1596 2145 1673 2214 juxta
1689 2148 1761 2213 ider.
1856 2150 1888 2211 ‚⁰

115 2217 196 2275 mum
208 2235 266 2277 non
279 2235 340 2278 esse
353 2237 434 2293 quem
449 2219 566 2278 Marcion
579 2221 681 2280 statuit.
967 2216 1082 2286 cionem,
1111 2219 1228 2276 animam
1255 2222 1339 2278 solam
1362 2225 1459 2297 salvet,
1486 2242 1541 2285 uon
1567 2246 1686 2306 carnem,
1701 2253 1762 2310 qum

148 2307 212 2364 ΧΠ,
236 2308 375 2366 orantem
390 2309 464 2366 illum
479 2311 568 2366 ,deum
590 2325 649 2367 em
672 2308 794 2368 pontimi
814 2326 913 2384 posun-
968 2314 1056 2361 tamen
1071 2306 1143 2379 apud
1156 2307 1232 2364 illum
1243 2308 1384 2381 tinguitur,
1399 2313 1433 2368 de
1444 2317 1546 2386 nuptiis
1558 2319 1670 2391 tollitur,
1685 2331 1712 2381 et
1733 2325 1762 2384 in
1874 2316 1876 2322 ⁴

114 2411 184 2467 m,
214 2396 276 2454 dille
298 2413 380 2454 causa
401 2406 491 2456 tumen
504 2413 565 2456 esse
578 2414 641 2457 eum
654 2399 817 2458 deberemus
832 2416 916 2473 argu.
968 2392 1403 2455 contessioueuominissoeuitiam
1413 2403 1527 2474 patitur.

112 2485 238 2552 mentori,
256 2487 304 2559 qni
321 2502 378 2544 rem
389 2503 444 2544 non
459 2488 580 2558 haberet,
601 2504 663 2547 cum
683 2504 727 2546 res
740 2504 823 2547 causa
837 2489 872 2545 sit
885 2496 915 2547 ut
1004 2479 1087 2540 9⁴¹0
1095 2483 1184 2544 XXV·
1200 2486 1325 2557 Proinde,
1336 2489 1423 2547 Deum
1432 2506 1485 2548 non
1500 2494 1557 2551 sola
1568 2496 1687 2558 bonitate
1701 2519 1762 2562 cen·

109 2574 150 2632 sit
166 2574 285 2648 aliquid.
969 2572 1093 2629 mudum.

146 2665 223 2722 Xlll.
237 2664 409 2739 Nequauero
423 2680 492 2739 opus
519 2683 579 2725 esse
602 2683 698 2738 parum
721 2666 835 2742 dignum
857 2669 914 2726 lieo
1004 2659 1108 2719 XXVI·
1139 2661 1236 2718 Verum
1251 2664 1286 2721 de
1302 2665 1406 2735 judicio
1428 2683 1547 2741 quoque,
1575 2675 1623 2746 qui
1646 2677 1765 2740 uindicet

112 2755 260 2826 mundum
276 2754 345 2827 ipsis
356 2755 515 2813 testimoniis
535 2755 758 2830 pbilosophorum
772 2756 877 2829 probat.
969 2758 1092 2821 [11011111.
1106 2759 1134 2806 11
1147 2751 1266 2810 domuel·

144 2843 221 2901 xli.
237 2843 296 2901 lmo
311 2843 392 2901 mam
406 2844 552 2903 minutiora
565 2844 692 2902 animalia
705 2846 915 2915 autiuuareaut
995 2837 1120 2895 ‘xxllt
1158 2841 1266 2913 Alioqui
1290 2845 1476 2913 peccatoribus
1504 2849 1607 2909 nullum
1642 2853 1764 2916 timorem

113 2931 213 2991 ludera
223 2949 231 3000 ;
242 2939 271 2991 et
285 2922 447 3006 hecquem
457 2933 508 2990 Ilei
521 2933 652 2991 cremoris
678 2935 819 3007 reprobari
832 2953 849 2990 a
863 2934 915 2991 deo
971 2924 1041 2982 f⁰l⁰·

116 3020 268 3090 nacionis,
280 3037 407 3096 quasuog
422 3023 506 3078 abluit
522 3039 589 3081 :uec
599 3022 700 3092 oleum,
713 3039 767 3095 quo
782 3039 847 3079 suos
861 3039 915 3079 un.
930 3019 954 3100 e
1003 3013 1129 3071 xxviii
1156 3015 1190 3072 Et
1213 3016 1252 3074 sic
1266 3020 1346 3076 eliam
1359 3029 1431 3080 stare
1450 3039 1504 3081 uon
1531 3044 1612 3100 posse
1640 3031 1703 3090 iidci
1716 3051 1762 3092 sa-

123 3108 206 3181 μὶμ
234 3126 282 3169 m
309 3127 420 3183 panem,
448 3126 502 3183 quo
530 3111 619 3184 ipsum
642 3127 742 3183 corpus
774 3127 853 3169 suum
869 3126 914 3167 re.
969 3113 1135 3160 crumentum
1150 3106 1294 3176 baptisma,
1309 3111 1383 3180 quod
1399 3114 1521 3170 remissio
1538 3125 1578 3172 est
1592 3118 1761 3190 delictorum,

121 3206 262 3268 preseuut
283 3200 356 3273 (boc
384 3210 426 3258 est
461 3215 580 3271 presens
611 3197 747 3269 ostendit)
771 3198 800 3256 iu
823 3214 916 3256 sacra·
969 3192 1105 3250 absolutio
1127 3194 1234 3266 mortis,
1248 3198 1428 3267 regeneratio,
1458 3205 1612 3262 consecutio
1646 3209 1763 3280 Spiritus

118 3287 224 3345 mouth.
969 3281 1063 3350 sancti,
1078 3282 1166 3357 signat
1184 3283 1300 3356 denique
1323 3295 1350 3342 et
1364 3287 1442 3357 ‚lauat
1465 3307 1473 3345 z
1493 3306 1554 3362 quae
1573 3294 1695 3352 conferre
1710 3310 1764 3359 non

147 3374 210 3432 XV.
225 3376 332 3435 Deinde
350 3375 502 3447 addit,dno
524 3375 668 3435 Narciouis
689 3391 742 3432 non
755 3392 815 3432 esse
836 3391 915 3434 suum
970 3378 1070 3442 potest,
1086 3372 1233 3444 nisiquin
1260 3373 1409 3445 primordio
1433 3379 1533 3437 creauit
1565 3381 1711 3451 bominem,
1737 3391 1766 3441 11

112 3462 195 3524 Mb
214 3467 492 3524 coelumetmundum
505 3466 617 3540 (dequo
635 3465 716 3523 latius
729 3464 857 3524 intralih.
874 3465 914 3536 u),
969 3458 1087 3515 animam
1101 3459 1127 3516 ei
1141 3459 1265 3534 contulit,
1277 3469 1304 3518 et
1322 3478 1371 3534 pro
1385 3475 1496 3535 peccalo
1510 3468 1544 3523 nd
1557 3477 1674 3526 mortem
1687 3471 1764 3528 dam·
1809 3477 1811 3481 ’

112 3565 169 3611 tum
183 3557 260 3628 quod
274 3555 312 3612 ad
325 3555 529 3629 quindecimum
543 3571 630 3628 usque
645 3554 737 3611 Severi
747 3553 917 3626 imperatoris
967 3547 1051 3606 notit·

113 3661 216 3701 annum
244 3646 311 3719 (quo
336 3645 395 3701 haeo
409 3643 552 3716 scripsisse
563 3659 593 3700 se
607 3651 700 3701 auctor
713 3643 825 3715 indicat)
839 3642 915 3701 nulla
1005 3638 1110 3695 XXIX·
1140 3639 1280 3698 Postremo
1299 3641 1443 3699 Marcionis
1464 3644 1588 3700 haeresim
1611 3647 1763 3723 impugnat,

112 3731 174 3791 talis
197 3733 351 3792 subeuntis
373 3739 510 3805 comperta
532 3733 577 3802 sit,
593 3733 735 3805 tumquod
749 3731 851 3808 alioqui
864 3747 915 3790 no-
967 3745 1020 3802 que
1035 3728 1124 3803 tingui
1150 3730 1261 3787 nolebat
1288 3730 1343 3786 uisi
1357 3731 1480 3807 virgines
1508 3745 1537 3792 et
1557 3735 1675 3805 celibes,
1705 3746 1764 3798 tum

114 3836 174 3880 rem
187 3821 258 3879 deos
267 3821 406 3895 assignare
419 3821 575 3881 censebitur
587 3821 717 3880 biarciou.
759 3868 763 3874 .
968 3818 1041 3890 quod
1054 3819 1215 3894 conjugium
1228 3820 1397 3878 benedixerit
1413 3822 1498 3890 Deus,
1509 3832 1564 3881 lum
1575 3827 1689 3897 quodsi
1698 3846 1765 3903 unp·

144 3911 221 3970 xli.
236 3910 330 3984 Neque
343 3910 419 3968 illum
438 3928 498 3970 esse
524 3911 668 3970 invisibilia
692 3910 751 3968 sole
772 3917 914 3981 operatum
968 3907 1012 3962 tie
1025 3919 1080 3963 uon
1089 3907 1152 3978 sint,
1164 3907 1291 3964 sanctitas
1302 3910 1353 3964 erit
1367 3908 1440 3964 nulla
1454 3928 1461 3965 :
1473 3912 1527 3966 imo
1539 3913 1589 3968 boc
1599 3915 1764 3974 eritaemem

111 3999 204 4070 (sicuti
225 3998 308 4061 latius
330 4000 410 4057 etism
433 4000 506 4058 dicto
521 4000 567 4056 lib.
582 4017 609 4069 u,
625 3998 914 4074 inira),sede1'usdena
970 4004 1022 4053 tem
1038 4003 1123 4051 totum
1139 3996 1246 4070 generis
1262 3997 1374 4054 humani
1387 4013 1575 4071 compescere.
1645 4022 1651 4031 ·

110 4103 172 4149 esse
185 4089 308 4147 aucmris
319 4089 439 4147 risibilis
448 4096 477 4146 et
489 4090 645 4149 inuisibilia.
1005 4083 1101 4140 XXX·
1114 4084 1247 4159 Denique,
1255 4087 1364 4159 epilogo
1373 4088 1454 4146 brevi
1464 4089 1593 4147 lectorem
1606 4091 1639 4149 ad
1650 4109 1764 4167 sequen·

143 4177 232 4237 xltt.
247 4179 283 4236 lit
296 4193 361 4236 uero
375 4194 430 4236 non
453 4177 578 4237 sulficere
592 4178 631 4234 illi
653 4178 704 4235 deo
732 4192 817 4235 unum
843 4191 913 4250 opus
969 4172 1102 4231 toslibros
1116 4181 1260 4245 preparat.
1271 4175 1342 4233 Patr.

110 4253 279 4325 liberationis
292 4266 421 4337 bominis,
436 4283 500 4326 cum
513 4267 595 4324 etiarn
605 4283 653 4339 per
668 4265 718 4322 alia
731 4280 814 4337 opera
827 4280 910 4323 seve-

111 4371 158 4413 rus
172 4355 248 4412 Deus
260 4355 441 4428 protuleritis
456 4355 588 4413 notitiam.
1128 4375 1130 4380 ·
1226 4314 1340 4374 CAPUT
1359 4319 1502 4378 PRIMUM·

144 4444 244 4501 xvm.
263 4446 422 4505 desclatum
443 4447 509 4504 item
527 4444 602 4502 illum
617 4459 672 4501 uon
685 4449 757 4502 recle
779 4442 842 4511 dici,
862 4405 948 4518 quin
1002 4437 1030 4496 Si
1043 4437 1109 4512 quid
1124 4446 1197 4495 retro
1210 4447 1318 4510 gestum
1342 4448 1384 4496 est
1402 4440 1482 4498 nobis
1497 4443 1628 4502 adversus
1642 4447 1761 4506 Mucio·

111 4549 200 4605 oeque
214 4541 311 4591 natum
325 4551 358 4592 ex
376 4535 514 4608 operibus,
524 4548 575 4592 aec
588 4531 712 4593 doctrina
725 4548 759 4591 ex
778 4532 910 4605 praedics-
964 4544 1039 4602 uem,
1049 4530 1108 4600 iam
1123 4527 1187 4584 bino
1207 4526 1306 4585 uiderit
1321 4527 1374 4600 (1).
1393 4529 1495 4585 Nouam
1511 4546 1568 4586 rem
1589 4533 1761 4605 adgredimur

111 4620 230 4680 tionibus
243 4623 437 4682 reueletussit.
965 4634 1000 4674 ox
1036 4624 1138 4674 uetere.
1173 4615 1294 4673 Primum
1339 4616 1501 4688 opusculum
1524 4620 1600 4689 quasi
1629 4634 1759 4690 propers-

147 4710 225 4768 xlx.
253 4710 352 4786 tneque
372 4713 454 4771 etiam
472 4712 501 4769 iu
520 4711 630 4769 Christo
643 4711 705 4767 lesu
720 4717 777 4767 tum
792 4712 865 4783 quod
888 4709 912 4768 is
967 4718 1024 4764 tum
1049 4708 1089 4778 (2)
1110 4706 1230 4777 pleniore
1251 4713 1346 4778 postea
1361 4706 1556 4780 compositione
1584 4707 1757 4768 rescideram.

110 4801 247 4860 reuelatus
275 4802 312 4860 sit
339 4802 400 4874 plus
430 4808 538 4860 oculum
565 4800 720 4876 quindecim
743 4798 824 4857 aunis
850 4807 913 4857 aute
967 4796 1160 4869 huncquoque
1175 4794 1296 4853 nondum
1309 4795 1478 4870 exemplariis
1492 4795 1645 4866 sullectam,
1665 4795 1762 4877 fraude

157 4929 160 4933 ss
812 4891 1063 4956 Commentarius.

144 4971 185 5040 (l)
200 4971 230 5030 st
244 4972 312 5054 quid
324 4976 401 5030 rotro
414 4975 525 5044 emtam
539 4978 582 5031 cst
596 4971 674 5032 nobit
689 4970 821 5028 moestus
836 4971 912 5028 llor-
966 4968 1058 5034 oium,
1079 4966 1160 5024 refert
1169 4967 1361 5049 Hieronymus,
1377 4983 1475 5025 comm.
1495 4967 1522 5024 in
1532 4969 1666 5026 Abdism:
1688 4989 1702 5023 u
1726 4970 1755 5027 Si

108 5043 375 5114 monendomum
383 5044 497 5101 uiderit.
509 5044 692 5101 Disertissime
713 5041 818 5098 abdicat
828 5041 909 5112 quid-
966 5039 1018 5094 hoc
1028 5037 1083 5106 ille,
1101 5049 1153 5094 tam
1168 5040 1203 5094 de
1218 5038 1293 5094 librrs
1307 5041 1341 5094 sd
1355 5038 1530 5109 Herennium,
1543 5056 1622 5114 qusm
1637 5043 1671 5099 de
1688 5043 1755 5098 rhe-

105 5112 174 5183 quid
187 5115 320 5170 aduersus
343 5114 506 5172 biarciouern
528 5124 589 5172 anto
602 5117 683 5186 hosce
694 5112 778 5169 libros
800 5128 912 5184 compo-
967 5109 1067 5177 loricis,
1103 5125 1172 5192 quos
1204 5125 1262 5192 eqo·
1275 5110 1325 5192 ⁸uel
1358 5110 1580 5191 ‘perfectissimos
1607 5122 1684 5195 puto,
1720 5113 1755 5168 ad

107 5192 210 5239 marat.
225 5183 259 5240 ld
271 5198 337 5241 sero
351 5183 434 5242 inisse
454 5201 583 5244 uersuum
598 5184 711 5258 aliquid,
725 5183 834 5240 minime
850 5199 911 5244 esse
964 5189 1190 5264 comparationem
1205 5180 1410 5309 senrlrsqerrtiae
1429 5183 1519 5239 dicere
1542 5193 1640 5256 potuit,
1654 5193 1754 5265 quanto

107 5254 260 5324 putandum
282 5256 460 5322 ostendimus,
485 5257 642 5330 prefatione
657 5256 690 5312 ad
709 5264 833 5328 poemata
846 5273 909 5340 quse
963 5267 1129 5335 magtsteqo
1142 5253 1227 5309 lubere
1250 5268 1299 5324 pro
1320 5253 1397 5311 tebor
1410 5262 1438 5310 et
1451 5254 1519 5311 illud
1531 5255 1617 5311 luisse
1644 5255 1754 5326 puerilis

107 5326 192 5399 ubo
205 5324 367 5383 Tertulliani
390 5328 500 5385 nomine
522 5329 653 5386 aduersus
673 5325 836 5383 biarcionem
851 5345 908 5388 tus·
963 5339 1077 5395 1118111111,
1094 5333 1120 5381 ol
1134 5326 1185 5381 hoc
1197 5333 1311 5381 malum
1325 5327 1481 5382 senectutis·
1504 5326 1535 5381 111
1550 5326 1624 5382 libris
1647 5338 1754 5396 quoque

104 5396 192 5465 cripta
212 5413 262 5467 pro
276 5397 452 5469 Septimianis
460 5399 570 5457 obtrudi
580 5401 676 5459 solent.
692 5399 755 5455 liro.
962 5403 1060 5453 contro
1069 5394 1239 5454 Marcionem
1255 5395 1404 5467 Septimius
1417 5397 1598 5454 Tertullianus
1612 5397 1664 5450 hoc
1681 5395 1753 5448 idern

140 5467 582 5545 lblPristsamopttrculumquosi
597 5464 907 5543 properetumducboa-
962 5481 1057 5535 passus
1079 5477 1121 5522 est
1143 5484 1149 5524 :
1169 5477 1196 5523 et
1209 5466 1257 5523 Ori
1278 5469 1385 5523 eaesis
1400 5469 1508 5525 conte.
1522 5467 1712 5529 cantieorum,
1728 5472 1756 5522 et

106 5543 164 5594 tarn
189 5547 218 5596 et
241 5540 426 5612 rnde,quslia
447 5543 559 5615 Origeni
581 5550 608 5599 et
627 5539 802 5612 Quintiliano,
823 5548 907 5607 atque
960 5535 1140 5605 Quintilianus
1154 5537 1181 5593 in
1197 5537 1233 5593 du
1271 5538 1339 5594 edm
1353 5539 1428 5594 libris
1441 5535 1636 5596 desolationis
1652 5535 1755 5594 Orom-

104 5608 190 5667 ntiatn
208 5610 299 5670 Tullio
321 5614 444 5685 quedam
465 5613 603 5673 excidisse
633 5612 661 5670 iu
688 5609 737 5668 lib.
752 5611 789 5668 ud
801 5613 905 5671 hecra·
958 5610 1022 5666 rie.
1041 5629 1056 5663 s
1074 5608 1117 5665 ln.
