3840 6134
128 345 181 406 883
478 343 700 408 mutuatum
718 344 852 410 orthod
869 342 953 405 Plus
970 341 1005 404 ll.
1026 373 1061 386 -
1079 339 1193 419 status
1210 340 1232 410 l,
1252 336 1428 402 rotantes.
1534 375 1538 381 -
1727 327 1779 390 88l

128 471 246 545 speciem
260 473 285 514 ¹³
307 470 335 529 iu
357 472 430 544 ipsas
452 474 615 531 substantias
638 475 794 547 corporales
819 472 928 547 speciali
943 485 967 567 Α
983 472 1050 528 tiant
1070 470 1099 528 iu
1121 468 1255 543 allegoriae
1269 465 1543 541 argumentationem,
1566 458 1632 534 quia
1654 457 1780 529 dando,

128 562 264 620 montione
296 562 486 632 determinant,
516 580 570 620 nou
600 569 680 620 erunt
703 564 873 642 'deducendas
900 563 928 618 in
986 561 1051 619 Ossa
1073 558 1340 620 istaomnisdomus
1354 544 1781 625 rsrmtaato‚imsqiuauaats

128 651 323 723 quaestioueml
341 651 443 724 Accipe
464 652 634 710 Ezechielem
656 652 767 727 (lineola.
790 655 929 726 xxxvult
983 651 1048 707 oerit
1058 650 1140 706 lsrael
1150 646 1425 721 (stlffletttprapria
1435 642 1586 703 conditione
1595 636 1779 704 transtuleritt

128 744 323 814 discalceat,
340 743 536 817 inquit,super
561 759 605 800 mc
627 760 733 801 monus
755 747 877 816 Domini,
903 749 933 803 et
984 746 1063 813 atque
1082 739 1119 795 ita
1141 737 1281 810 figuratam
1296 751 1367 806 esse,
1389 750 1444 793 nou
1462 747 1552 790 reram
1573 723 1780 787 resurrectionis

129 831 293 888 extulitme
307 831 341 885 in
354 833 461 904 spiritu
476 833 621 901 Dominus,
632 836 818 906 etposuitme
831 838 864 892 in
874 813 943 892 me*
983 824 1214 900 predicationem.
1234 827 1339 884 Statum
1359 824 1431 881 enim
1452 824 1608 879 ludaeorum
1622 815 1779 886 deformari,

129 919 174 977 dio
190 922 283 994 campi
293 942 302 978 :
313 922 337 977 is
351 924 415 977 erat
430 923 537 980 ossibus
549 926 681 995 refertus,
691 927 721 980 et
733 925 930 983 circumduxit
983 918 1101 991 quodam
1114 920 1196 976 modo
1210 926 1361 976 amomuum
1380 924 1406 972 et
1419 913 1557 973 exaridum
1580 920 1608 969 et
1625 909 1779 981 dispersa·

129 1025 174 1066 mc
187 1027 271 1083 super
280 1026 313 1067 ea
325 1027 378 1084 per
386 1012 557 1080 circuitum;
571 1016 599 1070 et
608 1028 671 1072 ecce
681 1014 775 1073 multa
789 1031 875 1088 saper
888 1020 931 1087 so·
983 1008 1012 1064 iu
1026 1024 1120 1082 campo
1134 1009 1219 1066 orbis.
1240 1009 1333 1080 Itaque
1353 1015 1381 1064 et
1402 1005 1549 1078 imaginem
1572 995 1777 1059 resurrectionis

129 1099 201 1156 ciem
217 1101 320 1174 compi,
336 1104 439 1157 etecce
453 1101 629 1158 aridasatis.
643 1104 678 1158 ot
692 1104 785 1160 nitod
803 1106 932 1162 merFili
983 1098 1011 1153 in
1039 1098 1116 1154 illum
1143 1097 1320 1172 allegorizari,
1345 1096 1407 1170 quia
1426 1093 1547 1165 ¹³0⁰l¹¹d¹
1574 1092 1674 1148 33333333
1693 1094 1723 1145 ‘t
1743 1101 1779 1143 33

129 1189 262 1256 hominis,
273 1192 299 1246 si
312 1191 407 1246 uiuent
419 1206 481 1248 osso
494 1190 552 1248 ista
562 1193 573 1246 l
585 1193 619 1247 ut
628 1191 709 1248 dixi:
720 1193 830 1252 Adonai
840 1193 933 1252 nomi-
984 1188 1120 1264 compingi
1135 1205 1167 1245 os
1180 1189 1213 1245 ad
1228 1205 1270 1259 os,
1284 1188 1311 1243 id
1331 1194 1373 1244 est
1394 1186 1479 1242 tribus
1497 1182 1532 1240 ad
1546 1182 1657 1248 tribum,
1682 1183 1712 1236 ct
1731 1191 1777 1247 po-

129 1290 176 1349 no,
190 1282 221 1335 tu
233 1281 296 1337 scis.
315 1282 350 1336 et
364 1280 406 1335 ait
416 1279 452 1336 od
465 1297 529 1338 me:
540 1282 679 1354 Propheta
700 1284 732 1338 in
745 1298 807 1341 osso
821 1285 889 1351 haee,
901 1287 930 1342 et
983 1279 1064 1350 pulus
1077 1278 1109 1335 ad
1125 1278 1264 1351 populum,
1281 1288 1308 1334 et
1325 1274 1493 1347 recorporari
1515 1271 1643 1330 carnibus
1664 1264 1778 1324 tamtu-

130 1365 203 1424 dices
220 1389 230 1426 .·
246 1367 311 1425 Ossa
330 1367 422 1437 arido,
443 1369 541 1427 audite
555 1387 713 1428 sermonem
728 1374 852 1432 Domini.
867 1376 930 1431 ttae
983 1376 1039 1424 tom
1063 1369 1089 1408 ³⁰
1112 1379 1139 1425 at
1162 1368 1253 1425 nervis
1268 1368 1362 1440 regui3
1378 1373 1456 1437 atque
1473 1364 1512 1420 ita
1537 1362 1571 1418 de
1595 1356 1740 1431 sepulcrm,
1754 1355 1793 1446 lt

130 1454 200 1512 dicit
211 1444 349 1514 hominus
360 1457 468 1515 Adonai
477 1458 582 1516 aradus
596 1460 759 1518 istisslieee
770 1478 818 1534 eqo
836 1463 929 1532 offero
983 1467 1023 1513 est
1050 1458 1084 1514 de
1114 1456 1273 1515 habitaculis
1303 1455 1467 1529 captivitatis
1503 1450 1666 1511 tristissimis
1704 1455 1778 1522 atque

129 1560 162 1600 tn
177 1563 223 1604 uos
236 1547 383 1619 spiritum,
396 1548 542 1612 etoiuetis,
557 1553 585 1603 et
595 1547 662 1605 dubo
677 1549 708 1604 in
722 1565 767 1606 uos
782 1550 927 1622 spiritum,
983 1546 1126 1602 teterrimis
1146 1545 1235 1615 educi,
1252 1555 1280 1603 et
1305 1544 1436 1621 refrigerii
1459 1545 1568 1600 nomine
1591 1537 1741 1611 respirare,
1756 1543 1779 1593 at

17 1654 20 1658 ·
130 1639 156 1690 et
168 1633 300 1692 reducem
312 1636 344 1690 in
358 1652 403 1692 uos
417 1634 442 1674 ²⁰
456 1652 566 1705 earnes,
576 1641 603 1692 et
622 1637 799 1696 circumdabo
817 1639 890 1697 uobis
905 1639 928 1676 33
983 1635 1077 1693 uivere
1098 1634 1196 1692 exinde
1217 1634 1245 1691 iu
1269 1643 1341 1691 terra
1367 1650 1418 1691 sua
1444 1633 1540 1691 Judea.
1569 1630 1607 1686 Et
1630 1627 1699 1700 quid
1722 1632 1778 1698 poti

106 1782 108 1786 ,
131 1729 234 1788 cutem,
245 1727 274 1779 et
286 1723 353 1780 dubo
364 1725 395 1779 in
410 1724 483 1780 uobis
493 1725 638 1796 spiritum,
651 1728 679 1782 et
692 1726 792 1783 vivetis
802 1727 836 1796 33,
848 1731 927 1785 eico·
982 1725 1062 1782 haec‘?
1077 1725 1225 1781 Morientur
1237 1725 1295 1781 sine
1309 1724 1401 1781 dubio.
1417 1724 1451 1780 Et
1470 1720 1537 1795 quid
1559 1726 1622 1792 post
1643 1717 1777 1777 mortem?

130 1812 268 1883 pacaretis
283 1811 355 1884 quod
368 1827 415 1883 epo
433 1813 577 1868 Dominus.
596 1814 632 1868 lit
648 1813 816 1886 prophetavi
829 1770 965 1874 secun·B
983 1815 1073 1885 Nulla,
1089 1813 1195 1886 opinor,
1219 1813 1401 1880 resuscitatio,
1426 1812 1450 1869 si
1479 1828 1533 1868 nou
1557 1813 1617 1868 hac
1643 1808 1699 1866 crit
1714 1807 1777 1880 ipss,

131 1898 199 1954 dum
209 1901 394 1970 praeceptum,
405 1900 433 1952 et
445 1913 506 1954 ecee
520 1916 584 1965 roe,
596 1898 664 1955 dum
677 1899 857 1973 prophetant
871 1918 931 1960 ecoe
985 1919 1045 1976 quae
1059 1902 1194 1960 Ezechieli
1208 1903 1352 1961 revelatur.
1368 1899 1423 1958 Sed
1437 1900 1509 1958 euim
1527 1908 1555 1957 et
1568 1897 1637 1954 alias
1651 1896 1777 1970 praedica·

131 1988 268 2054 maturet
280 1984 518 2044 decedebantossa
533 1988 569 2043 od
583 1990 798 2054 osso.litoidi‚et
813 2006 874 2047 ecoe
884 2007 932 2048 su·
985 2000 1029 2051 tur
1042 1991 1205 2051 resurrectio
1221 2010 1229 2048 ε
1246 2006 1312 2066 erqo
1327 1998 1354 2049 et
1375 1990 1399 2031 ³¹
1423 1989 1483 2047 haec
1505 1988 1565 2056 erit,
1586 1994 1614 2044 et
1632 1994 1736 2043 umere
1755 1983 1777 2040 in

129 2090 181 2146 per
204 2090 264 2131 osso
278 2075 368 2139 nerui,
388 2079 417 2131 et
432 2091 497 2132 coro
518 2077 657 2142 ascendit,
677 2081 707 2134 et
721 2081 931 2152 circumpositae
982 2089 1086 2147 statum
1108 2097 1168 2138 eam
1187 2080 1360 2140 iudaicarum
1375 2096 1467 2136 rerum
1488 2083 1662 2135 convertunt.
1684 2075 1738 2131 hut
1758 2071 1776 2129 si

130 2167 198 2220 sunt
209 2165 249 2221 eis
263 2164 382 2230 eutes³³,
395 2169 423 2222 et
436 2167 553 2238 spiritus
563 2167 595 2222 in
605 2168 645 2226 eis
654 2186 711 2227 non
721 2173 794 2240 erat,
805 2176 834 2228 et
843 2172 886 2227 ait
895 2169 932 2226 ed
985 2169 1036 2227 alia
1061 2176 1102 2228 est
1117 2169 1162 2227 illa
1183 2185 1263 2242 quam
1285 2168 1465 2233 defendimus,
1489 2165 1556 2222 nihil
1580 2180 1644 2223 mea
1658 2163 1774 2230 interest,

131 2272 196 2312 me:
218 2256 359 2328 Propheta
373 2257 410 2313 ad
423 2257 568 2331 spiritum,
577 2258 622 2326 fili
636 2258 775 2327 hominia·
783 2260 931 2335 propbeta,
986 2260 1050 2315 dum
1066 2259 1101 2314 sit
1114 2269 1142 2316 et
1155 2273 1301 2331 corporum
1315 2257 1488 2322 resurrectio,
1505 2255 1574 2312 siout
1588 2261 1617 2310 et
1630 2268 1723 2311 rerum
1735 2253 1775 2308 iu·

132 2349 160 2404 et
175 2345 291 2403 dieesad
306 2347 440 2418 spiritum
451 2348 531 2404 :llaec
543 2347 756 2407 dieitltominus
770 2350 880 2408 Adonai
890 2351 931 2407 :A
986 2347 1133 2404 dalcarum.
1156 2348 1289 2420 Denique,
1312 2349 1365 2405 hoc
1384 2345 1446 2420 ipso
1464 2345 1535 2418 quod
1551 2343 1720 2402 recidivatus
1732 2340 1775 2398 Ju-

132 2437 358 2507 quatuorcentis
376 2436 631 2509 ueni,spiritus,et
647 2439 765 2511 spiroin
779 2441 845 2495 istis
859 2439 933 2498 inte·
985 2436 1168 2493 daicistatus
1195 2437 1229 2493 de
1258 2435 1282 2478 33
1316 2436 1532 2509 recorporatione
1567 2438 1595 2489 et
1627 2430 1775 2491 manius·

132 2523 262 2595 comptis,
274 2526 303 2578 et
318 2524 426 2579 uiuant.
439 2525 474 2580 Ε(
486 2524 655 2596 prophetavi
677 2526 713 2581 od
727 2528 874 2597 spiritum,
888 2531 932 2585 si·
986 2525 1058 2582 done
1082 2526 1139 2599 (38)
1163 2525 1264 2583 ossium
1286 2524 1426 2600 liguratur,
1449 2524 1476 2580 id
1489 2537 1597 2597 quoquc
1618 2525 1773 2580 eventurus

135 2615 185 2666 cut
199 2612 335 2683 precepit
353 2612 437 2682 milti,
461 2616 490 2669 et
504 2612 637 2670 introivit
656 2614 688 2669 in
702 2631 734 2672 eo
747 2618 877 2687 spiritus,
902 2621 932 2675 et
986 2615 1092 2671 ossibus
1107 2616 1247 2689 probatur.
1262 2616 1323 2672 Nou
1335 2614 1406 2671 euim
1421 2604 1514 2687 posset
1527 2611 1560 2667 de
1575 2609 1684 2668 ossibus
1698 2608 1775 2683 nrm

133 2701 281 2768 uiderunt,
294 2705 322 2759 et
332 2702 525 2758 constiterunt
537 2701 562 2740 ²¹
575 2719 660 2775 super
669 2703 750 2775 pedes
765 2722 828 2762 suos
840 2706 933 2764 uolen-
986 2703 1123 2776 componi,
1139 2704 1162 2759 si
1177 2720 1232 2761 uon
1244 2703 1364 2777 idipsum
1387 2714 1414 2761 at
1427 2703 1534 2760 ossibus
1556 2708 1722 2758 eventurum
1742 2711 1776 2754 es·

135 2790 177 2845 tio
191 2806 295 2861 unoquo
314 2792 383 2847 satis
397 2788 465 2861 (36).
484 2792 519 2846 st
535 2791 628 2847 ailad
642 2810 687 2850 rue
702 2793 780 2848 :Fili
799 2793 929 2863 hominis,
986 2802 1038 2849 set.
1053 2794 1122 2850 Nam
1135 2791 1186 2851 etsi
1213 2793 1372 2868 figmentum
1394 2791 1513 2851 veritatis
1535 2790 1595 2863 (33)
1618 2789 1646 2845 iu
1666 2785 1776 2862 imagine

133 2894 196 2936 osso
210 2881 267 2935 isto
277 2882 369 2936 omnis
383 2878 481 2934 domus
493 2880 580 2937 lsrael
593 2885 643 2938 est.
659 2883 716 2955 lpsi
730 2881 849 2940 dicunt:
862 2886 935 2942 Eud
987 2891 1037 2952 est,
1059 2884 1149 2958 imago
1163 2884 1223 2957 ipsa
1240 2881 1269 2938 iu
1283 2882 1393 2940 veritate
1407 2888 1449 2937 est
1463 2880 1523 2950 sui3
1541 2893 1651 2937 ueoesse
1671 2882 1714 2934 cst
1725 2888 1776 2932 estc

134 2971 256 3023 ruerunt
270 2984 331 3023 osso
351 2970 458 3032 nostro,
477 2974 506 3025 et
518 2972 607 3042 periit
626 2987 686 3042 spes
708 2975 818 3038 nostro,
838 2975 933 3030 auulsi
987 2972 1061 3040 prius
1087 2970 1171 3029 888
1199 2970 1253 3028 sibi
1276 2987 1330 3043 quo
1349 2969 1396 3026 alii
1418 2968 1602 3041 configuretur
1627 2966 1687 3023 :de
1700 2974 1775 3022 nasot

134 3070 234 3112 sarnus
244 3052 327 3112 88?
336 3058 368 3113 in
376 3058 426 3114 eis.
434 3058 587 3130 Propterea
598 3057 734 3131 propheta
742 3059 779 3116 od
788 3076 833 3118 eos
847 3064 935 3119 :doce
951 3065 973 3145 c
987 3060 1134 3117 similitudo
1162 3075 1215 3118 uon
1243 3061 1392 3130 compertu
1417 3060 1451 3115 de
1474 3057 1549 3115 nullo
1576 3054 1708 3129 parabola
1730 3065 1775 3108 nou

63 3209 66 3215 1
135 3158 183 3217 eqo
195 3148 335 3217 patefacio
350 3147 481 3218 sepulcro
494 3150 604 3214 vestrm·
619 3152 648 3203 et
662 3147 775 3205 eveham
789 3165 834 3206 uos
843 3143 883 3208 'de
896 3167 937 3208 so.
991 3149 1124 3208 convenit.
1139 3150 1177 3205 Ita
1191 3148 1326 3220 oportebit
1339 3148 1441 3206 ossium
1456 3161 1563 3219 quaque
1577 3145 1651 3202 credi
1672 3140 1776 3200 ravist»

133 3233 246 3307 pulcris
260 3235 370 3299 uestris,
390 3235 511 3308 populus
528 3249 607 3292 meris
621 3255 631 3292 .·
646 3241 675 3294 et
689 3237 884 3296 inducamuos
897 3239 930 3294 in
983 3238 1116 3293 rationem
1143 3244 1170 3292 et
1193 3236 1397 3307 respirationem
1421 3235 1508 3306 qualis
1533 3233 1645 3304 dicitur,
1671 3232 1708 3289 de
1731 3241 1776 3300 qut

136 3326 244 3379 terrem
268 3325 375 3392 lsraei,·
399 3329 428 3382 et
446 3326 617 3397 'capnoscetis
636 3325 710 3398 quod
725 3341 772 3398 epo
792 3328 931 3387 Dominus
985 3325 1070 3399 possit
1089 3325 1202 3395 exprimi
1219 3327 1394 3381 ludaicarum
1409 3340 1498 3381 rerum
1511 3316 1670 3380 'reformatio
1695 3316 1775 3391 qualis

135 3414 299 3484 aperuerim
316 3413 341 3452 35
360 3415 489 3486 sepulcro
504 3417 606 3481 oestro,
629 3418 658 3472 et
672 3415 819 3472 eduxerim
837 3433 884 3474 uos
898 3417 932 3474 de
985 3415 1134 3490 affingitur.
1158 3416 1212 3472 Sed
1227 3415 1313 3490 magis
1328 3415 1485 3488 religiosum
1505 3419 1556 3482 est,
1582 3412 1727 3469 veritatem
1746 3407 1775 3463 da

134 3502 272 3573 sepulcris
296 3504 406 3571 uestris,
427 3504 547 3577 popalus
570 3518 669 3570 meus‚·
683 3506 711 3561 et
729 3502 797 3561 doio
819 3505 893 3564 uobu
907 3504 933 3545 ²⁶
986 3520 1044 3562 suae
1065 3504 1222 3561 auctoritate
1236 3504 1261 3544 ³³
1280 3503 1459 3576 simplicitatis
1481 3499 1602 3568 delendi,
1620 3513 1708 3571 quam
1719 3510 1775 3554 ssu·

134 3590 317 3661 spiritumet
335 3592 445 3657 vinctu,
455 3596 484 3650 et
498 3592 677 3664 requiescetis
690 3593 723 3649 in
734 3596 813 3651 terra
825 3596 930 3659 uestra,
985 3609 1034 3652 sas
1047 3594 1144 3652 diviuae
1163 3594 1355 3667 propositionis
1369 3590 1527 3663 expostulat.
1546 3589 1576 3647 Si
1590 3590 1665 3645 enim
1687 3586 1723 3645 ad
1741 3597 1777 3643 rot

137 3679 343 3749 etcopnoseetis
355 3680 426 3749 qaod
434 3695 480 3750 epo
489 3681 624 3737 Dominus
636 3679 746 3737 loeutus
756 3683 812 3739 sim
820 3685 849 3738 et
857 3684 934 3754 seoc-
985 3683 1109 3740 iudaicus
1133 3691 1267 3754 spectaret
1287 3683 1345 3738 haec
1367 3681 1447 3750 risio,
1472 3679 1561 3736 statim
1588 3676 1711 3735 revelato
1731 3674 1776 3732 situ

135 3766 204 3833 33333,
222 3766 293 3825 dicit
306 3768 452 3826 Dominus.
987 3771 1089 3827 ossium
1108 3771 1278 3842 subjecisset,
1296 3772 1363 3830 Ossa
1380 3773 1438 3828 ista
1452 3769 1543 3826 omnis
1559 3767 1659 3826 domus
1671 3762 1778 3824 israelis

421 3906 536 3964 CAPUT
557 3907 640 3967 XXX
988 3867 1046 3929 est‚·
1062 3868 1089 3917 et
1106 3869 1203 3919 caetera
1229 3858 1367 3934 deinceps.
1392 3861 1429 3916 ht
1450 3873 1511 3915 cum
1535 3854 1651 3913 ostensis
1665 3854 1776 3920 ossibus,

644 3950 652 3966 ‘
988 3950 1023 4007 de
1045 3950 1154 4023 propria
1175 3965 1223 4022 spe
1244 3964 1339 4007 eorum
1360 3946 1425 4021 quid
1448 3947 1472 3988 ³¹
1486 3944 1649 4018 obloquitur,
1665 3941 1776 4003 noudum

174 4030 369 4102 Hauoquoque
387 4031 605 4103 pradicationem
620 4035 676 4093 scio
698 4035 816 4110 qualiter
832 4053 936 4096 concu-
989 4039 1128 4096 nominato
1151 4037 1261 4109 israele,
1277 4046 1304 4094 et
1326 4036 1407 4094 iidem
1430 4043 1514 4094 tentat
1533 4034 1675 4108 prophetia
1701 4029 1778 4090 :rit

826 4136 921 4203 Variae
935 4140 1090 4204 lectiones.

175 4229 199 4268 ¹³
213 4225 296 4299 Spem
304 4230 383 4286 Pam.
399 4228 486 4287 ilben.
502 4229 528 4270 ²⁰
543 4229 597 4287 Vos
616 4230 645 4286 iu
660 4231 747 4291 ilion.
760 4234 845 4293 Semi.
861 4233 885 4274 ³¹
900 4236 930 4290 lu
948 4233 1027 4293 vobis
1041 4233 1128 4291 llbeu.
1145 4234 1230 4290 Semi.
1247 4231 1272 4271 33
1285 4231 1321 4290 iit
1332 4229 1403 4286 dabo
1418 4228 1438 4285 i.
1450 4245 1477 4286 r.
1493 4245 1517 4284 s.
1527 4236 1555 4284 et
1573 4245 1596 4287 r.
1607 4227 1626 4283 i.
1638 4245 1666 4286 v.
1682 4245 1709 4285 e.
1733 4232 1776 4280 etc.

138 4315 205 4379 cr.
221 4314 246 4353 c.
261 4309 287 4356 et
300 4299 358 4367 dli.
373 4316 402 4359 v.
417 4315 440 4356 s.
455 4299 695 4360 rivetisabsunta
714 4305 805 4363 Venet.
822 4304 847 4344 33
861 4305 963 4362 &mes
977 4305 1064 4363 iiben.
1075 4302 1133 4362 cod.
1150 4302 1251 4362 rttloe.
1268 4302 1292 4341 ²¹
1306 4303 1446 4358 Steterunt
1464 4300 1552 4358 Rhea.
1569 4300 1655 4359 Semi.
1672 4298 1698 4339 ²⁵
1711 4295 1776 4369 Ape

139 4386 180 4424 rur
195 4370 284 4429 Rieu.
299 4370 325 4409 33
339 4371 368 4427 lu
382 4384 432 4427 tos
445 4372 508 4431 olii.
525 4373 549 4412 33
565 4375 724 4439 Est,1srael,
736 4376 763 4430 in
779 4375 869 4433 Rien.
882 4378 968 4436 Semi.
983 4375 1065 4432 lsrael
1080 4373 1158 4433 estin
1172 4377 1252 4432 Pom.
1268 4374 1293 4413 33
1306 4372 1400 4429 israeli
1419 4367 1775 4431 somtlsraetisoomut.

139 4438 164 4480 33
179 4440 233 4497 Sed
247 4441 334 4500 libau.
351 4442 436 4502 Semi.
452 4443 477 4483 ³⁰
496 4443 589 4500 Carnis
603 4443 755 4503 facultatem
771 4446 858 4506 liben.
888 4448 972 4506 sint.
989 4448 1012 4487 ³¹
1027 4447 1082 4504 hut
1101 4449 1168 4504 lun.
1193 4445 1218 4486 33
1244 4444 1444 4501 Readuuatioue
1469 4446 1554 4502 Fran.
1574 4442 1776 4504 readunatione

138 4513 222 4569 Poro.
240 4513 381 4573 mendose.
392 4514 417 4554 ³³
430 4513 550 4573 Veritatc
565 4516 654 4573 liban.
670 4517 755 4574 δεεηῑ.
772 4517 806 4574 de
821 4534 871 4575 sua
886 4520 1045 4577 auctoritate
1059 4525 1086 4575 et
1095 4516 1264 4591 simplicitate
1271 4519 1338 4574 Par.
1350 4515 1375 4555 ³¹
1388 4513 1441 4585 Qui
1450 4518 1534 4573 tran

828 4615 1078 4681 Commentarius.

173 4709 230 4792 (36)
246 4710 335 4778 Super
347 4707 429 4782 pedes
450 4725 516 4768 suos
537 4711 664 4769 valentio
687 4727 789 4784 maana
806 4715 888 4771 satis.
904 4715 933 4771 lu
950 4713 1017 4808 nli.
1033 4709 1250 4784 hieronymusin
1264 4725 1325 4781 rap.
1336 4722 1438 4766 xxxvu
1451 4707 1599 4765 Ezechielis
1618 4717 1776 4792 monitorum

138 4795 227 4905 primo
241 4797 305 4837 casu
319 4785 361 4835 est
383 4795 438 4836 vox
460 4781 563 4849 isthaec,
580 4797 634 4838 uon
659 4783 685 4837 iu
709 4793 796 4840 sexto.
812 4785 931 4842 Graece:
987 4782 1213 4840 resurrectionem
1235 4783 1342 4847 evincit,
1357 4795 1391 4838 eo
1414 4780 1487 4851 quod
1502 4787 1664 4839 restauratro
1684 4780 1777 4837 ludam

161 4852 185 4904 al
200 4852 301 4908 tomam
316 4851 354 4904 inl
367 4855 417 4905 ritu
431 4854 517 4907 ποδῶν
537 4855 618 4908 αὐτῶν
636 4855 676 4908 aul
699 4854 829 4928 συναγωγὴ
851 4855 931 4924 πολλὴ
986 4853 1081 4925 populi
1095 4854 1278 4925 promittatur,
1304 4852 1484 4924 l'ulciaturque
1498 4853 1711 4921 resurrectione,
1726 4861 1777 4924 que

138 4917 244 4994 epoipa
269 4923 401 4993 Vulgatus
417 4939 425 4977 ε
441 4924 641 4998 Steteruntqae
664 4943 749 4999 super
768 4927 850 4998 pedes
870 4942 935 4985 suos
987 4925 1010 4980 si
1024 4940 1079 4979 non
1095 4935 1176 4996 esset,
1200 4939 1268 4981 vana
1282 4933 1354 4981 esset
1374 4922 1534 4996 promissio;
1550 4923 1584 4978 dc
1608 4922 1695 4980 rebus
1715 4922 1777 4978 eain

137 4996 279 5049 exereitus
293 4992 409 5065 prandia
424 4995 512 5053 nimis
523 4997 611 5055 uelde.
632 4999 681 5053 Per
694 4997 834 5054 valentiam
853 4998 934 5054 inlel—
986 5011 1040 5050 nou
1056 4996 1231 5063 exstantibus,
1246 4996 1336 5051 nullus
1357 4995 1422 5052 certi
1437 4994 1584 5067 quidquam
1607 5001 1702 5067 potest
1720 5006 1778 5069 pm·

138 5061 199 5135 ligit
218 5063 398 5120 Tertullianus
413 5066 559 5136 potentiam
589 5082 715 5141 maguam
744 5068 882 5137 copiarum
908 5076 935 5125 at
986 5066 1061 5122 baro.
1076 5066 1144 5124 Vide
1159 5067 1256 5125 locum.
1276 5067 1315 5123 Lu
1329 5067 1378 5122 l‘a.

138 5134 272 5190 exercitus
289 5138 456 5208 congregati,
481 5148 589 5197 secutus
606 5140 809 5196 translationem
831 5139 934 5213 Aquilae
1022 5139 1079 5205 (38)
1094 5139 1328 5213 recorporatione
1346 5143 1374 5195 et
1387 5136 1623 5194 redanimatione.
1640 5137 1690 5192 Est
1703 5133 1780 5208 ἂψ

137 5211 165 5258 el
180 5204 384 5332 Thlqodotionis,
400 5209 445 5281 qui
460 5210 549 5282 habet,
565 5212 666 5284 δύναμις
681 5211 784 5284 μεγάλε,
814 5213 855 5268 uis
870 5228 934 5269 rna·
985 5227 1078 5336 ἷωσξς
1097 5211 1167 5267 male
1182 5209 1331 5284 corrigunt,
1351 5207 1398 5282 qui
1421 5208 1628 5266 readunatione
1654 5210 1777 5266 scribant

163 5293 201 5332 to.
239 5293 283 5333 nc.
1008 5296 1026 5335 u
1062 5298 1090 5338 a.

136 5293 229 5418 φ(36)
245 5351 403 5421 [inopinam
413 5365 446 5407 eo
459 5353 560 5423 sacerd
576 5353 673 5408 lsrael.
689 5351 776 5406 Locus
785 5350 819 5407 de
828 5365 882 5423 quo
890 5351 937 5418 bic
1021 5351 1080 5424 (39)
1087 5354 1158 5410 Nom
1168 5354 1232 5411 etsi
1238 5353 1405 5425 dementum
1414 5351 1554 5409 ueritatis.
1565 5349 1728 5422 Exemplum
1738 5363 1782 5407 sca

136 5420 261 5492 quaestio,
277 5422 450 5493 meoiudicio
464 5438 481 5478 a
495 5421 662 5477 Tertulliano
674 5423 777 5491 optime
792 5422 825 5476 do
839 5437 934 5478 resur·
987 5423 1076 5494 potius
1087 5426 1281 5494 metaphoram,
1291 5431 1337 5480 aut
1351 5421 1565 5485 similitudinem,
1581 5422 1640 5478 vult
1661 5424 1782 5487 inuuere,

136 5492 256 5550 rectione
270 5500 437 5550 mortuorum
451 5491 650 5565 explicaturqu
686 5508 723 5547 ue
736 5491 807 5547 euim
823 5509 853 5549 ea
867 5492 933 5551 mihi
986 5510 1047 5566 quae
1070 5497 1102 5551 ad
1127 5494 1279 5566 fingendam
1302 5510 1350 5551 sou
1378 5491 1622 5566 repraesentandam
1646 5494 1784 5551 veritatem

136 5561 277 5619 allubescit
299 5562 484 5636 interpretatio
506 5577 588 5633 quam
606 5561 705 5618 relalit
729 5566 839 5628 Auctor,
875 5581 933 5624 uae·
986 5565 1136 5625 adhibetur.
1152 5566 1192 5624 tr
1206 5565 1254 5624 rs.

136 5648 188 5701 que
216 5634 399 5691 recentiorum
427 5643 468 5690 est
495 5632 552 5691 lere
578 5633 711 5692 omnium.
735 5635 796 5695 Pari
829 5581 933 5696 rafflone
