3840 6134
127 295 182 362 lib

470 296 690 368 ltltuttltttt
709 301 843 366 optabit
861 299 956 366 ruas·
973 299 1009 364 11.
1027 330 1062 347 ·-
1080 300 1195 364 statas
1214 299 1235 374 I.
1255 299 1427 367 consulat.

1718 303 1774 369 tall

129 429 164 482 at
176 425 274 484 dicos:
292 427 358 497 Qua
376 428 507 488 ascendet
521 429 546 470 ³⁴
567 434 600 488 io
623 432 736 498 coelom,
752 434 781 490 et
803 430 924 504 deponet
938 442 962 523 fl
977 429 1069 503 utique
1083 428 1206 486 docendo
1222 445 1274 502 qus
1288 427 1441 500 disciplina
1457 429 1493 486 sit
1515 430 1647 489 orandam
1668 434 1773 492 eonsti-

127 514 205 571 acbis
219 514 242 554 ³⁴
258 516 334 573 illud
343 523 371 574 et
381 519 513 576 auditam
526 521 746 593 ittudfaciemas
757 521 771 575 t
783 536 834 580 nec
845 521 924 576 altra
978 519 1037 585 tuit,
1057 534 1140 593 aquo
1153 518 1265 575 relaturi
1278 523 1371 576 essent
1393 535 1453 576 cam
1473 519 1568 578 orandi
1588 521 1773 594 disciplinam,
1833 514 1840 531 ⁸

127 618 208 661 marc
228 611 279 677 est,
300 610 335 662 at
350 607 453 666 dicus.-
476 609 542 678 Quis
567 611 772 680 transfretabit
786 615 814 667 et
831 611 923 666 sumet

129 693 204 750 illud
221 696 309 762 nobis,
324 701 353 754 et
370 699 502 755 auditam
525 701 598 759 ittad
618 703 774 773 [memori
791 702 879 772 Prope
895 703 924 758 te

129 786 172 840 est
183 784 309 851 uerbum,
323 787 356 842 ia
370 802 417 843 ore
431 793 489 854 tuo,
506 793 535 846 et
549 791 581 846 in
600 790 683 847 corde
697 792 757 855 tao,
773 792 802 845 et
816 791 849 844 io
860 805 923 847 ma·

128 875 212 930 aibas
227 878 285 932 tais
299 878 394 947 facere
408 880 494 936 itlad.
510 879 567 936 Hoc
589 878 651 936 erit.
667 881 728 938 Noa
742 879 796 944 bia,
816 895 866 937 aec
885 878 924 935 il·

131 960 186 1029 iic,·
203 980 265 1021 ecce
278 966 356 1023 caim
371 968 450 1024 intra
463 983 509 1024 vos
523 973 566 1025 est
580 984 698 1040 reprom
711 969 770 1025 Dei.
786 968 820 1023 Et
832 983 867 1023 na
881 983 923 1023 ar·

130 1060 301 1123 gumentatur
324 1055 435 1112 audeam
455 1057 590 1123 heretica,
615 1057 648 1112 de
670 1073 755 1133 regno
777 1055 922 1123 Creatoris,

129 1137 164 1194 de
179 1154 232 1211 quo
242 1143 443 1214 consulebatur,
458 1160 513 1201 non
528 1145 562 1200 de
577 1160 627 1201 suo
642 1144 815 1216 respondisse
827 1145 925 1201 cisilo·

977 607 1035 666 sive
1061 607 1269 680 reprobatricem
1298 607 1450 679 superbie,
1480 607 1536 665 siva
1559 607 1775 679 justificatricem

976 696 1145 754 humilitatis.
1156 696 1264 752 Alteras
1279 697 1330 753 Dei
1348 713 1399 754 uec
1412 698 1553 770 templum,
1570 714 1619 756 nec
1641 707 1772 766 oratores,

977 785 1170 857 necjudicium
1188 786 1295 844 invenio
1317 802 1402 858 penes
1424 786 1571 853 Christum,
1588 787 1640 842 nisi
1662 790 1775 845 Creato-

977 876 1025 932 ris.
1041 876 1117 932 Illum
1128 877 1208 946 jubet
1230 877 1343 934 adorare
1366 876 1394 931 io
1416 876 1566 933 humilitate
1588 877 1658 950 (ba),
1678 887 1709 934 ut
1733 877 1774 933 al·

978 963 1125 1021 levatorem
1148 964 1309 1034 humilium,
1331 981 1384 1022 non
1408 965 1436 1021 in
1460 965 1599 1037 superbia,
1616 974 1646 1022 ut
1662 965 1773 1023 destru-

978 1063 1079 1109 ctorem
1094 1053 1283 1126 superborum.
1304 1052 1392 1123 Quem
1411 1052 1496 1110 alium
1519 1053 1687 1110 adorandum
1707 1053 1774 1108 milri

978 1141 1119 1198 ostendit?
1133 1157 1185 1213 qua
1207 1140 1371 1212 disciplina?
1386 1156 1439 1212 qus
1460 1141 1530 1211 spel
1545 1139 1686 1197 Neminem
1711 1140 1773 1211 opi·

129 1227 243 1295 minum,
256 1232 394 1303 sequentia
408 1233 551 1289 obsistunt.
567 1235 665 1291 Dicens
680 1235 752 1291 enim
762 1235 867 1291 Filium
882 1234 927 1291 lte
979 1245 1040 1286 not.
1056 1231 1126 1287 Nam
1140 1238 1165 1286 at
1178 1246 1259 1301 quam
1271 1230 1363 1286 docuit
1387 1228 1546 1298 orationem,
1569 1227 1690 1285 Creatori
1709 1244 1774 1300 pro·

129 1319 218 1374 micis
232 1323 301 1375 onte
314 1321 408 1378 multo
422 1325 494 1397 pati,
505 1327 534 1381 et
549 1323 692 1395 reprobari
702 1326 841 1396 oportere,
857 1326 926 1378 octe
979 1319 1101 1375 bavimus
1120 1318 1275 1376 convenire.
1295 1317 1377 1374 Aliud
1390 1325 1431 1374 est
1455 1317 1478 1373 si
1492 1317 1575 1374 etism
1588 1317 1695 1375 adorari
1720 1335 1777 1390 qna

129 1404 285 1464 adveatu-m
304 1425 400 1476 suum,
415 1410 443 1465 in
464 1426 519 1484 quo
538 1418 564 1467 et
577 1427 690 1484 regnum
714 1410 927 1467 substantialiter
979 1408 1052 1464 Deus
1066 1407 1187 1481 optimus
1199 1417 1227 1463 et
1240 1407 1311 1464 ultro
1327 1407 1416 1463 bonus
1429 1420 1485 1462 non
1499 1407 1565 1463 vult.
1580 1405 1635 1463 Sed
1650 1410 1714 1479 puis
1724 1424 1775 1480 op·

129 1495 303 1563 revelabitur,
320 1514 399 1556 suum
418 1499 538 1557 ostendit
551 1508 579 1556 el
601 1516 714 1571 regnum
739 1500 774 1555 dc
796 1516 849 1571 quo
870 1514 927 1555 res·
981 1497 1079 1566 timus,
1094 1498 1153 1554 nisi
1167 1513 1253 1564 unas,
1270 1494 1455 1568 inquit‚'lleus
1466 1495 1480 1551 ‚⁹
1491 1497 1552 1552 Non
1566 1495 1645 1567 quasi
1658 1512 1691 1552 ex
1705 1497 1777 1553 duo·

130 1584 270 1655 ponderat,
286 1588 360 1658 quod
375 1589 555 1660 passionesct
569 1589 775 1661 reprobationes
783 1588 868 1658 ipsius
877 1604 926 1644 ex·
979 1586 1031 1643 bns
1044 1586 1096 1642 diis
1109 1602 1193 1641 unum
1208 1585 1339 1657 optimum
1363 1585 1518 1656 ostenderit,
1538 1585 1586 1641 sed
1608 1601 1693 1640 unum
1714 1601 1777 1642 esse

130 1675 263 1743 peetabst.
279 1675 427 1748 Reprobari
441 1686 531 1734 autem
545 1678 646 1731 hahens
660 1684 687 1731 et
701 1685 795 1746 postea
817 1675 926 1750 agnosci
980 1676 1109 1746 optimum
1125 1677 1212 1731 Deum
1226 1673 1323 1741 solum,
1339 1674 1387 1746 qui
1402 1674 1442 1730 sie
1456 1688 1526 1728 nnus
1537 1674 1572 1730 sit
1586 1673 1778 1747 optimusque

129 1770 155 1816 et
169 1763 270 1818 assumi
285 1772 311 1818 ct
332 1766 434 1830 extolli,
454 1765 536 1821 etiam
551 1765 639 1836 ipsum
654 1766 766 1821 verbum
781 1767 927 1840 reprobari
981 1765 1055 1820 solus
1073 1765 1154 1820 Deus.
1170 1765 1206 1819 Et
1221 1764 1314 1835 utique
1328 1763 1457 1835 optimus,
1473 1763 1519 1836 qui
1535 1762 1606 1832 pluit
1628 1778 1711 1836 super
1729 1763 1778 1833 ju·

129 1848 193 1906 inde
203 1852 338 1921 decerpsit
351 1853 385 1922 ³⁸,
400 1853 446 1909 ubi
460 1853 487 1908 in
502 1853 749 1927 lapidisscuigmale
759 1863 871 1928 utraque
882 1871 927 1910 ra·
982 1862 1039 1910 stus
1051 1860 1079 1909 et
1092 1853 1177 1908 solem
1192 1868 1269 1907 suum
1282 1852 1347 1909 oriri
1361 1852 1426 1908 iacit
1440 1851 1619 1922 superbonus
1637 1859 1664 1908 et
1679 1852 1778 1918 malos,

131 1937 229 1994 velatio
244 1939 305 2007 ejus
318 1942 389 2011 apud
405 1942 491 1998 David
506 1943 593 2015 (Psat.
609 1959 702 2012 cxvvt,
717 1946 763 2015 al)
784 1945 928 2001 canebatur
981 1942 1116 1999 sustinens
1130 1949 1158 1997 et
1170 1941 1246 1998 alens
1258 1952 1285 1998 et
1296 1941 1395 2011 juvans
1415 1939 1493 1996 etiam
1517 1939 1698 1998 Marcionitas.
1721 1941 1779 1996 De-

131 2026 220 2097 prima
235 2028 404 2095 recusabilis,
418 2032 535 2088 secunda
546 2033 712 2089 honorabilis
722 2048 728 2088 :
739 2036 830 2107 Lapis,
841 2032 929 2105 inquit
982 2030 1064 2103 nique
1076 2032 1258 2103 interrogatus
1271 2032 1304 2086 ab
1318 2031 1363 2086 illo
1381 2029 1497 2101 quodam
1517 2047 1523 2087 :
1541 2030 1701 2102 Praeceptor
1724 2046 1778 2102 op-

134 2129 218 2184 paeov
233 2119 647 2192 reprobaverantcedificaates‚
662 2124 717 2179 iste
730 2125 823 2194 tactus
838 2127 881 2178 est
896 2123 928 2177 ι’-ιι
983 2121 1063 2188 time,
1088 2122 1155 2194 qaid
1169 2122 1280 2193 faciens
1294 2122 1385 2177 citam
1408 2123 1544 2175 aeternam
1567 2117 1730 2190 possidebo?
1744 2119 1780 2172 de

130 2210 215 2276 capet
243 2209 354 2279 capati.
383 2211 402 2265 A
422 2211 538 2267 Domino
552 2212 664 2282 factum
682 2216 723 2267 est
746 2213 806 2269 boc.
823 2212 928 2266 Vanum
982 2210 1123 2282 praeceptis
1135 2209 1271 2267 Crantoris
1285 2224 1319 2263 an
1336 2225 1367 2264 ea
1381 2207 1469 2273 sciret,
1485 2207 1512 2262 id
1535 2218 1577 2262 est
1591 2205 1700 2273 iaceret,
1727 2222 1778 2260 ex·

131 2293 213 2363 enim,
229 2295 252 2349 si
267 2296 433 2354 credidimus
453 2299 539 2354 Deum
554 2300 588 2355 de
602 2300 764 2355 contumelia
783 2307 828 2355 aut
842 2299 927 2373 gloria
982 2298 1145 2369 postulavit,
1172 2297 1209 2354 ad
1234 2297 1440 2355 contestandum
1464 2296 1609 2368 praeceptis
1639 2296 1779 2354 Creatoris

131 2381 234 2439 scilicet
248 2384 361 2455 alicujus
377 2387 550 2459 predicasse,
567 2397 596 2444 ut
619 2403 675 2443 non
694 2389 718 2427 ³⁴
740 2404 801 2444 eum
818 2399 928 2459 porten-
981 2387 1064 2444 vitam
1085 2386 1187 2459 acquiri
1210 2385 1411 2457 sempiternam.
1431 2388 1553 2458 Cumque
1565 2384 1618 2456 ,ille
1642 2384 1781 2457 principa·

130 2470 215 2538 deret‚
233 2490 314 2546 quem
333 2475 401 2530 etin
415 2475 523 2546 lapidis,
539 2483 567 2532 et
581 2477 607 2532 in
628 2485 721 2548 petrae,
738 2486 765 2533 at
781 2479 807 2533 in
828 2477 928 2534 montis
982 2473 1050 2531 liora
1073 2490 1186 2548 queque
1213 2473 1374 2532 affirmasset
1398 2475 1557 2530 observasse
1580 2488 1609 2530 se
1632 2473 1666 2528 ab
1687 2475 1781 2530 adole·

130 2558 220 2633 figura
231 2562 296 2634 (lsa.
308 2578 368 2632 v1vv,
385 2565 413 2636 b)
423 2566 598 2636 portenderet
609 2567 644 2620 ⁴⁰.
660 2565 712 2622 Sed
733 2567 756 2621 si
772 2567 806 2621 de
821 2582 870 2622 suo
884 2568 926 2623 lo·
981 2563 1082 2619 scentia
1098 2581 1105 2619 :
1120 2566 1223 2630 Ursum,
1240 2562 1338 2635 inquit,
1355 2564 1406 2620 tibi
1420 2562 1507 2619 deest.
1526 2563 1626 2620 emata
1640 2578 1780 2635 quecea·

130 2649 223 2721 quitur
235 2653 361 2718 adventu,
378 2669 425 2710 cur
447 2669 507 2709 cnm
529 2653 626 2710 diebus
658 2656 718 2710 Noe
730 2661 756 2709 et
770 2654 839 2709 Loth
852 2669 927 2709 enm·
982 2666 1035 2723 quc
1050 2651 1131 2707 babes
1146 2651 1244 2719 accde,
1258 2656 1288 2707 et
1302 2651 1339 2707 da
1354 2652 1538 2724 pauperibus,
1554 2656 1582 2706 et
1593 2650 1702 2709 babebis
1718 2651 1782 2709 tbe·

131 2748 209 2808 parat
231 2740 308 2797 tetris
331 2749 358 2800 et
381 2742 519 2799 atrocibus
541 2744 614 2800 Deus
639 2750 666 2798 et
690 2742 760 2799 lenis
780 2750 807 2796 ct
831 2741 927 2797 mitis?
981 2754 1099 2795 scemam
1114 2740 1147 2796 io
1160 2740 1237 2806 ccelo,
1254 2743 1282 2795 ct
1295 2741 1370 2805 occi,
1387 2754 1501 2811 sequere
1515 2756 1570 2797 me.
1587 2740 1647 2812 Age
1660 2738 1780 2796 blmeioo

130 2827 187 2882 Cur
199 2828 327 2885 admonet
341 2831 496 2886 meminisse
511 2830 604 2888 uxoris
624 2831 704 2901 Loth,
720 2847 780 2904 quae
804 2845 925 2902 precep·
982 2829 1195 2899 omnesquejam
1206 2827 1418 2884 commiserones
1432 2834 1459 2882 et
1468 2826 1617 2882 coodibiles
1625 2827 1684 2896 ejus
1693 2827 1781 2884 baare

130 2924 187 2971 tum
202 2919 337 2974 Crantoris
350 2934 405 2974 non
421 2918 530 2991 impune
555 2920 729 2991 contempsit,
744 2920 837 2975 sinon
861 2934 923 2975 cum
979 2913 1037 2979 tici,
1048 2912 1113 2986 quid
1124 2913 1258 2970 audebitis
1268 2911 1383 2969 diceret
1397 2911 1483 2969 450
1491 2913 1645 2969 Resciditne
1656 2914 1782 2972 Christus

128 3005 230 3075 judicio
262 3007 338 3063 venit
367 3007 589 3065 vindicandorum
625 3017 823 3081 praeceptorum
860 3023 927 3064 suo-
943 3002 1071 3088 epriora
1094 3011 1239 3076 praecepta,
1262 3017 1316 3059 non
1339 3002 1490 3068 occidendi,
1516 3017 1571 3058 non
1595 3003 1778 3071 adulterandi,

131 3095 215 3149 rum?
235 3093 359 3150 Etiamsi
382 3095 499 3152 vindicat
520 3105 549 3153 ut
573 3106 600 3153 et
622 3096 679 3168 ille,
703 3098 727 3152 si
747 3097 849 3168 judicat
871 3112 925 3162 me,

131 3197 186 3238 nun
200 3183 293 3240 debuit
307 3199 356 3256 per
367 3183 454 3242 ⁴¹49
467 3187 529 3256 ejus
542 3188 705 3243 documenta
720 3185 837 3242 lormnre
846 3201 925 3258 quem

130 3270 260 3341 destruit,
276 3289 310 3330 ne
326 3273 371 3330 ille
384 3290 428 3330 me
443 3275 559 3331 formare
573 3275 703 3333 videatur.
722 3274 749 3331 Si
764 3289 830 3330 vero
844 3282 870 3330 et
883 3274 927 3328 hic

71 3431 78 3442 ,
130 3375 183 3416 non
199 3360 234 3418 de
248 3378 296 3419 sno
310 3361 440 3434 loquitur,
456 3362 583 3431 adventu,
598 3365 645 3418 sed
663 3364 697 3418 de
714 3362 802 3417 ludaei
815 3360 924 3426 Christi,

130 3457 320 3519 exspectemus
333 3451 415 3507 etiam
440 3467 511 3509 nnnc
526 3467 560 3507 ne
580 3451 644 3524 quid
667 3451 702 3506 de
723 3466 772 3506 sno
787 3449 924 3521 praedicet,

129 3533 203 3589 illum
218 3536 325 3593 interim
340 3553 402 3596 esse
415 3539 566 3606 credentes,
582 3555 662 3611 quem
681 3538 754 3596 omni
777 3539 837 3596 laco
851 3555 926 3611 prae·

130 3621 212 3681 dicat.

396 3715 510 3773 CAPUT
524 3717 655 3772 XXXVI.

164 3800 232 3854 Nam
242 3808 270 3855 et
277 3800 380 3857 arcodi
387 3805 627 3873 perseuerantiam
634 3809 662 3861 et
670 3804 841 3861 instantiam
847 3803 926 3875 (bac.

129 3887 211 3958 svin)
226 3888 366 3957 mandans,
383 3889 538 3959 parabolam
549 3890 656 3962 judicis
670 3893 757 3962 ponit,
773 3898 861 3950 coacti
876 3910 927 3950 cu·

130 3977 191 4032 dire
204 3976 332 4043 uiduam,
346 3979 489 4035 instantio
499 3982 527 4034 et
541 3983 751 4052 perseuerantia
761 3984 927 4056 interpelle-

129 4066 243 4121 tionum
257 4068 328 4137 ejus.
343 4066 414 4137 Ergo
427 4066 548 4136 jndicem
562 4068 651 4124 Deum
665 4070 785 4126 ostendit
794 4073 927 4127 orandum

42 4214 47 4221 ¹
129 4166 184 4208 non
198 4167 235 4220 se,
251 4153 274 4209 si
290 4168 343 4209 non
365 4153 425 4225 ipse
439 4164 479 4210 est
489 4155 583 4225 judex.
598 4155 652 4212 Sed
667 4157 815 4226 subjunxit,
829 4161 924 4230 sacta-

130 4258 197 4298 ram
210 4244 300 4298 Deum
314 4242 472 4301 uindictam
492 4245 645 4302 electorum
666 4262 793 4303 suorum.
811 4246 839 4301 Si
861 4262 925 4319 ergo

82 4396 85 4401 ¹
129 4331 189 4400 ipse
201 4330 252 4388 erit
264 4331 358 4401 judex,
369 4333 416 4405 qui
431 4341 458 4390 et
473 4333 580 4390 vindex.
591 4334 749 4392 Creatorem
759 4352 825 4409 ergo
835 4337 929 4393 melio·

131 4434 189 4474 rem
204 4420 289 4476 Deum
306 4422 439 4492 probavit,
454 4438 537 4494 quem
560 4423 707 4479 electorum
727 4439 839 4481 suorum
864 4425 926 4484 clo-

129 4511 276 4566 maotium
290 4510 327 4567 ad
340 4527 406 4569 eum
416 4512 459 4568 dic
473 4515 598 4570 acoocte
608 4513 743 4569 vindicem
753 4513 881 4569 ostendit.
896 4514 928 4571 tn

131 4606 229 4665 amera,
245 4602 443 4671 eumtamplum
454 4602 590 4658 Creatoris
612 4601 724 4673 inducit,
741 4603 843 4659 etduos
858 4605 928 4660 ado-

129 4696 219 4744 rantes
234 4687 337 4743 diversa
351 4695 441 4743 mente
469 4688 598 4745 describit
611 4689 776 4746 Pharisteum
792 4690 819 4745 ln
835 4705 929 4762 super·

129 4775 183 4845 bia,
199 4776 375 4832 Publicanum
391 4775 418 4830 in
441 4775 599 4846 humilitate,
625 4776 741 4849 ideoque
761 4777 872 4834 alterum
887 4795 930 4835 re·

130 4864 398 4936 probatum,alterum
409 4863 585 4933 iustificatum
593 4864 767 4923 descendisse
776 4867 930 4939 (caesam

980 3094 1170 3159 coniurandi,
1191 3108 1246 3148 non
1262 3090 1360 3148 falsum
1377 3090 1502 3162 testandi,
1527 3090 1658 3164 diligendi
1675 3103 1781 3162 patrem

979 3190 1006 3239 et
1019 3181 1160 3237 matrem?
1177 3180 1221 3236 Aa
1236 3182 1259 3219 ⁴¹
1275 3188 1302 3236 at
1319 3179 1366 3235 illa
1380 3180 1506 3244 servavit,
1529 3187 1559 3235 et
1577 3179 1651 3252 quod
1673 3183 1776 3247 deerat,

978 3269 1099 3341 adjecit?
1113 3285 1269 3342 quanquam
1283 3278 1310 3324 et
1324 3269 1376 3323 hoc
1391 3276 1555 3341 praeceptum
1570 3268 1723 3341 largitionis
1749 3270 1778 3326 in

978 3371 1082 3429 egenos
1096 3356 1195 3429 ubique
1217 3355 1349 3412 diliusum
1373 3357 1408 3410 sit
1425 3356 1453 3411 in
1477 3358 1552 3430 Lege
1575 3363 1602 3412 et
1621 3359 1778 3429 prophetis,

979 3446 1018 3502 uti
1033 3445 1244 3519 gloriosissimus
1266 3445 1312 3500 ille
1325 3446 1483 3503 observator
1509 3453 1706 3517 praeceptorum
1732 3464 1780 3517 pe

979 3535 1087 3592 cuniam
1118 3533 1202 3590 multo
1228 3533 1380 3589 chariorem
1414 3532 1552 3590 habiturus
1579 3535 1777 3590 traduceretur.

980 3623 1088 3681 Salvum
1103 3632 1144 3678 est
1158 3621 1242 3694 igitur
1254 3632 1282 3677 et
1295 3622 1347 3678 hoc
1359 3625 1385 3678 in
1395 3621 1662 3695 Evangeliofflattb.
1670 3639 1698 3690 v,
1711 3624 1775 3694 lt):

980 3713 1040 3770 ll'oo
1054 3712 1120 3769 ceci
1129 3711 1277 3768 dissolvere
1291 3713 1387 3783 bapem
1400 3715 1429 3768 et
1443 3711 1603 3784 propbetas,
1620 3712 1667 3768 sed
1678 3713 1780 3784 petias

979 3800 1146 3874 adimplere.
1176 3799 1261 3855 Simul
1283 3808 1310 3855 et
1332 3806 1431 3856 caetera
1453 3799 1618 3855 dubitatione
1642 3800 1779 3869 liberavit,

979 3889 1176 3946 manitesvando
1199 3890 1280 3945 unius
1297 3903 1356 3945 asse
1372 3897 1399 3944 et
1422 3888 1470 3943 Dei
1489 3903 1588 3944 nomeu
1612 3897 1640 3944 et
1664 3889 1777 3960 optimi,

979 3992 1008 4040 et
1021 3982 1102 4038 vitam
1123 3991 1262 4046 aeternsm,
1286 3988 1314 4035 et
1330 3981 1488 4036 thesaurum
1501 3979 1529 4034 in
1543 3979 1624 4049 eoelo,
1638 3987 1665 4035 et
1678 3988 1779 4037 semet·

979 4071 1087 4144 ipsum3
1114 4070 1192 4139 cuius
1210 4076 1343 4140 praecepta
1377 4068 1528 4140 supplendo
1556 4075 1584 4125 et
1608 4069 1780 4125 consecravit

979 4167 1007 4216 et
1020 4160 1094 4215 auxit
1109 4176 1116 4213 ι
1132 4158 1280 4215 secundum
1294 4157 1432 4214 llichaeam
1451 4172 1560 4229 quoque
1583 4157 1636 4212 hoc
1653 4156 1715 4213 loeo
1735 4174 1781 4214 re·

981 4249 1204 4320 cognoscendus,
1227 4248 1361 4304 dicentem
1386 4248 1433 4316 (vs,
1455 4246 1511 4316 8):
1537 4246 1567 4303 Si
1587 4248 1780 4304 annuntiavit

983 4338 1036 4394 tibi
1051 4338 1130 4394 bomo
1146 4336 1213 4410 qaid
1226 4336 1329 4395 bocum
1344 4339 1397 4391 cat
1408 4332 1509 4407 quida
1529 4338 1556 4390 tc
1570 4335 1707 4392 Dominus
1728 4351 1780 4390 ec-

982 4427 1084 4500 quirit‚
1104 4444 1191 4500 qaam
1205 4428 1299 4497 facere
1313 4424 1470 4497 judicium,
1487 4424 1605 4495 ditipere
1619 4425 1781 4480 misericor·

982 4517 1101 4580 dirimet
1111 4518 1246 4588 paratum
1256 4529 1313 4569 esse
1327 4515 1406 4584 sequi
1415 4513 1568 4568 Dominam
1575 4514 1663 4569 Deam
1673 4512 1782 4569 tuam?

982 4603 1017 4659 Et
1029 4605 1112 4660 homo
1126 4601 1198 4658 enim
1217 4601 1342 4656 Christus
1355 4600 1519 4656 annuntians
1537 4600 1602 4672 quid
1616 4601 1652 4655 sit
1666 4603 1780 4670 bonum,

982 4690 1122 4749 scientiam
1136 4691 1205 4764 legis
1220 4708 1227 4745 :
1243 4692 1400 4762 Praecepta,
1411 4690 1507 4762 inquit,
1524 4689 1599 4746 scis?
1613 4687 1702 4745 iacere
1709 4690 1782 4759 iudi·

982 4779 1076 4836 cium:
1096 4779 1195 4844 Vende,
1211 4777 1310 4851 inquit,
1327 4793 1390 4850 pace
1407 4778 1488 4834 babes
1498 4797 1508 4846 ;
1522 4777 1639 4851 diligere
1653 4779 1677 4817 ²⁴
1698 4779 1782 4834 mise·

983 4866 1127 4924 ricordiam
1152 4885 1159 4922 ι
1185 4869 1220 4923 Et
1239 4867 1284 4935 da,
1314 4866 1412 4941 inquit,
1437 4869 1545 4940 epacta
1574 4876 1697 4938 paratum
1721 4882 1783 4922 esse

821 5018 917 5082 Variae
936 5022 1091 5083 lectiones.

166 5148 191 5186 ³⁶
205 5146 333 5204 Ascendit
348 5149 435 5207 Semi.
445 5150 468 5188 ³⁴
476 5149 592 5222 Deponit
609 5150 720 5208 Obortis.
729 5151 754 5191 ³⁴
767 5150 906 5223 Excerpsit
914 5151 953 5209 ut.
970 5150 994 5191 ³⁴
1008 5151 1069 5207 Non
1083 5158 1112 5207 ut
1123 5152 1209 5210 Semi.
1218 5153 1244 5191 ⁴⁰
1258 5151 1434 5209 Portendcrat
1450 5151 1560 5210 Obertb.
1576 5151 1783 5210 ⁴⁴2lnnelllteo.

130 5219 155 5260 ⁴²
170 5219 257 5293 Dilige
273 5221 357 5278 Scml.

818 5320 1067 5387 Commentarius.

165 5453 223 5522 (52)
233 5454 321 5510 litum
331 5453 415 5525 jubet
427 5451 547 5509 adcrme
562 5450 779 5517 inhumanitate,
793 5457 844 5507 alo.
856 5451 932 5508 attu-

131 5522 196 5578 dere
211 5523 436 5579 mihivideturad
451 5521 515 5577 illud
526 5521 626 5577 Christi
641 5538 648 5575 :
668 5523 764 5580 Omna
775 5525 822 5596 pai
837 5539 865 5581 se
881 5524 930 5583 itu·

131 5593 228 5652 militm
242 5594 422 5659 alterabitur,
436 5598 464 5653 et
485 5593 535 5666 poi
557 5609 586 5651 sc
600 5593 712 5652 exaltat
730 5595 929 5654 humiliabitur

984 5456 1095 5526 (blattb.
1111 5471 1192 5524 xvsti,
1208 5456 1254 5525 b);
1271 5456 1327 5513 sive
1340 5455 1373 5511 ad
1393 5456 1466 5511 aliud
1484 5455 1581 5514 cantici
1595 5455 1687 5513 blariae
1703 5475 1710 5510 ι
1735 5461 1785 5514 lte·

984 5528 1079 5600 posuit
1092 5531 1223 5600 potentes
1237 5528 1272 5582 de
1285 5528 1419 5596 sedc(hoc
1435 5536 1477 5583 est
1492 5526 1744 5598 euirndestrnere),
1755 5533 1785 5583 et

984 5599 1125 5657 exaltarit
1141 5599 1209 5669 (siva
1222 5597 1356 5667 allevavit)
1380 5598 1500 5656 baratles
1516 5599 1593 5665 (bac.
1611 5613 1631 5663 t,
1647 5601 1693 5656 tte.
1712 5600 1782 5657 rav.
