3840 6134
140 341 192 404 175
477 338 702 401 Tsshthhhlarll
720 334 855 401 ovhbhtt
874 332 958 396 PARS
978 332 1011 392 ll.
1042 365 1076 377 -
1096 332 1212 395 stultis
1228 334 1250 405 l,
1271 334 1445 400 voethim.
1735 340 1787 401 176

137 474 211 528 sunt.
228 466 263 525 Et
284 466 309 527 si
326 466 409 526 fldem
430 462 623 525 Gommsnumi
646 464 671 504 44
688 462 804 521 voluerit
825 458 935 517 haereti-
991 461 1065 516 maai
1079 459 1152 530 (Act.
1169 476 1230 529 aar,
1247 464 1290 532 ta,
1306 462 1371 535 tt);
1386 460 1502 521 fidentes
1520 463 1630 532 scilieet,
1645 465 1788 537 passiones

137 574 186 616 cus
206 557 255 631 (l),
279 556 456 614 instrumenta
479 554 585 627 imperii
601 554 756 628 loquentur,
775 558 806 608 ut
828 548 934 624 lapides
991 546 1023 603 ad
1038 549 1202 608 voluntatem
1225 551 1277 608 Dei
1295 552 1438 624 pertinere.
1455 552 1517 609 Non
1532 551 1603 609 enim
1618 548 1787 613 dehortatio

136 647 295 705 Jerusalem.
311 642 387 703 Vitas
401 643 538 700 cesarum
552 642 668 717 legimus
680 661 688 709 ;
700 640 833 699 orientem
852 638 933 696 fidem
989 638 1031 694 nis
1046 638 1169 708 consilio,
1184 640 1233 696 sed
1255 640 1404 698 dilectionis
1426 641 1543 699 retinere
1560 648 1731 702 tentaverant
1750 642 1786 713 ³⁸,

136 737 231 794 Rornae
252 733 357 806 primus
387 734 461 791 Nero
493 732 651 791 cruentavit.
673 733 749 790 Tunc
778 731 874 786 Petrus
900 729 934 784 ab
988 736 1017 784 ut
1032 730 1189 801 Apostolum
1203 729 1398 802 desiderantes,
1423 746 1477 788 non
1500 739 1531 788 ut
1545 733 1703 806 martyriam
1726 731 1787 790 dis·

135 824 220 881 altero
242 822 371 896 cingitur,
391 837 451 877 curn
470 820 544 879 οιιιιί
562 820 725 894 astringitur.
745 821 822 878 Tunc
836 817 935 874 Paulus
989 817 1144 875 suadentes.
1158 819 1237 890 Quod
1247 819 1270 876 si
1284 821 1342 892 jam
1352 827 1416 877 tunc
1429 821 1559 880 Prodicus
1573 831 1620 879 ant
1631 823 1787 880 Valentinus

136 910 252 970 civitatis
271 926 390 970 romanae
408 910 580 984 consequitur
603 910 782 982 nativitatem,
801 924 862 965 cum
879 904 935 963 illio
990 907 1142 975 assisteret,
1169 924 1332 982 suggerens,
1349 925 1403 965 non
1427 910 1549 968 interris
1572 927 1632 970 esse
1650 912 1787 971 confiten-

136 1000 260 1074 martprii
286 999 437 1058 renascitur
463 998 654 1072 generositate.
684 1000 748 1055 llaec
773 997 936 1068 ubicumque
989 996 1054 1050 dnm
1070 996 1094 1036 44
1110 996 1182 1069 apud
1202 998 1325 1056 homines
1340 1002 1398 1071 (8),
1414 998 1504 1055 minus
1525 1015 1599 1069 vero,
1616 1016 1650 1058 ne
1665 1001 1691 1040 ⁴⁰
1712 1002 1787 1058 Deus

133 1090 192 1161 iam
213 1090 319 1165 legero,
343 1089 400 1162 pati
421 1088 513 1162 diseo;
528 1104 579 1147 nec
593 1104 653 1144 mea
672 1089 785 1145 interest
798 1100 866 1158 quoa
889 1100 934 1141 ae·
990 1086 1138 1141 humanum
1167 1085 1331 1163 sanguinem
1357 1087 1440 1157 sitiat,
1468 1105 1519 1147 nee
1548 1088 1672 1146 Christus
1697 1089 1786 1148 vicem

135 1198 203 1253 quar
221 1179 343 1253 martyrii
361 1178 515 1256 magistros,
538 1192 671 1235 sensusne
694 1191 729 1231 an
754 1170 832 1232 aba
847 1172 935 1230 esitus
988 1174 1132 1246 passionis,
1147 1175 1225 1249 qnasi
1238 1185 1265 1234 et
1285 1176 1343 1250 ipse
1362 1177 1396 1235 de
1412 1193 1446 1235 ea
1460 1179 1576 1237 salutem
1594 1189 1787 1239 consecuturus

135 1268 349 1341 Apostolorum
366 1267 419 1325 nisi
436 1267 509 1341 quod
524 1271 551 1323 ct
565 1280 660 1324 sensus
682 1264 709 1321 in
724 1262 840 1321 exitibus
854 1276 933 1321 reon·
987 1271 1131 1336 exposcat;
1148 1264 1237 1323 statim
1263 1266 1382 1324 audisset
1397 1283 1413 1324 a
1428 1283 1507 1328 servo
1522 1268 1580 1338 Diri,
1601 1269 1673 1343 quod
1688 1269 1787 1328 audie·

132 1373 245 1433 gnosoo.
264 1357 338 1415 Nihil
362 1357 435 1414 enim
459 1357 532 1429 passi
552 1355 676 1426 fuissent,
692 1353 767 1428 quod
788 1368 843 1410 non
858 1351 934 1426 prins
987 1360 1027 1409 rat
1043 1368 1059 1408 a
1076 1353 1191 1412 llonrino
1210 1353 1335 1413 diabolus
1351 1356 1392 1430 (3)
1409 1371 1415 1412 :
1440 1356 1552 1426 huuc,
1568 1358 1685 1426 futuam
1700 1375 1786 1417 acen·

132 1446 288 1518 patiendum
310 1460 371 1502 esse
395 1445 546 1503 sensissent
568 1443 603 1499 ³⁴.
629 1444 698 1501 Cum
719 1442 827 1500 vincula
850 1440 932 1498 Paulo
986 1441 1173 1502 totamm
1182 1446 1688 1521 mibics;seriptumest:llomtuum
1696 1451 1787 1508 Dum

132 1534 245 1609 Agabus
259 1545 338 1610 gestu
358 1551 468 1610 quoque
482 1536 681 1610 prophetasset,
697 1529 822 1604 discipuli
838 1530 932 1588 flentcs
986 1534 1069 1589 tuum
1083 1532 1213 1593 adoratus
1224 1535 1274 1609 (tl,
1291 1540 1319 1594 et
1333 1537 1379 1594 itti
1392 1536 1446 1595 soli
1460 1541 1563 1598 seruies
1576 1537 1689 1612 (uorat.
1702 1553 1785 1610 xxva,

132 1632 160 1682 et
178 1634 290 1683 orantes
313 1641 347 1682 ne
370 1642 400 1682 se
425 1622 597 1696 ierosolyma
616 1621 804 1689 committeret,
829 1619 931 1678 frustra
985 1622 1036 1692 233
1058 1636 1097 1691 tv,
1120 1623 1177 1695 te).
1198 1623 1251 1681 Sed
1274 1631 1301 1682 et
1316 1641 1387 1683 nunc
1400 1626 1495 1685 audire
1513 1626 1633 1699 debebit,
1650 1635 1786 1701 quatenns

132 1723 283 1775 oraverunt.
298 1713 347 1771 illc
365 1714 449 1784 enirn,
467 1712 542 1787 quod
556 1726 664 1784 semper
677 1710 807 1768 docuerat
821 1709 929 1766 anima·
946 1669 968 1748 Β
984 1708 1067 1765 multo
1091 1718 1163 1782 post,
1180 1727 1284 1770 venena
1298 1712 1352 1771 ista
1365 1715 1388 1754 ⁴¹
1412 1714 1496 1772 ΙΜ
1520 1716 1641 1786 suffudit,
1658 1716 1725 1773 nnlli
1740 1716 1785 1773 in·

131 1809 175 1860 lus
191 1818 198 1855 ι
216 1801 289 1874 Quid
306 1802 391 1873 fletis,
403 1802 500 1875 inquit,
515 1804 544 1859 et
559 1801 738 1862 contristetis
752 1816 800 1858 cor
814 1803 930 1859 oneum?
984 1797 1123 1857 firmorum
1137 1799 1217 1859 facile
1231 1801 1283 1859 nisi
1297 1803 1323 1842 ⁴²
1336 1803 1459 1862 nocitura
1474 1806 1523 1879 (8),
1544 1805 1627 1879 siqui
1647 1821 1702 1862 non
1716 1805 1787 1864 hane

130 1889 932 1965 Atcpoammodovincututeresotyma‘sputioptuucrim,
987 1897 1107 1945 nestram
1122 1904 1155 1948 ex
1177 1891 1203 1931 44
1222 1891 1275 1951 fide
1302 1893 1466 1967 praebiberit,
1493 1895 1534 1953 sel
1556 1895 1637 1952 etiarn
1660 1894 1787 1969 snperbi-

130 1982 459 2053 uerumefa'oruruoripro
469 1982 585 2040 nomine
594 1981 708 2038 beurim
716 1981 773 2037 neci
781 1979 845 2037 lesu
857 1978 934 2036 Chri·
988 1977 1055 2036 berit
1069 1979 1218 2051 petionem.

130 2071 179 2128 sti.
194 2073 287 2144 Atque
297 2070 340 2128 itu
350 2073 507 2140 cesserunt,
519 2070 635 2132 diceudo
645 2084 654 2124 :
665 2070 729 2128 Fiut
742 2070 874 2130 voluutas
882 2070 935 2127 Do·

817 2196 913 2259 Variae
934 2198 1091 2261 lectiones.

167 2321 192 2362 ³⁴
208 2321 392 2378 commentari
418 2320 505 2379 hicn.
538 2319 621 2379 Semi.
640 2318 750 2378 oberth.
779 2320 802 2360 ³⁴
829 2318 949 2377 scissent
967 2320 1026 2380 cod.
1051 2321 1186 2394 Apoherd.
1202 2321 1227 2361 ³⁸
1251 2324 1433 2381 Tentarerunt
1461 2326 1549 2383 liheu.
1567 2328 1654 2385 Semi.
1672 2324 1784 2385 oberth.

131 2392 156 2432 ³⁹
168 2392 327 2450 Cenandum
356 2394 442 2454 litteo.
460 2392 546 2450 Saum
565 2391 677 2450 oberth.
698 2393 724 2431 ⁴⁰
751 2391 889 2458 flamines,
908 2392 981 2464 quod
1000 2407 1051 2450 nee
1079 2393 1162 2453 Semi.
1177 2393 1202 2432 44
1217 2393 1265 2450 llla
1282 2397 1365 2452 liora
1385 2396 1411 2435 44
1423 2395 1480 2452 Nisi
1508 2400 1596 2456 inser.
1618 2400 1675 2472 lite.
1696 2398 1722 2437 ⁴³
1744 2396 1785 2454 lia

130 2468 220 2523 Fran.

828 2535 1077 2600 Commentarius.

165 2642 390 2717 intitubatam
408 2642 609 2701 coaumerrturit'
622 2643 746 2701 uoluerit
764 2640 927 2700 hereticus.
982 2657 1019 2707 re,
1035 2648 1127 2713 aperte
1143 2643 1300 2703 contradicit
1315 2663 1322 2701 :
1337 2642 1474 2719 Οιαιῖπεν,
1489 2646 1518 2701 ‘0
1527 2649 1639 2713 Σατανᾶς
1654 2648 1784 2733 lpetssaro

129 2715 187 2773 llos
211 2723 264 2783 est,
286 2717 310 2770 si
331 2731 364 2772 ex
388 2715 554 2785 publicorum
577 2715 659 2770 etiam
682 2710 854 2771 archivorum
875 2713 929 2769 lide
982 2714 1023 2767 διὰ
1048 2718 1100 2782 oet,
1126 2715 1181 2768 tuit
1213 2713 1311 2790 'trapa
1334 2718 1410 2772 talen
1439 2739 1497 2791 poa,
1528 2721 1638 2776 Σατανᾶ·
1666 2727 1707 2779 sal
1735 2727 1784 2801 γὰρ

129 2786 223 2843 doceri
246 2786 372 2844 voluerit.
402 2784 447 2841 Sic
471 2784 518 2841 lib.
534 2783 567 2843 dt
582 2784 748 2843 idololatria
763 2804 801 2842 :a
828 2784 929 2842 Volunt
982 2785 1094 2859 irrupta
1102 2780 1131 2854 ἢν
1140 2790 1185 2840 τοῦ
1195 2785 1366 2861 ἀντικειμένου,
1374 2790 1403 2844 ab
1412 2789 1447 2862 μὴ
1457 2793 1540 2848 παθεῖν
1549 2792 1784 2867 maligantium.

130 2856 233 2915 seilicet
261 2866 368 2929 tempus
403 2854 613 2928 persecutionis,
651 2862 678 2912 et
710 2854 798 2913 locum
840 2855 929 2912 tribn-
1019 2856 1059 2929 (l)
1075 2858 1136 2915 Seri
1156 2861 1218 2917 tuus
1232 2863 1276 2917 est
1289 2879 1298 2916 :
1313 2863 1466 2919 Dominum
1480 2865 1569 2920 neum
1585 2868 1669 2923 tuum
1682 2869 1782 2927 odora·

129 2926 209 2996 nalis,
225 2935 276 2984 etc.
296 2947 309 2980 a
327 2928 389 2984 Rae.
983 2926 1034 2994 his,
1050 2937 1102 2986 eto.
1128 2875 1191 2987 lime
1217 2928 1255 2986 ita
1282 2946 1312 2988 se
1325 2933 1426 2990 hahent
1438 2933 1468 2989 in
1489 2949 1565 2990 exem
1588 2937 1646 3007 lari,
1662 2954 1724 3010 quaa
1740 2949 1783 2998 ta·

155 2998 205 3081 (2)
220 2999 419 3058 Nouinterrts
429 3015 487 3080 esse
501 2996 692 3079 confitendum
706 3000 783 3073 opud
793 2998 929 3058 homiues.
983 3014 1045 3057 men
1060 3000 1131 3056 haud
1146 3001 1250 3057 faciunt
1267 3003 1415 3074 quidquam
1430 3006 1463 3061 ad
1478 2952 1640 3064 Terteiiiani
1655 3010 1781 3085 proposi·

129 3070 163 3126 lh
177 3086 286 3142 quoque
300 3078 362 3126 sunt
376 3070 465 3126 aculei
480 3085 647 3140 scorpiorum
674 3079 809 3142 utsupra.
985 3078 1051 3138 tum,
1076 3080 1103 3127 et
1125 3072 1269 3144 opinamur
1291 3074 1372 3131 insita
1394 3076 1478 3133 luisse
1502 3077 1598 3136 eadem
1620 3095 1714 3149 manu,
1730 3098 1782 3156 qua

165 3140 204 3213 (3)
223 3141 298 3212 Quod
313 3141 476 3199 audierutu
499 3141 616 3199 Domtm
635 3114 773 3224 diabotus.
788 3143 857 3208 imo,
872 3139 932 3212 ipse
984 3141 1143 3215 praecedens
1169 3142 1316 3217 increpatio
1340 3148 1446 3204 detorta
1468 3147 1496 3205 in
1523 3149 1669 3224 diabolum,
1693 3154 1781 3213 ablato

128 3212 233 3279 Petrus,
255 3212 352 3269 lfettlr.
377 3227 439 3278 xvv,
463 3214 508 3267 2³.
535 3212 585 3267 Sed
610 3212 710 3284 aliquis
733 3229 764 3269 er
822 3215 932 3269 Petrum
985 3213 1187 3270 nominaPetri.
1204 3215 1268 3272 ltro.

127 3282 228 3340 affectu
244 3282 365 3340 hlatthaei
377 3283 561 3338 narrationem
577 3280 616 3337 sic
634 3281 827 3355 recipiendia,
848 3282 928 3357 quasi
1019 3284 1058 3355 (5)
1076 3284 1155 3342 Nulli
1172 3287 1354 3356 infimorum
1368 3290 1454 3361 facile
1472 3294 1530 3350 uui
1544 3296 1687 3353 nocitura.
1708 3295 1781 3354 Nulli

127 3368 162 3411 ea
184 3352 276 3419 verba,
306 3360 418 3425 propter
439 3368 500 3425 quae
521 3355 631 3409 Petrum
652 3352 774 3410 Christum
795 3354 926 3425 increpat,
983 3354 1062 3412 facile
1075 3355 1138 3425 nisi,
1155 3371 1214 3427 pro,
1239 3357 1311 3415 Nulli
1326 3377 1381 3419 non
1401 3362 1481 3420 facile
1495 3364 1630 3424 nocitura.
1645 3366 1690 3424 Sic
1709 3367 1781 3441 loqai

128 3439 183 3483 non
198 3424 275 3482 umi
294 3439 325 3479 se
344 3424 439 3479 Petrus
474 3423 620 3491 retulisset,
637 3439 718 3496 quam
734 3440 783 3507 per
803 3441 835 3483 os
855 3423 928 3483 Petri
983 3428 1085 3500 placuit
1099 3426 1238 3500 Septimia.
1255 3430 1317 3488 lita.

127 3494 260 3553 diabolus.
277 3442 422 3553 {mansero
445 3439 664 3567 dhrysostomns,
690 3503 719 3551 ut
736 3512 764 3553 m
787 3495 928 3556 manifesta

121 3674 1761 3709 -—-———————————-——-.--

263 3886 342 4040 o.
408 3885 643 4020 sarr.
714 3864 1644 4151 rneffiurnuvunnmur.

596 4230 931 4344 ADVERSUS
980 4239 1307 4352 PRAXEAM·

166 4588 469 4649 annuntiavit·
492 4590 611 4649 Praxeas
632 4590 720 4663 Phryx
738 4606 771 4649 ex
789 4590 847 4648 asia
865 4593 1007 4667 oriendus,
1027 4593 1091 4654 fidei
1117 4613 1198 4655 musa
1219 4599 1246 4655 in
1260 4614 1396 4658 carcarem
1409 4602 1548 4674 conjectus
1561 4603 1639 4672 olim,
1652 4604 1690 4663 ob
1703 4602 1786 4675 onina

130 4696 274 4752 aerumnas,
289 4696 343 4737 non
357 4680 501 4738 admodum
516 4681 715 4747 memorandas,
730 4680 821 4738 animo
839 4685 954 4740 multam
967 4685 1149 4758 intumuerat3
1164 4687 1196 4744 de
1211 4687 1329 4746 Ecclesia
1344 4698 1432 4749 tamen
1450 4692 1562 4767 egregie
1574 4693 1689 4751 meritus
1704 4702 1784 4762 arat3

127 4784 190 4825 com
209 4770 281 4825 enim
300 4768 421 4826 Pontifex
436 4769 616 4842 (Eleutherius
630 4769 700 4841 aliis,
716 4769 777 4828 aliis
795 4771 888 4829 Victor
905 4773 1014 4845 dicitnr)
1026 4775 1213 4845 montanistas,
1227 4778 1274 4852 qui
1289 4779 1316 4835 in
1335 4782 1495 4839 transmisse
1523 4781 1586 4840 fidei
1611 4782 1787 4855 professione

127 4855 274 4915 eatlrolioos
286 4872 316 4914 ac
342 4857 474 4925 ferebant,
488 4858 600 4930 jamjam
617 4858 817 4918 communionis
830 4858 930 4919 litteris
947 4862 1050 4921 donare
1063 4864 1154 4935 vellet,
1176 4867 1291 4924 Praxeas
1305 4885 1339 4928 ex
1358 4869 1423 4928 Asia
1443 4879 1499 4929 tum
1517 4871 1667 4930 adventans
1685 4871 1785 4946 ruga·

127 4953 169 5002 tos
187 4960 219 5002 ca
232 4946 261 5003 in
275 4947 414 5018 provincie
440 4947 660 5006 llonunistarnm
678 4963 786 5007 urerer
799 4951 915 5023 aperuit,
930 4950 1084 5026 effecitque,
1107 4970 1142 5012 ne
1157 4956 1285 5016 homines
1303 4959 1341 5017 illi
1356 4960 1480 5034 pontiflci
1492 4961 1597 5034 opino
1616 4960 1785 5030 illuderent,

127 5049 194 5090 suus
207 5034 317 5090 demum
331 5035 416 5092 fastus
433 5034 563 5093 misemm
578 5036 716 5109 perdidit:
732 5038 798 5094 dum
813 5037 885 5094 enim
899 5040 1024 5113 martyris
1038 5043 1121 5101 titulis
1135 5061 1270 5120 nunqnam
1290 5064 1344 5108 non
1364 5050 1505 5124 gloriatur,
1520 5066 1697 5123 ,communem
1721 5065 1787 5110 cn·

130 5122 258 5197 superbis
272 5123 400 5182 omnibns
412 5127 522 5183 sortitus
539 5134 581 5183 est
599 5124 711 5195 exitum,
730 5140 808 5185 novae
820 5136 902 5186 sectae
915 5128 1006 5187 inlehx
1020 5134 1144 5191 eonditor
1163 5154 1171 5208 3
1191 5154 1275 5194 unum
1291 5140 1363 5196 enim
1382 5140 1471 5199 bern
1486 5141 1525 5197 ita
1539 5140 1661 5218 agnovit,
1673 5148 1703 5197 nt
1723 5154 1786 5198 om-

129 5229 193 5271 nem
211 5227 388 5287 personarum
406 5213 605 5273 distinctionem
624 5212 742 5285 tolleret,
760 5231 916 5277 ameverare
928 5235 1023 5293 ausus,
1042 5222 1132 5293 ipsum
1146 5225 1252 5286 Patrem
1266 5245 1375 5289 menam
1390 5231 1549 5303 sumpsisse,
1560 5232 1589 5289 in
1609 5244 1721 5288 erucem
1739 5244 1790 5287 ac-

124 5308 197 5370 tam,
218 5310 246 5360 et
258 5302 292 5359 ad
306 5317 382 5360 suam
400 5303 482 5360 bodie
494 5303 631 5362 desumm
641 5305 792 5362 considere.
807 5304 959 5368 Quaeres
973 5311 1046 5368 illins
1060 5314 1276 5390 Petropuasa'uai
1288 5328 1335 5377 aut
1351 5320 1607 5389 ltonoreln'ea'oicai,
1619 5318 1691 5394 quod
1701 5333 1788 5377 amm

125 5394 256 5452 duntaxat
274 5391 453 5450 sanctissime
467 5391 605 5449 Trinitatis
623 5407 767 5466 personam
787 5404 944 5456 emanarent.

162 5482 424 5551 mmhndssimum,
440 5481 514 5556 qnod
524 5490 597 5539 certe
615 5491 678 5556 post
690 5481 794 5557 lapsum
819 5501 899 5544 snum
922 5489 1040 5565 scripsit,
1056 5495 1096 5550 est
1120 5493 1186 5554 illud
1207 5502 1303 5556 eontra
1327 5498 1466 5570 Praxean,
1480 5514 1535 5573 quo
1548 5498 1629 5558 fidem
1644 5496 1789 5555 Trinitatis

125 5569 238 5644 sucipit
249 5570 457 5641 defendendam,
472 5573 506 5631 de
523 5571 573 5629 hae
587 5569 686 5631 etenim
705 5574 876 5636 Montaniana
888 5575 923 5634 ab
942 5579 1062 5640 Ecclesia
1084 5585 1215 5644 catholice
1229 5602 1284 5646 non
1295 5586 1471 5649 dissidebant.
1488 5588 1627 5647 vocabulo
1643 5584 1788 5644 Trinitatis

126 5659 177 5717 boc
196 5661 320 5733 inopere
334 5663 489 5735 Septimius
503 5678 633 5736 expresse
652 5664 745 5733 utitur,
761 5674 786 5723 et
801 5667 923 5725 fraudem
945 5669 1070 5742 patefacit
1088 5673 1275 5736 hereticorum
1297 5677 1461 5737 monarchiae
1474 5693 1578 5738 nomen
1592 5676 1787 5750 usurpantium
