3840 6134
132 293 187 354 913
664 288 760 352 trualt
783 292 823 351 llll
843 293 1115 357 uutbuutcllout
1138 295 1264 355 caudis.
1738 301 1790 363 stt

131 418 203 492 quit,
221 418 302 475 lwmo
318 419 352 474 dc
370 422 448 476 terno
463 422 588 490 choicus,
605 423 631 478 id
646 428 688 478 est
704 420 838 488 limacius,
854 420 936 478 idest
952 437 976 517 Α
991 439 1072 496 quam
1090 437 1154 480 caro
1175 430 1203 479 ot
1225 422 1328 489 anima;
1345 429 1390 476 aut
1404 422 1428 477 si
1441 423 1466 461 ⁴³
1489 437 1572 495 quam
1584 425 1677 492 aliam,
1694 426 1721 483 id
1737 437 1789 501 est,

131 508 237 573 Adam;
252 509 395 565 sccundus
415 509 495 569 buno
513 513 546 568 dc
570 513 646 582 coelo,
663 512 689 570 id
713 520 755 567 est
772 527 861 569 sermo
875 513 936 581 Dei,
991 513 1129 570 coelestem
1152 511 1328 567 substantiam
1350 511 1408 566 baec
1432 509 1499 567 fides
1521 522 1635 584 spectat,
1660 516 1722 573 buic
1745 527 1787 573 ta·

129 597 223 654 idest
245 596 382 664 Cbristus;
407 614 460 653 nou
483 601 552 656 alias
578 609 668 656 tamen
700 602 792 670 homo,
818 601 881 656 licet
902 601 936 657 da
989 617 1052 657 men
1074 601 1236 673 repromissa
1261 599 1304 666 sit,
1326 601 1368 656 oui
1394 601 1425 653 ad
1451 600 1525 654 illam
1547 602 1686 660 elaborare
1708 622 1786 661 man-

130 686 215 756 eorlo,
238 685 289 741 nisi
313 685 376 756 quia
400 692 427 741 et
459 686 518 758 ipse
542 703 607 745 caro
635 697 715 759 atque
738 688 836 756 anima,
861 688 933 759 quod
988 692 1077 747 datur.
1103 690 1170 746 Cum
1193 689 1277 763 igitur
1297 688 1445 762 imaginem
1465 699 1491 744 et
1512 688 1598 745 choici
1621 699 1649 745 et
1671 692 1789 749 caelestis
1890 687 1898 697 '

130 776 226 842 bomo,
242 774 317 846 quod
340 773 443 840 Adam3
467 792 529 831 nam
558 785 586 833 et
610 777 636 816 ³³
660 793 743 848 supra
770 777 934 833 novissimus
986 780 1014 835 in
1041 778 1250 836 conuersatione
1278 776 1441 841 constituat,
1469 775 1541 831 illarn
1568 777 1722 847 ejerandam
1746 781 1787 851 ⁴⁴,

132 863 222 922 Adam
243 862 332 919 dietus
352 862 387 928 ³³,
403 862 438 918 de
459 866 598 921 consortio
619 864 774 923 subeuntia
797 879 933 922 commer—
986 869 1055 924 bano
1080 882 1144 926 vero
1171 865 1346 930 sectandam
1371 865 1470 922 debinc
1498 864 1628 940 adiungat
1649 866 1674 906 ⁴³
1699 884 1706 923 ε
1732 871 1786 927 lloc

129 950 204 1009 dum
226 950 346 1007 nominis
368 951 462 1017 traxit;
488 953 553 1024 quia
588 969 639 1010 nee
659 953 747 1009 Adam
774 954 933 1009 exsemine
986 958 1064 1015 enim
1086 956 1159 1021 dico,
1184 955 1210 1010 id
1232 961 1283 1023 est,
1307 961 1418 1025 propter
1440 969 1473 1009 aa
1495 969 1557 1026 quae
1577 954 1603 992 ⁴³
1623 969 1706 1026 supra
1729 956 1786 1015 dini

128 1055 205 1106 caro,
221 1040 293 1113 quod
318 1046 345 1096 et
368 1039 502 1096 Christus.
521 1042 620 1111 Qualis
638 1058 701 1112 erpo
722 1042 845 1106 choicus,
862 1043 933 1100 tutes
985 1043 1151 1116 (conjunctio
1174 1051 1217 1099 est
1239 1044 1310 1097 enim
1331 1057 1429 1098 sensus
1443 1040 1662 1113 supplementum
1675 1050 1785 1099 antece-

131 1128 604 1202 etcboict'rguoliscoelcstis,totcs
619 1134 647 1188 ct
661 1128 932 1188 coelestessubstan·
984 1131 1112 1190 dentibus
1126 1131 1265 1200 reddens),
1289 1129 1360 1202 quod
1383 1145 1449 1186 curo
1474 1133 1502 1186 ct
1524 1132 1641 1201 scupus
1664 1146 1785 1204 regnum

131 1216 168 1275 tia
182 1216 272 1272 taleni
286 1231 322 1270 au
341 1215 430 1286 primo
454 1216 608 1288 disciplina,
623 1217 723 1274 debinc
743 1227 771 1274 et
793 1217 930 1291 dignitate,
984 1224 1034 1279 Dei
1050 1220 1216 1277 boercditnte
1235 1218 1376 1292 possidere
1399 1234 1459 1274 nou
1479 1222 1618 1290 possunt,·
1632 1218 1697 1274 nibil
1711 1219 1783 1275 aliud

130 1319 215 1378 qnam
229 1314 257 1362 et
270 1304 411 1376 disciplina
422 1307 678 1379 captavitidtquim
691 1308 843 1363 substantia
856 1309 930 1365 nullo
984 1309 1098 1381 intelligi
1124 1307 1233 1363 mandat
1252 1306 1276 1345 ⁴³
1301 1321 1411 1361 earnem
1442 1313 1469 1361 et
1496 1306 1678 1377 sauguinem,
1701 1322 1784 1378 quarn

131 1394 215 1451 modo
240 1394 438 1465 separabuntur
456 1395 545 1451 choici
578 1405 659 1468 atque
685 1398 819 1463 coelestes,
844 1398 928 1453 semel
983 1397 1164 1468 supradictam
1188 1394 1332 1468 imaginem
1354 1394 1465 1450 choici:
1490 1409 1551 1466 quae
1571 1393 1595 1449 si
1619 1395 1646 1451 in
1668 1410 1782 1452 conuu-

130 1483 167 1538 ab
188 1481 321 1554 Apostolo
349 1482 472 1541 homines
498 1483 572 1541 dicti.
595 1484 623 1542 si
652 1485 724 1541 enim
753 1494 780 1541 et
805 1484 931 1541 Christus
983 1488 1087 1542 satione
1112 1493 1238 1541 censetur
1261 1481 1414 1551 vetustatis,
1429 1482 1600 1540 conversatio
1622 1492 1711 1540 autem
1729 1500 1781 1541 ue-

130 1569 209 1627 solna
234 1585 298 1626 rere
324 1569 455 1640 caelestis,
477 1572 533 1628 imo
561 1581 589 1629 et
617 1574 826 1645 supercoelestis,
846 1573 928 1630 bomo
983 1573 1090 1631 tustatis
1111 1587 1166 1628 non
1188 1571 1261 1642 capit
1274 1571 1299 1609 ⁴³
1313 1570 1364 1626 Dei
1385 1585 1510 1642 regnum,
1532 1569 1646 1643 proinde
1669 1586 1733 1628 caro
1756 1587 1772 1628 c

131 1668 234 1726 tamen,
253 1675 308 1732 qna
336 1659 361 1698 ³³
387 1675 449 1716 caro
478 1668 560 1733 atque
588 1662 687 1733 anima,
703 1662 788 1718 nihilo
815 1678 849 1719 ex
877 1661 928 1717 ista
981 1663 1103 1736 sanguis,
1118 1675 1172 1717 non
1186 1659 1316 1732 capiendo
1335 1658 1387 1715 Dei
1401 1674 1526 1730 regnum,
1542 1659 1577 1713 ad
1592 1659 1780 1717 conuersatio·

130 1747 344 1806 substantiarum
361 1749 516 1806 conditione
532 1766 549 1806 a
567 1752 662 1809 choica
676 1753 805 1822 qualitate
819 1752 927 1807 discer-
982 1767 1043 1809 nem
1067 1750 1230 1823 rediguntur
1254 1746 1394 1804 uetustatis
1414 1746 1449 1802 ⁴³.
1476 1747 1572 1815 Plane,
1596 1748 1620 1802 si
1643 1764 1780 1821 nunquam

133 1833 209 1888 nitur
230 1849 238 1892 :
257 1830 343 1890 Μ
369 1834 483 1906 proinde
505 1844 533 1892 et
556 1838 602 1909 qai
628 1837 754 1894 coelestes
776 1836 927 1894 secundum
982 1840 1129 1914 Apostolus
1154 1853 1203 1909 pro
1226 1833 1354 1906 operibus
1367 1834 1542 1890 substantiam
1558 1837 1656 1904 posuit,
1673 1852 1724 1893 nec
1737 1837 1781 1894 bio

132 1920 224 1991 illurn,
238 1937 292 1978 non
319 1922 352 1979 de
377 1925 526 1980 substantia
553 1926 691 1997 praesenti,
706 1926 753 1982 sed
776 1926 811 1982 dc
839 1925 927 1981 iutura
981 1928 1019 1984 ita
1032 1937 1131 1984 utatur.
1147 1926 1176 1983 Si
1191 1941 1257 1983 uero
1283 1923 1312 1980 in
1333 1936 1414 1978 came
1437 1919 1525 1976 adbuc
1544 1922 1715 1989 constitutos,
1731 1938 1780 1980 ne·

128 2010 261 2068 charitate
286 2011 407 2068 omasus
429 2014 566 2083 praedicati
595 2013 799 2085 intelliguntur,
815 2013 877 2085 quia
901 2022 929 2069 et
981 2017 1055 2090 gavit
1070 2014 1154 2073 867
1170 2029 1230 2070 esse
1254 2012 1281 2067 in
1304 2026 1395 2081 carne,
1419 2008 1448 2065 in
1463 2006 1592 2078 operibus
1615 2011 1704 2066 munis
1726 2025 1779 2066 ue-

127 2108 214 2166 retro,
229 2099 302 2155 unde
320 2099 455 2158 distinctio
470 2103 521 2158 ista
535 2103 651 2159 manavit
666 2103 698 2159 de
718 2103 859 2175 dignitatis
872 2101 927 2157 dii·
959 2120 1049 2178 gans
1072 2120 1144 2169 esse,
1164 2101 1279 2158 formam
1301 2100 1361 2169 ejus
1383 2098 1514 2153 subruere
1537 2112 1591 2153 oon
1615 2097 1711 2168 debes,
1726 2113 1780 2154 non

126 2185 251 2256 tenutis,
277 2197 386 2246 ostensa
424 2198 465 2248 est
491 2192 542 2246 alia
570 2193 805 2263 supercaelestium
830 2191 925 2265 gloria,
980 2191 1167 2254 substantiam,
1193 2188 1243 2245 sed
1266 2202 1348 2260 opera
1368 2185 1526 2242 subeuntia
1539 2185 1679 2242 alienantis
1696 2201 1713 2241 a
1730 2184 1781 2242 Dei

126 2276 179 2332 alia
203 2286 468 2350 superterrenorum,
481 2289 508 2335 et
532 2280 584 2334 alia
608 2280 682 2346 solis,
698 2281 749 2336 alia
774 2280 855 2346 luna,
872 2281 927 2335 alia
980 2296 1076 2352 reguo.
1093 2278 1199 2348 Quibus
1220 2278 1299 2333 etiam
1324 2275 1358 2330 ad
1381 2273 1491 2330 Galatas
1505 2271 1692 2345 manifestatis,
1708 2289 1781 2345 prae·

125 2364 280 2433 stellarum
295 2367 359 2439 quia
383 2375 410 2423 et
433 2368 547 2424 stellas
570 2369 648 2424 stella
666 2367 758 2424 diiiert
781 2369 925 2440 ingloria,
980 2369 1069 2426 dicere
1092 2382 1121 2422 se
1144 2373 1172 2421 et
1196 2363 1353 2437 predixisse
1375 2359 1517 2432 profitetur
1532 2362 1637 2431 (Galat.
1652 2361 1692 2433 v),
1706 2363 1779 2433 quod

125 2467 182 2510 non
201 2461 291 2510 umen
314 2454 342 2510 in
361 2456 522 2513 substantia.
540 2457 672 2530 Denique,
688 2456 830 2528 praemissa
844 2456 927 2512 dille·
979 2457 1031 2530 pui
1047 2456 1120 2513 totio
1133 2457 1222 2527 opunt
1230 2453 1264 2519 ⁵⁰,
1280 2467 1399 2524 rcpuum
1414 2452 1464 2507 lici
1478 2465 1536 2506 uon
1549 2448 1650 2505 ιιιιιι51
1667 2450 1782 2508 beredi-

126 2541 215 2597 mutia
233 2540 376 2615 dignitatis
395 2544 424 2598 in
444 2545 537 2600 eadem
562 2543 711 2600 substantia
731 2553 756 2601 et
774 2559 847 2600 nune
865 2560 926 2600 sec·
981 2551 1038 2603 tote
1053 2543 1245 2607 consecuturi,
1270 2555 1326 2596 non
1351 2544 1488 2609 portantes
1512 2537 1612 2593 scilieet
1631 2535 1780 2610 imaginem

127 2629 220 2685 tandae
240 2641 267 2687 ct
285 2640 351 2687 tnnc
370 2633 553 2702 capessenda,
570 2633 710 2704 subjungit
729 2634 810 2689 etiam
825 2634 926 2690 exhor·
980 2633 1113 2696 coelestis,
1136 2631 1209 2686 sicut
1233 2632 1410 2700 portaverunt
1433 2626 1458 2664 ⁵³
1480 2624 1582 2690 choici,
1608 2626 1722 2698 ideoque
1746 2642 1780 2682 ex

128 2718 269 2783 ationem,
289 2727 318 2773 ut
345 2728 372 2774 et
391 2719 435 2774 bic
463 2720 585 2775 habitum
614 2720 712 2775 Cbristi
740 2723 873 2776 sectemur
894 2735 927 2774 ex
981 2729 1073 2778 uetere
1099 2717 1320 2780 conversatione,
1349 2714 1417 2769 nibil
1448 2713 1522 2768 aliud
1555 2712 1704 2784 deputandi
1732 2713 1759 2753 ⁵³

128 2804 280 2876 disciplina,
297 2815 324 2861 et
338 2807 391 2862 illic
405 2807 544 2881 fastigium
558 2824 755 2881 consequamur
769 2824 802 2864 eu
817 2807 925 2880 gloria:
983 2824 1063 2878 quam
1086 2821 1150 2864 earo
1172 2817 1199 2863 et
1221 2802 1343 2877 sanguis.
1357 2803 1425 2856 Nam
1450 2809 1476 2857 et
1497 2802 1520 2855 si
1543 2800 1636 2856 subito
1658 2800 1688 2856 in
1712 2802 1782 2857 banc

130 2893 213 2950 Sicut
222 2895 396 2966 portavimus
408 2898 561 2968 imaginem
571 2896 671 2963 cbeici,
682 2901 827 2970 portemus
840 2899 929 2953 etium
983 2894 1166 2952 definitionem
1207 2893 1343 2961 erupisset
1384 2887 1554 2959 Apostolus,
1592 2886 1781 2977 eliminandam

129 2981 284 3051 imaginem
307 2986 521 3055 supercoelestis.
538 2985 706 3040 Portavimus
729 2984 803 3039 enim
831 2983 929 3056 imagi·
945 2988 967 3067 e
982 2999 1089 3040 carnem
1105 2989 1132 3037 et
1146 2979 1338 3053 sanguinema
1364 2975 1412 3033 Dei
1436 2991 1531 3050 regno,
1555 2974 1614 3032 sine
1637 2974 1717 3031 ullius
1731 2992 1780 3032 su·

128 3082 195 3124 nem
208 3068 294 3126 cboiei
314 3086 365 3140 per
382 3072 524 3143 collegium
549 3071 782 3144 transgressionis,
798 3088 847 3144 per
861 3088 928 3129 oon·
982 3088 1031 3144 pra
1055 3085 1154 3127 sensus
1176 3065 1395 3138 praestructione,
1419 3079 1511 3119 nonne
1534 3064 1602 3120 duas
1624 3065 1689 3120 istas
1712 3065 1779 3120 sub·

128 3156 245 3214 urnam
268 3159 372 3225 mortis,
389 3177 439 3231 per
458 3161 581 3217 exsilium
604 3160 735 3232 paradisi.
751 3160 820 3216 Nam
838 3161 889 3218 etsi
904 3160 929 3199 ³⁹
982 3159 1093 3218 stantiae
1125 3156 1239 3228 proinde
1266 3154 1400 3209 bominem
1433 3160 1553 3208 veterem
1585 3151 1780 3224 interpretare-

129 3244 157 3299 in
171 3259 254 3301 carne
274 3246 317 3301 bio
340 3256 462 3317 portatur
481 3249 506 3287 ⁴⁰
525 3249 614 3319 imago
633 3249 711 3314 ddae,
727 3249 775 3304 sed
797 3264 849 3304 non
870 3264 930 3304 car·
983 3266 1043 3304 mur
1057 3249 1080 3286 ⁵⁴
1097 3245 1172 3302 carni
1195 3251 1222 3299 et
1244 3241 1368 3315 sanguini
1393 3238 1523 3305 deditum,
1547 3239 1574 3294 id
1598 3248 1649 3307 est,
1674 3241 1732 3298 esui
1753 3251 1780 3296 et

128 3347 201 3402 uem¹
221 3348 365 3391 monemur
390 3352 525 3408 exponere
548 3338 583 3392 ⁴⁴.
599 3337 628 3392 Si
652 3353 706 3393 non
729 3352 848 3408 carnem,
863 3353 929 3412 ergo
983 3338 1075 3410 potuit
1090 3336 1169 3407 cnjus
1193 3333 1228 3390 sit
1251 3332 1342 3387 dicere
1366 3330 1496 3386 adversus
1510 3328 1589 3383 iidem
1606 3333 1778 3386 resurreetio-

129 3423 372 3491 conrersationem,
390 3433 420 3481 ut
448 3426 561 3497 proinde
589 3433 616 3482 et
639 3426 758 3482 coelestis
781 3425 929 3498 imaginem
983 3419 1509 3483 oisellonducemnsctbibumus,cros
1524 3419 1602 3475 cuim
1610 3418 1781 3475 moriemur?
1877 3419 1881 3430 “

128 3518 270 3582 gestemus
291 3513 320 3568 in
347 3513 442 3582 nobis,
458 3531 514 3572 non
539 3516 595 3586 jam
623 3515 667 3571 dei
694 3516 729 3582 ⁴³,
749 3531 800 3572 nec
825 3517 882 3584 jam
902 3516 931 3572 in
983 3518 1018 3574 itt
1039 3516 1090 3571 boc
1113 3512 1185 3569 enim
1208 3508 1352 3565 infulciens
1366 3506 1523 3578 Apostolus,
1538 3521 1646 3561 carnem
1667 3514 1694 3562 et
1716 3521 1778 3560 sau-

129 3600 201 3655 coelo
229 3601 382 3670 constituti;
405 3604 450 3658 sed
479 3604 630 3659 secundum
656 3603 813 3661 liniamenta
833 3604 931 3662 Christi
984 3605 1095 3682 guinem
1118 3602 1152 3656 de
1176 3598 1307 3654 fructibus
1329 3599 1461 3667 ipsorum,
1482 3593 1664 3650 manducandi
1687 3599 1715 3649 et
1737 3592 1780 3649 bi·

130 3687 289 3745 incedentes
311 3692 369 3762 (ts)
397 3692 424 3746 in
452 3695 604 3759 sanctitate,
620 3703 646 3749 et
671 3693 785 3764 justitia,
802 3700 830 3749 et
857 3693 930 3751 veri·
983 3692 1077 3764 bcndi,
1091 3687 1238 3762 sugillavit.

130 3783 198 3831 tate.
213 3777 301 3848 Atque
321 3778 391 3834 adeo
414 3779 449 3833 ad
467 3780 638 3851 disciplinam
657 3788 746 3836 totum
765 3780 818 3834 boo
835 3779 933 3852 dirigit

131 3870 165 3917 nt
187 3862 233 3919 bic
254 3863 323 3921 dieat
350 3868 507 3937 portandam
535 3868 680 3939 imaginem
705 3867 804 3924 Christi
827 3866 856 3924 in
881 3867 932 3922 ista
1298 3823 1411 3899 CAPUT
1432 3822 1463 3878 ι’

130 3967 227 4018 carue,
252 3962 279 4010 ct
305 3955 333 4010 in
361 3955 414 4013 isto
451 3967 573 4029 tempore
601 3957 759 4029 disciplina.
784 3959 931 4015 Portemus
1022 3955 1076 4012 Sed
1099 3964 1125 4010 et
1149 3952 1173 3991 ⁵⁵
1197 3948 1308 4008 omissis
1329 3945 1484 4020 hujusmodi
1516 3945 1784 4018 interpretationibus

130 4040 207 4096 enim
234 4044 394 4116 prereptivo
422 4047 504 4102 modo
532 4046 635 4113 dicens,
660 4048 722 4102 buic
750 4046 864 4117 tempori
892 4046 932 4100 lo·
985 4043 1074 4099 cernis
1097 4049 1125 4096 et
1148 4037 1290 4112 sanguinis
1314 4051 1397 4107 opera
1413 4033 1575 4102 taxantibus,
1591 4037 1663 4106 ipsas
1678 4052 1786 4108 quoque

130 4129 237 4202 quitur,
266 4131 294 4186 in
322 4150 376 4206 quo
409 4135 492 4191 bomo
520 4135 594 4191 nulla
630 4135 682 4190 alia
711 4132 861 4190 substantia
888 4139 930 4188 est
984 4129 1155 4192 substantias,
1179 4141 1234 4182 non
1257 4124 1334 4179 aliter
1357 4137 1441 4194 quem
1463 4128 1526 4176 sunt
1549 4121 1697 4179 intellectas
1715 4124 1783 4196 (to),

817 4309 914 4373 Variae
939 4313 1091 4372 lectlones.

168 4446 195 4485 ³⁴
214 4447 273 4502 Etsi
295 4448 384 4504 libera
414 4449 502 4506 Semt.
526 4447 550 4487 ³³
571 4448 647 4503 Dicet
670 4446 758 4503 Rieu.
779 4444 866 4502 Scml.
881 4442 906 4482 ³³
919 4439 1006 4511 Quam
1028 4439 1115 4496 llbcu
1141 4433 1226 4492 Semi.
1247 4431 1272 4470 ³⁹
1291 4429 1321 4487 Si
1335 4436 1362 4512 et
1381 4430 1461 4484 Pom.
1482 4430 1548 4484 Por.
1566 4428 1592 4466 ⁴⁰
1607 4425 1653 4482 Sic
1677 4433 1787 4497 putatur

133 4516 224 4574 iibcn.
241 4519 579 4575 Scml.⁴1PonarePem.
594 4521 660 4574 Por.
677 4520 763 4575 Fron.
782 4517 807 4554 ⁴³
821 4514 864 4572 Dii
879 4516 954 4586 sorte
968 4513 1083 4569 metius.
1103 4507 1171 4565 uod.
1187 4506 1212 4544 ⁴³
1227 4505 1285 4561 dut
1298 4504 1327 4558 ct
1341 4517 1364 4555 ει
1378 4499 1467 4557 llbcn.
1484 4498 1569 4556 Scntl.
1585 4497 1608 4536 ⁴⁴
1632 4496 1789 4578 (terendam

135 4587 227 4645 llbcn.
247 4589 331 4645 Semi.
347 4589 372 4627 ⁴³
386 4590 515 4660 Adiungit
529 4590 618 4647 libert.
630 4589 714 4645 Serul.
730 4587 755 4626 ⁴³
769 4587 861 4657 Quae?
874 4601 935 4658 quae
948 4585 1036 4641 Pleu.
1052 4579 1075 4619 ⁴³
1092 4577 1220 4635 blandant
1237 4577 1319 4631 Pom.
1340 4573 1407 4628 Por.
1429 4574 1517 4627 Fron.
1532 4569 1558 4606 ⁴⁸
1581 4568 1677 4639 caput
1695 4567 1786 4624 Rieu.

135 4658 225 4718 Semi.
246 4657 272 4696 ⁴³
287 4659 412 4715 Veritatis
434 4660 522 4717 ltlrcn.
544 4661 630 4717 Scrut.
645 4660 671 4698 ⁵⁰
684 4661 774 4730 agant
796 4659 885 4716 libere.
905 4655 989 4713 Scml.
1004 4654 1028 4692 ⁵¹
1044 4652 1103 4708 Sint
1129 4649 1217 4706 utcu.
1243 4647 1328 4704 seut.
1343 4642 1368 4681 ⁵³
1390 4642 1563 4697 Portaterant
1587 4639 1675 4695 utus.
1701 4637 1787 4695 Semi.

135 4729 162 4768 ⁵³
176 4729 353 4786 Existimandi
367 4733 430 4789 olii.
445 4733 470 4771 ⁵⁴
483 4733 697 4803 luterpretamur
716 4734 800 4788 iton.
816 4729 1039 4800 interpretaretur
1054 4723 1143 4780 libcn.
1160 4719 1245 4778 Semi.
1261 4717 1286 4756 ⁵⁵
1298 4717 1332 4772 ttt
1346 4714 1439 4770 omitt.
1453 4713 1539 4768 Fron.

841 4896 1089 4963 Commentarius.

173 5031 232 5104 (15)
255 5033 417 5093 Secundum
443 5036 617 5094 liniamento
633 5035 738 5094 Christi
762 5032 927 5090 incedentes
986 5023 1245 5084 septimellensis,
1266 5025 1317 5074 etc.
1340 5016 1402 5072 Alio
1426 5013 1532 5073 tramite
1546 5009 1664 5068 occurrit
1677 5007 1791 5065 baered-

138 5103 282 5162 lmitautes
299 5109 542 5171 conversationem,
558 5124 639 5180 quam
659 5107 784 5161 Christus
805 5102 892 5176 gessit
911 5102 938 5156 in
994 5100 1041 5161 eis,
1058 5104 1087 5150 ut
1102 5093 1197 5165 probet
1211 5107 1243 5146 ex
1257 5104 1290 5146 eo
1304 5089 1373 5156 loco,
1389 5086 1489 5169 quiab
1512 5082 1566 5138 illis
1584 5082 1617 5165 ‘in
1640 5081 1725 5152 pretio
1739 5087 1791 5148 est,

140 5190 235 5231 ame,
254 5175 409 5234 Remmius
429 5180 562 5236 Serme„
586 5179 661 5234 pgat,
676 5192 723 5231 xc,
741 5174 816 5230 Unde
839 5173 942 5229 seilicet
995 5169 1028 5223 ad
1057 5162 1232 5222 relellendum
1261 5167 1464 5217 resurrectionis
1492 5153 1607 5212 carnalis
1634 5159 1792 5218 assertores,

142 5250 332 5319 monoculus
368 5265 425 5320 prae
454 5251 561 5305 caeteris
595 5248 728 5310 Christus,
761 5245 903 5299 sanctitate
932 5263 939 5300 ς
996 5235 1178 5300 nihileviuei;
1201 5237 1312 5311 namet
1335 5229 1358 5284 si
1381 5242 1444 5285 caro
1469 5237 1496 5283 et
1518 5240 1628 5297 sanguis
1652 5231 1744 5306 stricte
1767 5232 1794 5278 et

140 5317 258 5386 jurata,
276 5319 399 5376 scritate.
415 5320 468 5385 Sic.
487 5321 554 5376 libro
576 5319 612 5375 od
632 5319 798 5373 lloruoncrn
813 5331 842 5385 u,
858 5316 942 5369 lineas
997 5309 1082 5381 rigide
1097 5324 1112 5362 a
1128 5304 1208 5385 Paulo
1223 5306 1416 5381 occuparentur,
1442 5313 1496 5379 non
1520 5311 1578 5379 pro¹
1590 5297 1721 5376 operibus
1734 5307 1796 5348 car-

141 5386 199 5443 Dei
225 5389 325 5446 babere
351 5392 440 5446 anima
476 5392 584 5462 dicitur,
609 5404 662 5459 qua
688 5387 858 5450 immortalis,
882 5400 943 5455 qnae
997 5383 1098 5435 natium
1114 5372 1454 5454 homanum,'nrbrlomruus
1469 5367 1550 5423 tnlrm
1595 5375 1795 5445 nequitiarum

142 5457 232 5514 libera
260 5469 287 5515 et
324 5461 365 5515 sui
402 5461 517 5529 arbitrii,
548 5476 609 5532 quae
645 5457 758 5529 praescia
785 5455 943 5529 plemmque
997 5448 1123 5506 rectionis
1151 5444 1298 5526 corporalis
1323 5440 1400 5498 fides.
1426 5441 1471 5495 Sic
1497 5445 1524 5493 et
1563 5450 1669 5490 renaeus
1691 5432 1794 5513 duplrct

141 5544 235 5601 eapaa
247 5529 404 5589 intellectus
418 5541 446 5590 et
459 5533 590 5589 scientiis,
605 5532 668 5587 tire.
996 5536 1107 5592 quoque
1133 5529 1311 5588 responsione
1342 5513 1376 5567 ad
1412 5510 1536 5568 eumdem
1562 5505 1651 5560 locum
1678 5509 1797 5559 occurrit

183 5602 243 5670 (¹⁶)
263 5603 340 5681 ipsas
360 5620 467 5679 qucqtu
483 5603 740 5664 substitutionem
761 5598 846 5654 aliter
861 5612 944 5669 mum
998 5589 1141 5648 baereticis.
1156 5589 1223 5644 Lac.
