3840 6134
669 301 713 361 Ab
733 301 879 363 emotus
896 300 1123 364 vouvbtcttbt
1140 303 1249 364 OPERA

435 582 826 677 thebnutvvtth
860 583 1006 675 LIBRI
1037 584 1111 676 to
1137 583 1489 706 subnectunt,

208 762 249 809 EX
269 757 447 807 cltulstthlvh
465 757 629 804 RELIGIONE
648 757 687 802 to
706 755 860 802 tuotouttbt
884 755 1071 803 senvmovuh
1091 755 1286 814 contessum
1307 759 1366 806 PER
1392 720 1534 806 1860181381κ
1545 757 1718 806 tenetote.

142 872 307 932 Structorem
321 873 597 947 probiterincropol,
615 870 686 946 quod
704 873 791 928 oeteo
809 869 992 927 Christianus
1006 875 1034 928 et
1053 871 1161 938 consul,
1177 872 1258 930 isidis
1276 889 1326 931 seu
1346 872 1448 930 Matris
1463 875 1550 932 Deum
1573 871 1705 931 sacerdos
1727 871 1793 943 fiort

171 991 229 1031 uon
252 975 290 1031 sit
310 976 417 1032 ueritus
431 991 441 1041 ,·
457 972 589 1029 hortatur
603 971 739 1044 itoqocut
752 968 854 1025 saltem
867 968 1060 1027 insoocctute
1070 972 1319 1044 resipiscol.Pooro
1334 988 1399 1030 com
1414 974 1501 1030 eliam
1525 970 1571 1029 bic
1583 970 1719 1046 medum
1733 970 1795 1028 sint

176 1071 393 1138 Tertullianieo,
405 1084 452 1140 opo
467 1069 514 1125 illi
527 1066 666 1126 ascribere
680 1065 775 1124 melei
788 1080 871 1139 potum
894 1065 923 1119 8.
943 1064 1094 1141 Cypriono.

807 1342 861 1406 Ab
885 1341 1119 1409 sublucenti

348 1489 400 1555 Ec
416 1488 603 1556 Christiano
615 1486 770 1572 relipione
785 1483 828 1549 ed
841 1482 1004 1549 idolorum
1019 1486 1202 1552 seruitutem
1221 1507 1423 1558 eoncessum.

609 1701 630 1758 U
949 1662 973 1741 Α
989 1645 1116 1718 Respoud
1125 1656 1186 1707 rute
1198 1649 1246 1707 tibi
1259 1650 1340 1728 vulgo
1352 1658 1379 1710 et
1395 1652 1530 1708 lacerante
1544 1653 1652 1717 senatu,

392 1705 506 1762 CAPUT
525 1703 606 1760 PRIM
632 1703 667 1758 Μ’
987 1733 1172 1807 Tequedomo
1186 1742 1297 1812 propria
1315 1742 1417 1812 pictum
1431 1737 1620 1798 eumiaseibus
1639 1743 1715 1804 ente,

136 1837 206 1892 Cum
220 1844 248 1889 te
263 1829 377 1889 diversis
388 1830 485 1887 ilerum
499 1827 630 1900 vanisque
642 1825 762 1884 viderem
989 1824 1068 1882 Nune
1082 1843 1189 1901 qnoque
1198 1844 1261 1885 cum
1276 1830 1358 1887 sistro
1372 1830 1472 1887 taciem
1486 1836 1593 1901 portare
1608 1825 1747 1882 moinum.

136 1922 271 1980 inservire
285 1920 378 1991 saeris,
394 1917 538 1992 priscoque
552 1931 645 1974 errore
659 1913 758 1981 teneri;
989 1911 1053 1969 Haec
1066 1929 1120 1971 non
1139 1916 1276 1979 humilitas
1289 1917 1337 1974 sed
1353 1916 1508 1975 humilitatis
1520 1915 1613 1988 imago
1623 1917 1678 1970 est.

141 2009 269 2080 Obstipui
280 2009 398 2066 monitus
412 2008 476 2081 (8l);
500 2006 563 2081 quia
572 2004 691 2061 carmina
703 2018 811 2074 semper
825 1999 934 2070 amasti,
987 1999 1101 2058 AEdibus
1115 2003 1159 2059 illa
1174 2004 1228 2061 tuis
1241 2021 1348 2078 semper
1362 2013 1538 2064 monumenta
1552 2004 1714 2060 manebunt.

136 2101 261 2157 Carmine
274 2098 452 2171 respondens,
469 2093 611 2170 properavi
626 2092 745 2149 scribere
759 2106 872 2159 versus;
987 2087 1090 2146 Rumor
1104 2091 1128 2146 ei
1142 2092 1177 2147 ad
1191 2101 1298 2151 nostras
1313 2096 1433 2167 pervenit
1446 2093 1573 2167 publicus
1586 2106 1680 2161 eures,

136 2190 170 2247 Ut
184 2196 211 2248 te
225 2189 400 2260 corriperem,
411 2187 536 2243 tenebras
550 2197 707 2256 preponere
721 2181 782 2238 luci.
987 2174 1025 2233 Te
1041 2177 1162 2236 dixisset
1179 2181 1245 2248 Dea,
1261 2183 1361 2253 erravi,
1378 2184 1502 2257 ignosce,
1518 2180 1618 2237 redivi.

138 2276 207 2348 Quis
223 2277 338 2351 patiatur
352 2276 433 2344 euim,
449 2282 476 2332 te
494 2274 610 2330 Matrem
624 2271 737 2328 eredere
751 2284 880 2341 maguam
985 2264 1035 2321 Die
1049 2267 1114 2321 mihi
1128 2268 1151 2322 si
1169 2269 1268 2338 valeas,
1284 2286 1345 2328 cum
1360 2271 1422 2328 tulis
1435 2285 1508 2340 saepe
1518 2283 1643 2343 rogares,

135 2368 221 2442 Posse
236 2369 319 2424 Deam
333 2365 396 2431 dici,
412 2377 560 2434 rursusque
579 2368 673 2432 putare
686 2359 853 2427 colendam,
985 2354 1020 2411 Et
1033 2355 1138 2414 veniam
1148 2364 1271 2430 peteres;
1290 2377 1350 2433 ques
1364 2369 1453 2417 tecum
1466 2359 1549 2420 verbe
1563 2359 1655 2414 locuta
1669 2356 1738 2413 esti

42 2463 48 2470 '
136 2455 224 2527 Cujus
238 2453 359 2514 cultores
373 2450 482 2506 infamia
501 2448 588 2520 turpis
602 2446 686 2504 inurit
699 2448 713 2504 l
986 2442 1056 2500 Vere
1068 2452 1159 2501 mente
1174 2461 1259 2517 cares,
1276 2448 1398 2520 sequeris
1413 2448 1461 2521 qui
1475 2455 1564 2504 mente
1578 2454 1717 2502 carentes.

135 2544 258 2616 Namque
271 2539 423 2598 sacerdotes
437 2539 494 2611 (82)
509 2536 604 2593 tunicis
618 2536 796 2593 muliebribus
813 2535 896 2592 iidem
927 2588 929 2592 Α
985 2531 1048 2589 Haee
1060 2533 1159 2590 iterum
1173 2535 1284 2608 repetis,
1298 2553 1350 2594 nec
1364 2544 1389 2594 te
1398 2536 1552 2609 delinquere
1568 2534 1668 2591 sentis.

134 2631 252 2689 Interius
265 2630 348 2686 ritum
363 2628 436 2684 cultu
450 2625 578 2682 interiore
592 2623 723 2693 fatentur3
983 2619 1054 2690 Quid
1067 2639 1186 2681 mereare
1205 2625 1286 2698 vide3
1303 2626 1392 2683 minus
1406 2641 1481 2684 esses
1495 2624 1564 2682 lorte
1577 2622 1734 2689 nomadas,

133 2719 219 2794 ldque
228 2720 308 2777 licere
318 2724 423 2792 putant,
434 2715 506 2788 quod
518 2729 572 2771 nou
590 2713 652 2771 licet
663 2731 670 2784 ;
683 2711 754 2769 unde
767 2726 816 2784 per
837 2712 931 2768 orbem
984 2709 1014 2766 Si
1028 2719 1130 2768 tantum
1143 2714 1195 2771 hoc
1207 2714 1300 2784 scires,
1316 2724 1343 2772 et
1356 2716 1384 2770 iu
1398 2715 1556 2772 hocerrore
1569 2727 1721 2782 maneres,

133 2809 238 2868 Leviter
251 2808 389 2874 incedunt,
404 2803 506 2861 mollito
529 2818 595 2860 voce
608 2801 764 2874 loqbeutes,
984 2803 1018 2857 ht
1033 2817 1093 2858 eum
1107 2802 1232 2862 verieolae
1245 2806 1428 2877 penetraveris
1441 2805 1509 2863 ostia
1523 2802 1604 2877 legis,

134 2898 535 2968 Lapsatosquetenentextenso
544 2892 642 2964 pollice
657 2889 775 2956 lumbos,
983 2892 1017 2947 Et
1028 2891 1076 2947 tibi
1091 2908 1173 2949 nosse
1183 2895 1268 2951 Deum
1282 2895 1378 2969 paucis
1392 2893 1538 2953 accesserit
1550 2893 1641 2965 aunis

134 2985 167 3040 Et
179 2984 317 3056 proprium
331 2990 436 3038 ululant
449 2981 557 3051 vulgato
572 2978 685 3035 erimine
698 2993 803 3035 sexum.
945 2959 967 3037 Β
981 2981 1036 3037 Cur
1049 2980 1194 3053 linquenda
1208 2991 1292 3053 tenes,
1311 2992 1358 3040 eut
1370 3001 1417 3042 eur
1436 2982 1574 3039 retinenda
1589 2980 1751 3055 relinquis?

136 3072 257 3144 Cumque
271 3087 337 3129 suos
351 3070 488 3127 celebrant
501 3069 579 3138 ritus,
590 3067 635 3123 his
652 3083 712 3124 esse
725 3067 822 3122 diebus
980 3069 1081 3142 Nilque
1096 3072 1174 3145 colis,
1189 3072 1253 3129 dum
1268 3081 1362 3130 cuneta
1375 3074 1461 3144 eolis;
1477 3087 1526 3129 neo
1540 3071 1626 3128 corde
1653 3081 1782 3132 retractu

134 3163 169 3219 Se
178 3171 268 3218 castos
277 3168 427 3217 memorant
436 3157 504 3231 (88);
516 3165 543 3214 at
552 3156 576 3212 si
585 3155 771 3212 tantummodo
783 3161 927 3224 ternosue,
982 3158 1051 3215 Vera
1065 3160 1129 3231 quid
1143 3177 1159 3216 a
1173 3160 1258 3228 lalsis,
1274 3161 1336 3235 quid
1352 3163 1387 3217 ab
1412 3159 1516 3218 umbris
1547 3161 1654 3217 lumino
1678 3162 1786 3221 distent.

134 3250 170 3306 Ut
181 3248 332 3320 perhibent,
344 3247 425 3321 casti3
441 3246 547 3319 reliquo
561 3246 616 3317 jam
627 3250 749 3316 tempore
763 3242 826 3315 quid
842 3241 928 3326 sunt?
980 3247 1175 3320 Philosophum
1184 3247 1274 3326 fingis,
1289 3268 1351 3307 cnm
1365 3261 1391 3309 te
1405 3250 1537 3308 sententia
1551 3258 1658 3320 mutet;

133 3339 190 3396 Sed
204 3340 267 3411 quia
281 3344 415 3414 eoguntur
429 3336 525 3392 saltem
539 3333 622 3391 semu
636 3347 696 3389 esse
710 3330 811 3404 pudici,
981 3335 1050 3390 Nam
1065 3335 1113 3393 tibi
1127 3337 1151 3393 si
1165 3340 1332 3396 stomachum
1351 3339 1490 3412 populatis
1504 3337 1624 3394 moverit
1638 3354 1728 3410 aum

131 3426 222 3482 lleute
232 3423 357 3493 tremunt,
366 3424 486 3481 lacerant
495 3437 605 3495 corpus,
617 3418 784 3492 funduntque
794 3433 926 3475 cruorem.
982 3424 1016 3479 Et
1029 3425 1141 3483 ludaeus
1155 3427 1218 3494 eris,
1234 3435 1360 3499 totusque
1374 3428 1495 3486 incertus
1513 3424 1641 3485 haberis.

135 3511 220 3582 Quale
235 3529 345 3571 sacrum
359 3522 400 3571 est
414 3527 488 3583 vero,
500 3510 574 3583 quod
588 3508 673 3566 fertur
684 3509 794 3565 nomine
804 3504 928 3580 sanguis?
982 3511 1094 3585 ludulge
1108 3514 1198 3583 dictis,
1214 3515 1347 3589 sapientia
1361 3532 1415 3574 nou
1430 3516 1516 3589 placet
1529 3515 1599 3583 alta3

982 3601 1333 3674 Omnequodestnimium,
1349 3604 1631 3672 contracadit,unum
1641 3611 1784 3677 operantur

459 3650 575 3707 CAPUT
590 3650 625 3705 Π·
985 3689 1096 3747 tuot
1112 3694 1146 3748 El
1169 3692 1386 3769 salomonique
1402 3695 1518 3760 sithoc,
1535 3692 1577 3750 sic
1600 3692 1674 3750 illud
1684 3693 1781 3761 aduritt

134 3777 216 3834 Nune
230 3775 312 3831 etiam
325 3773 403 3844 dicis,
417 3773 490 3846 quod
503 3782 528 3830 te
541 3787 597 3829 non
617 3768 709 3828 iecerit
723 3779 800 3841 aelts,
983 3778 1028 3835 Sic
1038 3781 1155 3836 tenebrae
1169 3780 1268 3852 visum,
1284 3785 1324 3840 sic
1338 3785 1379 3841 sol
1403 3783 1554 3842 contrarius
1566 3781 1662 3840 aufert
1676 3801 1685 3850 ;

132 3864 186 3921 Sed
203 3871 248 3919 tua
262 3863 356 3936 religio
371 3861 487 3934 calvum,
503 3860 640 3935 caligaque
659 3867 761 3915 remota
782 3858 839 3929 (84)
983 3869 1016 3924 Et
1031 3870 1135 3941 pariter
1149 3872 1249 3928 laedunt
1265 3873 1386 3945 gelidum
1401 3872 1564 3944 fervensque
1580 3870 1738 3944 lavacrum

133 3952 251 4025 Gallica,
266 3951 301 4006 sit
315 3950 429 4023 pedibus
444 3949 518 4006 molli
531 3947 654 4005 redimita
667 3963 781 4020 papyro·
982 3958 1052 4014 Esca
1070 3959 1155 4015 alitur
1167 3976 1278 4034 corpus,
1294 3978 1393 4036 corpus
1406 3960 1591 4032 corrumpitur
1604 3975 1673 4017 esea
1689 3979 1698 4029 ;

134 4041 190 4097 iles
204 4040 323 4095 miranda
337 4039 404 4094 satis
417 4038 573 4110 deiectaque
588 4037 703 4092 culmine
717 4050 833 4091 summo.
982 4047 1098 4120 vimque
1111 4065 1187 4104 suam
1199 4049 1304 4121 minute,
1318 4051 1342 4106 si
1357 4052 1420 4120 quid
1433 4048 1606 4123 protenditur
1620 4047 1708 4107 ultra,

136 4130 165 4189 si
180 4130 244 4203 quis
258 4128 385 4186 eblsiaco
395 4125 623 4199 eonsulproeedat
635 4125 662 4181 in
672 4127 779 4194 urbem,
946 4131 969 4210 c
983 4133 1105 4207 Denique
1119 4134 1142 4190 si
1157 4137 1263 4204 sedeas,
1280 4138 1388 4211 requies
1402 4148 1441 4195 est
1454 4153 1553 4210 magua
1567 4136 1673 4193 laboris
1690 4153 1698 4191 :

133 4221 214 4278 Risus
229 4219 284 4275 oris
297 4218 349 4275 erit
363 4236 370 4272 ε
386 4218 449 4290 quis
464 4225 490 4273 tc
507 4230 562 4271 uon
577 4214 664 4271 rideat
676 4223 777 4285 autem,
983 4221 1012 4278 Si
1028 4223 1139 4278 multum
1154 4225 1259 4296 sedeas,
1275 4226 1351 4283 labor
1367 4235 1417 4283 est.
1433 4226 1644 4297 harenamque
1659 4228 1743 4295 poeta

134 4310 187 4380 Qui
201 4308 287 4365 lucris
301 4308 405 4379 consul,
419 4323 490 4362 nunc
508 4305 587 4363 leidis
601 4319 661 4361 esse
675 4303 845 4360 ministrum?
985 4312 1037 4367 Pro
1053 4327 1133 4382 poeua
1146 4315 1238 4384 posuit
1254 4329 1261 4370 :
1277 4316 1368 4384 Sedet,
1384 4327 1571 4388 eternumque
1587 4313 1700 4370 sedebit

136 4400 270 4472 Quodque
284 4398 369 4470 pudet
384 4396 481 4470 primo,
498 4404 524 4453 te
542 4412 595 4453 non
611 4395 694 4467 pudet
709 4409 769 4451 esse
787 4392 904 4449 seeundo
920 4411 927 4449 ε
982 4397 1077 4454 Iulelix
1093 4400 1215 4458 Theseus
1229 4403 1286 4476 (85)
1296 4424 1304 4475 3
1316 4419 1427 4476 semper
1439 4409 1517 4460 uocet
1530 4401 1598 4457 utile
1613 4401 1748 4473 longum,

133 4488 327 4562 Ingeniumque
343 4496 417 4544 tuum
435 4496 526 4559 turpes
540 4487 667 4541 damnare
682 4500 730 4557 per
744 4484 859 4619 bymggs
946 4486 1098 4627 taifrandia
1112 4487 1196 4563 longa
1211 4495 1318 4562 noceat,
1333 4492 1436 4564 jejunia
1450 4492 1531 4566 longa
1543 4488 1679 4562 fatigant3

844 4576 944 4626 mmen
976 4579 1049 4624 etus,

144 4640 147 4648 .
169 4668 230 4742 (81)
246 4668 370 4751 Obstipui
383 4667 519 4734 monitus,
531 4667 588 4749 iic·
602 4665 655 4747 ¹Est
676 4666 734 4720 boec
754 4664 861 4747 phrasis
876 4681 929 4750 non
948 4687 970 4765 n
1023 4667 1081 4747 (83)
1099 4669 1215 4752 His'esse
1229 4671 1322 4755 diebos
1338 4687 1369 4754 se
1381 4674 1472 4729 costos
1484 4672 1661 4751 memorent,
1676 4676 1730 4722 etc.
1744 4665 1775 4720 be

133 4742 217 4798 modo
238 4742 407 4812 Cyprtautca,
428 4755 482 4810 qua
503 4739 566 4793 allbt
581 4737 667 4794 dttvt:
684 4752 764 4792 noces
778 4736 924 4809 obstupere,
989 4737 1078 4794 Coelos
1094 4740 1169 4796 lsrdts
1185 4758 1268 4798 sacrus
1280 4745 1338 4799 vide
1362 4743 1431 4798 inire
1454 4743 1653 4798 Tertullianum
1678 4744 1735 4794 tom
1748 4733 1774 4797 l.

59 4857 63 4865 .
133 4815 182 4868 sed
197 4812 436 4876 et'l'ertulllauica,
453 4809 627 4881 sicutisupra
650 4807 743 4866 videre
765 4807 868 4866 estlib.
892 4809 926 4869 de
979 4809 1028 4866 lib.
1043 4808 1076 4865 de
1096 4812 1281 4881 Jejonit'sudo.
1298 4815 1453 4888 Psqcbt'cos.
1488 4813 1538 4868 Est
1555 4819 1621 4867 aute
1648 4805 1775 4866 etiumhb

133 4884 223 4940 ludio.
235 4885 356 4952 Deretini,
372 4899 429 4952 enp.
446 4896 475 4951 n,
492 4880 539 4937 ubi
557 4882 677 4953 legitur:
979 4895 1075 4937 versus
1093 4884 1235 4955 obscurus,
1260 4894 1287 4942 et
1301 4885 1370 4943 lorte
1386 4885 1529 4941 mendosus
1545 4901 1551 4939 :

196 4955 346 5016 Obstipuere
358 4953 460 5014 quidem
475 4953 568 5014 plures,
582 4951 693 5015 patuisse
711 4951 833 5014 sepulcra.
1012 4950 1090 5011 Quale
1105 4967 1205 5006 sacrum
1215 4964 1252 5007 est
1269 4970 1337 5016 vero,
1347 4957 1415 5021 quod
1431 4957 1510 5006 lectur
1524 4952 1628 5004 nomino
1644 4965 1693 5002 san
1730 4947 1763 4998 'sl

133 5016 332 5085 Castigatimns
351 5022 440 5070 autom
455 5017 593 5080 monitus,
609 5029 657 5084 pro
671 5017 775 5071 molus.
1018 5015 1077 5086 (ot)
1095 5018 1242 5093 Culiqoqtoc
1256 5024 1365 5077 remoto
1399 5029 1450 5075 etc.
1466 5021 1505 5074 De
1518 5019 1629 5073 militie
1658 5031 1695 5072 ce
1708 5015 1774 5086 uolo

168 5090 226 5159 (88)
240 5089 363 5158 Nutuquo
373 5087 542 5156 sacerdotes,
554 5094 606 5140 etc.
617 5085 827 5142 Emendavimus
842 5085 929 5144 iidem
982 5085 1043 5142 vide
1059 5091 1264 5163 septemnali,
1277 5061 1478 5148 llbde'ldolol.
1493 5105 1554 5161 cap.
1568 5093 1613 5159 to,
1630 5102 1707 5167 num:
1722 5084 1773 5140 tlt.

133 5173 183 5229 pro
198 5161 283 5226 iderti,
298 5172 324 5214 et
339 5157 491 5229 paulopost
503 5175 513 5239 ;Ι
526 5158 843 5238 reliquojomlcmpore
863 5157 931 5232 quid
984 5158 1066 5230 htqtu
1078 5161 1223 5232 corripitur
1236 5167 1345 5219 etiams
1371 5163 1398 5218 in
1421 5161 1537 5218 ablativo
1557 5161 1604 5233 qui
1625 5166 1750 5230 sequitur
1767 5168 1773 5207 :

130 5234 211 5299 sunt,
228 5247 277 5301 pro
296 5245 418 5303 corpore.
435 5232 514 5300 Atqui
534 5232 568 5284 de
588 5228 773 5308 sacerdotibus
805 5229 882 5283 isidis
906 5234 933 5284 et
1056 5229 1161 5304 Gallica,
1176 5233 1208 5282 sit
1224 5233 1331 5297 pedibus
1345 5233 1415 5284 molti
1432 5231 1549 5282 redimita
1560 5245 1669 5296 papyro.

130 5301 190 5381 ipsa
206 5302 274 5383 iside
299 5316 380 5384 snpra
400 5314 455 5354 uon
481 5301 565 5380 semel
591 5311 656 5352 saus
675 5300 779 5353 doctum
803 5307 854 5355 est.
883 5299 933 5355 llic
985 5300 1396 5423 CastigavtmusveroErecenszl
1409 5295 1709 5424 Consulpgoeedlu'tin
1729 5312 1773 5354 ttr-

127 5370 935 5519 llhlllllllttllttllltttt‘litlltfttlltt
988 5375 1059 5500 llll
1073 5381 1128 5494 vll
1139 5370 1368 5496 llll-'indm
1394 5370 1446 5424 'ff
1460 5383 1526 5521 ΜΤ
1561 5383 1624 5425 ”””
1637 5374 1706 5439 “⁰‘’
1730 5379 1774 5442 ΡΝ

127 5520 155 5594 et
168 5517 249 5657 pedo?
271 5517 417 5598 dolliconn
437 5529 545 5585 papyro
566 5510 854 5583 retentumquenique
870 5527 935 5568 ouon
1026 5511 1083 5586 (85)
1112 5513 1192 5570 Sedet
1217 5515 1411 5584 eternumque
1435 5509 1539 5568 sedebo
1566 5512 1676 5583 infelix
1712 5510 1772 5570 tte·

124 5600 165 5639 sos
181 5602 211 5642 ro
238 5599 485 5643 ocenoconmum.
636 5602 642 5613 ’
989 5602 1061 5650 seue.
