3840 6134
193 312 248 375 tlt
543 309 764 374 nnhnhmlllll
783 307 916 373 cenibil
935 307 1020 369 rats
1039 307 1075 368 ll.
1092 336 1129 351 -
1146 304 1264 369 sentes
1282 305 1302 374 l,
1324 303 1521 366 lobenich:
1795 303 1852 365 448

194 438 349 509 Harmonia,
372 438 420 510 qui
439 436 608 495 connubium
629 415 768 497 eversatur
790 438 826 504 ⁹⁹,
855 434 993 509 quomodo
1008 447 1035 529 Ι
1048 433 1205 491 sacerdotes
1228 430 1366 506 supremis
1400 430 1481 489 etiam
1522 440 1667 503 parentum
1694 430 1853 491 interesse:

193 526 280 588 rideri
307 532 403 602 potast-
431 527 606 600 ptrrnlornm
632 527 762 595 dilector,
791 540 910 600 qnorum
939 532 995 582 tota
1049 525 1274 597 supereminere,
1287 521 1378 594 inquit
1392 519 1597 593 (taeduit)
1610 521 1741 579 ocimum
1751 520 1855 593 desem

196 630 278 675 censs
301 615 466 674 cmnnbium
490 616 599 689 esttl).
615 617 668 687 Qui
684 632 777 675 semen
793 615 861 682 odit,
877 614 996 672 lmctnm
1048 618 1126 670 etam
1135 613 1262 672 sacerdos
1282 628 1343 670 eoa
1354 610 1485 669 introibit
1504 615 1533 668 ct
1557 627 1641 685 asper
1671 612 1855 683 porsciem³

135 775 137 779 Ι
195 720 307 781 qnoque
325 712 480 764 exsecretur
493 722 607 764 necasse
623 715 674 764 est.
694 708 744 763 Nn
758 706 804 763 ille
829 703 928 764 serior
945 704 994 759 ha·
1048 719 1132 760 suom
1146 719 1204 759 aare
1217 701 1475 760 contaminabitur.
1485 701 1521 755 Et
1532 700 1568 756 da
1582 699 1727 757 deuotione
1740 699 1769 754 in
1785 699 1853 759 Ari·

197 796 305 855 bendns
335 795 462 868 AEgypsio
486 812 550 868 rega
570 813 578 852 ε
595 812 657 853 nana
679 797 783 853 l’harao
806 793 916 853 educari
940 808 995 848 non
1049 789 1428 863 thmislllom.v1,det7l;
1455 804 1518 847 nam
1532 796 1559 847 et
1576 788 1642 855 illic,
1665 787 1715 861 qni
1737 805 1769 846 sa
1793 789 1853 849 nes

198 885 307 943 sinebat
324 884 461 953 inlentes;
489 884 538 942 ieta
567 901 617 942 nec
635 885 725 953 naam,
753 884 881 943 enierens
915 882 996 939 ritem
1048 881 1165 953 roserit,
1183 881 1368 937 intercoetera
1389 878 1622 952 jubet,nesnper
1636 876 1721 934 ullum
1734 878 1853 935 animam

197 974 253 1032 illis
280 973 362 1030 etiem
385 975 481 1030 decem
503 974 636 1031 mensium
664 975 693 1030 in
719 982 807 1032 ntaro.
848 975 886 1031 ht
923 973 996 1030 enim
1050 970 1166 1028 introeat
1193 969 1358 1037 defunctam,
1383 985 1419 1026 ne
1446 982 1529 1041 super
1553 967 1638 1038 petria
1663 966 1784 1041 quidem,
1804 976 1854 1029 aut

198 1073 299 1139 quanto
326 1063 495 1131 credibilius,
524 1071 555 1120 ut
582 1065 643 1136 eJ'us
664 1065 809 1135 deputetur
835 1062 945 1121 allectio
968 1062 996 1118 in
1051 1059 1144 1117 matris
1170 1069 1216 1117 aut
1236 1057 1335 1117 lretria.
1351 1060 1420 1116 Puto
1444 1064 1533 1114 antem
1560 1064 1589 1114 et
1608 1054 1746 1113 deuotioni
1759 1066 1789 1115 et
1810 1074 1853 1115 sa·

198 1149 397 1225 parisicensi
423 1148 608 1207 benedicendo
621 1150 786 1207 connubium
806 1151 835 1207 in
861 1165 997 1223 propaga·
1051 1148 1173 1206 cerdotio
1189 1148 1352 1219 destinebat,
1363 1162 1445 1221 quem
1458 1143 1632 1218 predicando
1643 1159 1728 1220 regno
1738 1145 1788 1201 Dei
1801 1145 1855 1203 im·

198 1239 299 1295 tionem
332 1238 442 1311 generis
469 1237 592 1309 hnmani,
619 1238 708 1309 ipsum
736 1254 846 1312 quoque
879 1237 996 1296 iunctum
1051 1239 1153 1296 bnerst.
1167 1236 1260 1295 Antei
1274 1252 1330 1294 non
1346 1237 1383 1293 ita
1400 1245 1453 1305 ast,
1468 1233 1536 1291 satis
1553 1231 1657 1307 impius
1670 1234 1853 1306 pronuntian-

197 1326 327 1385 connnbii
339 1325 526 1384 benedicendo
540 1327 673 1400 promisit,
694 1327 741 1400 qui
761 1327 797 1385 de
811 1326 924 1385 iniantia
936 1327 998 1400 pri·
1050 1327 1112 1396 dns,
1127 1326 1174 1401 qui
1188 1326 1262 1384 nulla
1275 1326 1377 1384 ratione
1390 1323 1459 1397 legis
1473 1321 1671 1394 interoedenta,
1695 1322 1854 1395 sepulturas

198 1428 259 1471 mus
272 1418 325 1471 eet.
345 1415 537 1487 Repraesentet
549 1417 660 1473 Creator
682 1416 786 1492 ignium
811 1417 919 1492 plepem
939 1417 998 1474 Elis
1050 1424 1193 1491 parentum
1203 1412 1408 1488 despicialiliis
1422 1411 1582 1485 imperabat.
1593 1410 1662 1467 Cum
1674 1426 1741 1468 nero
1755 1422 1782 1468 et
1795 1419 1854 1470 ter·

198 1504 352 1576 postulante
365 1502 394 1559 in
407 1503 454 1561 illo
467 1503 706 1578 pseudoprophete
718 1505 768 1577 (Ν
781 1509 845 1577 hep.
860 1505 892 1576 ι).
903 1507 997 1580 Agno-
1050 1506 1127 1575 dum,
1157 1504 1232 1577 prius
1259 1503 1319 1561 anis
1352 1502 1501 1561 valedicere
1533 1508 1684 1573 parantem,
1723 1500 1855 1573 prohibat

197 1606 244 1649 sco
269 1589 375 1650 iudicis
396 1591 614 1662 seredtateme
635 1591 780 1662 contrario,
810 1591 909 1649 Christi
927 1594 996 1651 leni
1051 1603 1123 1653 retro
1144 1603 1306 1667 respectare,
1323 1602 1423 1651 sectam
1443 1591 1579 1650 creatoris
1606 1589 1775 1664 exsequitur.
1795 1592 1855 1650 lice

199 1688 278 1738 tatem
306 1680 494 1753 increpeutls¹
515 1680 638 1737 eamdem
664 1678 921 1740 animadversionem
947 1683 996 1739 de·
1050 1691 1079 1741 et
1092 1683 1139 1741 ille
1158 1684 1280 1741 noluerat
1291 1683 1390 1741 iecisse
1408 1698 1478 1755 quos
1500 1697 1533 1738 aa
1557 1679 1683 1738 Sodomis
1713 1679 1853 1739 liberarat.

198 1771 332 1827 stinsntes
358 1767 516 1840 discipulos,
544 1783 629 1840 super
641 1766 717 1823 illum
734 1768 856 1826 viculum
877 1770 996 1828 Samari·
1339 1771 1452 1830 CAPUT
1465 1770 1567 1829 XXIV.

199 1869 296 1915 tarum.
309 1858 445 1929 sgnumst
459 1864 487 1911 et
500 1858 643 1915 hereticus
656 1858 692 1915 ab
707 1858 805 1915 eodem
825 1860 998 1919 severissimo
1086 1865 1189 1938 illepit
1199 1868 1226 1923 et
1243 1864 1315 1922 aiios
1332 1864 1519 1937 septensiato
1532 1858 1672 1935 apostolos
1681 1872 1767 1932 saper
1780 1858 1853 1917 drio-

196 1946 288 2018 jndice
314 1944 437 2017 promitti
466 1946 536 2004 hanc
550 1946 649 2004 Christi
677 1947 900 2008 lenitatemilorr
925 1967 998 2010 eoe-
1050 1956 1142 2013 decim
1166 1955 1245 2024 (bac.
1271 1954 1312 2024 x).
1337 1952 1397 2023 Quo
1424 1950 1496 2008 enim
1524 1947 1669 2007 duodecim
1702 1948 1854 2005 secundum

199 2034 407 2104 tenacemque
419 2035 486 2105 (lan.
506 2052 575 2105 neu,
593 2038 630 2109 i),
647 2056 760 2098 meroe
774 2041 837 2110 &aa
857 2044 889 2099 ia
903 2044 998 2114 platee
1050 2044 1162 2102 totidem
1175 2042 1264 2099 l'ontes
1285 2042 1312 2098 in
1331 2040 1410 2111 Elim,
1426 2041 1451 2096 si
1478 2056 1534 2096 non
1562 2048 1590 2094 et
1607 2036 1794 2110 septuaginta,
1810 2052 1854 2095 aa·

198 2124 340 2183 assetur.
356 2126 998 2201 Arumlmmqacsserommncomminuetis
1050 2134 1172 2191 cundum
1213 2131 1324 2190 totidem
1352 2131 1461 2188 arbusta
1491 2128 1668 2202 palmarum?
1695 2126 1855 2185 Antitheses

137 2271 144 2285 ,
199 2216 513 2290 linumscmiponsnore
528 2220 703 2291 exstirpari.
719 2217 790 2275 Talis
805 2219 899 2292 ntique
912 2223 997 2279 multo
1050 2222 1197 2295 plurimun
1227 2237 1367 2279 causamm
1397 2219 1542 2276 diversitas
1573 2216 1649 2281 iecit,
1681 2229 1738 2272 non
1772 2218 1856 2288 peio-

199 2303 286 2380 mapis
299 2304 421 2362 homines
435 2320 489 2363 non
510 2314 570 2363 eret
592 2316 774 2364 crematurus.
788 2307 857 2364 Nam
880 2319 907 2366 ct
933 2321 998 2369 tnnc
1049 2319 1157 2370 etatum.
1183 2311 1237 2368 Sed
1265 2309 1311 2383 qni
1332 2308 1514 2367 diversitatem
1546 2320 1690 2364 causarum
1717 2318 1773 2361 non
1807 2319 1856 2359 re-

198 2393 233 2450 ad
246 2392 333 2450 Etiam
346 2394 394 2466 (lll
407 2396 472 2468 liep.
488 2410 547 2461 xix,
564 2395 629 2466 ¹2)·'
645 2397 705 2453 ll'crs
725 2394 805 2453 418
823 2397 856 2453 in
876 2400 995 2471 speriti),
1050 2402 1148 2471 sperit,
1170 2399 1252 2456 lecile
1270 2415 1331 2456 enm
1357 2406 1519 2470 potestatam
1537 2394 1711 2453 existimarit.
1741 2390 1855 2451 Praise-

196 2482 306 2555 (inquit,
322 2484 700 2556 manutenueritis
713 2487 788 2542 miti.
800 2488 837 2541 at
855 2485 929 2543 enim
942 2489 996 2545 hu·
1050 2488 1149 2547 tionem
1164 2489 1282 2547 liliorum
1301 2488 1421 2560 israelis,
1434 2487 1556 2556 Creator,
1586 2484 1668 2543 etiem
1692 2482 1746 2539 illis
1759 2481 1857 2555 spoliis

199 2571 373 2629 munierimus
402 2573 486 2641 Dens,
511 2589 560 2629 cur
585 2583 696 2630 recusat
709 2589 783 2646 enm,
811 2575 858 2648 qni
885 2593 915 2633 sa
941 2585 996 2633 tam
1049 2594 1196 2637 anreoruru
1221 2588 1249 2636 et
1261 2586 1452 2652 argenteorum
1480 2577 1659 2643 vasculorum,
1680 2571 1856 2649 etrestium,

197 2661 367 2720 individuum
380 2661 418 2718 illi
432 2661 560 2720 comitem
573 2661 679 2720 oliert?
692 2664 722 2720 si
735 2664 797 2738 quia
810 2666 937 2738 superbe,
953 2669 998 2724 tel
1050 2674 1148 2742 praeter
1161 2668 1291 2724 oneribus
1304 2665 1525 2739 consparsionum
1548 2666 1590 2737 (3)
1609 2661 1799 2721 ollercinalem
1814 2662 1858 2735 (b)

196 2767 230 2809 ex
244 2751 379 2825 hypocrisi
398 2752 524 2810 dixerat:
541 2754 649 2826 Sequor
671 2758 698 2811 te
717 2769 885 2829 paccataque
911 2758 995 2823 ierim
1048 2756 1145 2814 eduxit
1159 2757 1195 2814 da
1219 2757 1232 2797 ⁴
1252 2756 1391 2831 AEpypto:
1426 2754 1548 2812 Christus
1575 2749 1662 2811 m
1687 2759 1780 2809 autem
1807 2766 1859 2810 nec

197 2855 263 2913 erpo
285 2846 331 2896 aut
352 2841 526 2914 superbiam,
565 2852 613 2898 aut
643 2843 796 2914 hypocrisin
821 2845 996 2902 recusandum
1050 2845 1178 2918 virgam⁵
1195 2844 1339 2920 discipulis
1352 2846 1393 2917 (5)
1420 2845 1448 2901 in
1474 2844 1550 2902 riam
1573 2842 1650 2900 'sarra
1676 2840 1855 2915 praescripsit.

193 2929 353 2998 indicendo,
381 2929 503 3001 judicem
528 2930 623 3004 gessit.
651 2932 688 2987 Et
722 2932 816 3005 ntique
845 2935 993 3006 damnarit,
1050 2934 1094 2991 llli
1108 2935 1180 2992 eninr
1194 2935 1222 2991 in
1235 2933 1406 2993 solitudinem
1422 2934 1672 3006 proniorebantnr3
1702 2929 1731 2988 bi
1762 2937 1857 2990 auten

195 3034 276 3092 qnam
292 3019 438 3088 reeusarit,
453 3034 508 3076 non
534 3023 770 3077 consecutumm²
800 3022 901 3081 seilicet
928 3026 1000 3082 salu·
1016 3017 1038 3097 Β
1052 3025 1080 3081 in
1119 3024 1242 3082 civitates
1280 3023 1475 3081 mittebantur.
1516 3020 1665 3078 considera
1712 3034 1856 3078 ceumrurn

196 3112 261 3164 terri
275 3108 344 3163 Nam
358 3107 427 3165 sient
440 3110 475 3165 ed
490 3108 609 3166 salutem
624 3119 713 3181 vocat,
737 3127 820 3184 quem
841 3127 896 3171 non
925 3129 1004 3170 reeu-
1055 3113 1229 3171 offerentiam
1255 3121 1283 3172 et
1303 3113 1441 3186 intelliges
1474 3125 1553 3168 unam
1567 3118 1595 3167 et
1625 3107 1748 3167 eamdem
1773 3119 1856 3182 pote·

196 3195 304 3261 sat,rel
317 3196 399 3254 mam
412 3212 493 3270 quern
514 3198 584 3255 ultro
600 3208 686 3264 aocet,
712 3201 748 3257 ita
775 3201 802 3256 in
823 3201 1002 3274 perditionem
1055 3212 1163 3270 statem,
1177 3219 1240 3278 qua
1264 3203 1413 3260 meandum
1428 3200 1569 3274 penuriam
1583 3208 1611 3257 at
1633 3197 1740 3270 copiam
1764 3210 1856 3269 expa-

196 3288 307 3344 dsmnet
335 3302 417 3360 qnam
444 3293 563 3344 mensal.
581 3284 626 3343 llli
651 3294 742 3344 autem
778 3299 890 3346 causato
919 3293 1003 3361 patris
1055 3293 1185 3350 ditionem
1211 3307 1324 3350 suornm
1349 3290 1496 3362 disposuit;
1520 3287 1635 3361 proinde
1653 3303 1702 3361 per
1730 3284 1857 3346 ciuitates

197 3377 362 3449 sepulturam
385 3392 447 3434 cum
460 3375 622 3448 respondet.
646 3378 713 3435 Siste
726 3381 837 3435 mortar·
861 3382 1001 3452 sepelisset
1054 3383 1248 3441 abundaturam
1272 3377 1478 3445 circumcidens,
1496 3378 1566 3434 sicut
1592 3385 1619 3434 et
1641 3377 1779 3451 agitaram
1807 3392 1859 3449 per

197 3469 324 3525 mortuos
338 3482 413 3538 soca,
426 3470 459 3523 ia
473 3469 572 3524 notem
585 3465 705 3531 verset
718 3468 866 3525 annuntio
879 3486 1001 3543 repetam
1055 3471 1229 3530 solitudinem
1256 3476 1391 3527 struxerat
1401 3470 1425 3527 ⁶.
1458 3467 1547 3525 Etiam
1574 3467 1758 3525 calceamenta
1785 3483 1858 3540 por·

197 3556 248 3612 bei
261 3575 271 3613 .-
286 3561 428 3627 utramque
455 3555 545 3626 legem
561 3555 697 3612 Creatoris
725 3555 867 3613 manifeste
893 3558 999 3615 cenhr-
1055 3562 1207 3619 mrevetoit
1220 3559 1341 3631 illoe(b).
1357 3557 1501 3629 lpscanim
1527 3565 1594 3624 erat,
1613 3557 1733 3628 subque
1748 3571 1802 3613 nec
1829 3555 1859 3612 ia

199 3643 292 3709 merit,
319 3652 348 3701 et
373 3642 411 3701 de
435 3643 587 3701 sacerdotio
606 3643 633 3698 in
662 3643 782 3703 Levitico
808 3646 998 3716 prohibentem
1053 3650 1199 3709 solitudine
1217 3664 1266 3720 per
1279 3656 1318 3705 tot
1333 3661 1418 3704 annos
1436 3646 1552 3720 populns
1575 3645 1758 3704 calceamenta
1773 3645 1860 3708 detri-

885 3770 982 3837 Varie
1003 3778 1159 3841 lectiones.

235 3873 260 3912 ⁹⁹
274 3870 439 3927 hdveraatnr
453 3873 513 3955 nep.
534 3874 625 3932 Veraci.
643 3868 898 3945 ¹Reprehandentis
911 3879 973 3938 cod.
993 3883 1093 3940 li'ooru.
1109 3881 1295 3938 ²Secntnmm
1306 3880 1392 3938 Semi.
1409 3878 1421 3918 ³
1436 3879 1543 3936 Patrem
1558 3878 1668 3937 oberth.
1683 3879 1696 3917 ⁴
1709 3878 1861 3937 lirsemi.

199 3944 318 4001 arerem
332 3946 418 4002 Fron.
429 3943 441 3982 ⁶
451 3942 602 4001 strinxerat
615 3950 699 4003 notai
713 3945 803 4003 libere.

903 4019 1157 4090 Commentarius.

114 4114 120 4124 ’
235 4125 274 4199 (l)
292 4126 416 4206 Quartam
444 4127 503 4180 loto
518 4139 602 4179 causo
616 4124 791 4181 contrabium
819 4131 871 4184 esi.
905 4130 999 4187 Totam
1014 4146 1037 4225 n
1053 4129 1201 4199 Exadius,
1219 4131 1276 4185 di:
1299 4128 1412 4183 Ἀνέλαὸε
1438 4128 1465 4182 ab
1492 4128 1506 4182 ὁ
1529 4129 1589 4190 λαὸς
1615 4129 1644 4182 rb
1667 4119 1735 4188 oreis
1759 4129 1858 4185 αὐτῶν.

199 4214 317 4257 coemam
332 4195 431 4266 accipit
445 4205 539 4252 auctor
553 4208 602 4267 pro
615 4197 766 4271 pleraque·
780 4212 843 4254 nam
857 4201 908 4255 tria
926 4201 998 4257 bona
1053 4203 1226 4274 llesychins:
1250 4202 1333 4267 Σταῖς,
1358 4201 1458 4272 φύραμα
1493 4199 1596 4271 ἄλεὶιρου
1632 4204 1716 4270 πυροῦ.
1735 4199 1859 4255 Glosse-

199 4268 326 4327 eonnubii
341 4267 476 4325 adnotavit
489 4282 546 4323 non
557 4280 612 4322 nno
639 4267 665 4323 iu
682 4270 740 4325 loco
755 4271 786 4325 B.
815 4274 996 4342 Augustinus.
1052 4275 1121 4331 riurn
1136 4282 1215 4330 vetus
1228 4275 1307 4341 σταῖς,
1322 4272 1374 4329 cde
1394 4289 1417 4328 s.
1434 4272 1512 4341 item,
1523 4272 1637 4344 eipepa,
1653 4286 1759 4338 mmee,
1774 4286 1862 4327 coar·

200 4341 297 4405 iidem,
310 4347 518 4404 sacramentnm,
546 4344 574 4395 et
588 4339 703 4410 prolem,
725 4355 785 4397 cnm
799 4340 906 4399 iuterim
935 4345 996 4414 ple·
1049 4345 1206 4419 persiomic
1219 4344 1350 4400 adversus
1379 4342 1577 4400 alentinianos:
1592 4364 1603 4394 s
1617 4340 1862 4412 Inconspcrsionie

199 4411 809 4541 litiistlllhttllmllllltm
824 4415 997 4540 lilim*
1051 4416 1167 4544 ‘lli'ia
1181 4414 1465 4543 ‘ltet‘tlttt
1479 4413 1858 4540 ‘⁰l¹¹¹¹l·⁰⁰lfii¹il'⁰i'¹¹tf

200 4500 484 4637 promeungro'aligubi
500 4553 586 4624 accipi
598 4500 711 4623 ’pateat
722 4499 765 4609 pld
791 4501 874 4611 erliima
887 4501 997 4614 2133?ss
1054 4502 1266 4620 υῗῃειίοίίεῃζιξιῗα
1290 4500 1561 4630 coplrszemrgimsmertr
1574 4502 1650 4614 ¹esaiis
1671 4572 1705 4613 cc
1724 4526 1775 4609 mi.
1787 4524 1859 4611 illo.

200 4627 291 4685 rerhis
322 4626 424 4685 indicat
445 4635 549 4686 auctor.
570 4640 632 4681 cum
646 4623 804 4706 paulopost
832 4628 994 4701 subjungit:
1085 4632 1126 4701 tl)
1141 4632 1163 4687 0
1176 4631 1361 4700 sarcinatum.
1382 4628 1471 4685 Exod.
1486 4627 1690 4701 ripopbiarca
1703 4573 1768 4681 guas
1782 4620 1860 4679 debe·

203 4700 317 4769 «ipsum
332 4713 440 4782 quoque
451 4698 570 4754 irnctum
585 4696 718 4753 connubii
731 4696 917 4757 benedicendo
932 4716 997 4772 pro·
1051 4704 1141 4776 septae
1167 4703 1242 4761 eret<
1257 4699 1360 4771 lpeelere
1379 4701 1469 4756 eirea.
1485 4700 1550 4756 ilie.

200 4771 284 4839 misit,
319 4786 346 4825 ur
360 4770 395 4825 de
410 4768 520 4823 infantia
538 4766 642 4838 primus
655 4774 704 4823 est.
722 4787 733 4817 a
749 4770 819 4825 Pars.
1086 4774 1124 4843 (o)
1143 4772 1271 4829 Christus
1294 4774 1389 4829 caten
1415 4787 1466 4831 aee
1488 4772 1597 4842 oirpam
1620 4768 1781 4842 discipulis,
1802 4774 1878 4848 etc..

236 4843 275 4913 (i)
312 4858 358 4898 om
373 4844 401 4896 et
417 4838 534 4896 rasead
549 4841 640 4895 Eiiom
656 4841 752 4896 storria
767 4841 836 4913 iperi.
850 4841 996 4898 hlluditad
1052 4845 1179 4915 legerem
1197 4858 1256 4898 eum
1283 4842 1471 4907 Pamelio,rree
1493 4860 1593 4915 peram
1607 4861 1617 4908 ,·
1632 4840 1760 4913 congruit
1783 4840 1860 4897 enim

201 4913 341 4967 historiam
356 4911 433 4977 Elia,
448 4909 567 4981 llllleg.
582 4925 644 4964 xix.
659 4908 737 4977 Quod
752 4913 909 4972 aeternali:
927 4916 997 4972 Num
1052 4916 1130 4988 plane
1145 4913 1221 4969 lectio
1233 4914 1290 4969 haec
1304 4929 1364 4969 cum
1384 4913 1489 4988 Evang.
1505 4915 1536 4969 B.
1552 4913 1695 4969 lucete
1710 4914 1761 4968 Pn.

89 4984 94 4995 “
200 4987 230 5040 ei
253 4983 373 5038 ianced
391 4983 495 5043 Elium,
525 4981 576 5035 hoc
601 4990 652 5046 est,
667 4980 749 5037 etiam
778 4986 805 5036 in
827 4984 920 5040 Veteri
947 4986 998 5041 l'e·
1088 4986 1127 5057 (6)
1138 4986 1234 5043 Elium
1248 4987 1441 5042 calceamenta
1461 4991 1577 5057 portare
1589 4984 1685 5041 vetuit
1698 4983 1777 5041 illos.
1794 4982 1857 5040 Non

200 5061 334 5111 ammento
360 5053 449 5108 Deum
471 5067 530 5132 esse
558 5050 649 5107 mitem
675 5061 704 5109 et
740 5053 943 5112 misericordem
971 5065 998 5112 et
1051 5056 1277 5129 itahrecaeeipe,
1292 5055 1486 5127 utdiscipulos
1513 5055 1582 5112 albis
1594 5055 1710 5128 pedibus
1723 5053 1859 5113 incedere

201 5122 371 5195 placabilem.
394 5122 545 5194 Procopius
564 5140 570 5179 :
587 5120 644 5178 “Ort
656 5120 685 5177 di
699 5122 728 5179 ab
742 5130 774 5178 πῦ
802 5125 873 5194 ὁτῆς
887 5128 999 5186 lietera<
1052 5128 1166 5186 uoluerit
1188 5126 1311 5185 Christus
1329 5128 1481 5193 Dominus·,
1497 5126 1547 5183 sed
1571 5134 1676 5185 mnium
1688 5140 1724 5183 ne
1746 5124 1783 5185 de
1796 5125 1858 5183 eel-

201 5195 271 5263 sebe,
289 5192 375 5254 Ἠλίας
388 5194 538 5262 διδάσκεται,
552 5194 593 5247 sal
607 5195 631 5247 bl
653 5194 728 5247 atron
749 5144 835 5259 agne,
847 5196 927 5282 ipsit·
943 5196 997 5251 ἀλλ’
1052 5199 1197 5257 caementis
1216 5199 1464 5280 sibiuprnriderent,
1479 5198 1579 5272 quihus
1603 5199 1644 5254 uti
1663 5208 1788 5268 possent,
1809 5196 1858 5280 nbi

200 5266 258 5323 odet
277 5271 341 5337 αὖρα
354 5264 441 5347 λεπτῇ,
454 5267 486 5318 δι’
501 5265 576 5335 αὔρας
597 5263 626 5318 bi
647 5266 745 5337 λέγεται
765 5270 878 5337 παρεῖναι
899 5270 997 5337 λεπτῆς.
1052 5285 1087 5327 tta
1099 5287 1160 5342 quae
1176 5272 1203 5326 in
1216 5270 1333 5343 pedibus
1348 5271 1491 5336 habebant,
1503 5269 1593 5326 attrita
1606 5277 1710 5328 esseni.
1729 5268 1766 5325 Ut
1785 5282 1856 5326 etun

201 5338 271 5395 Vide
284 5352 346 5406 onte
360 5336 392 5392 ad
407 5336 455 5391 hh.
471 5337 505 5392 de
523 5337 659 5392 Pei-lito·
1052 5358 1115 5399 cum
1132 5343 1220 5400 Veteri
1241 5344 1414 5398 Testamento
1437 5341 1503 5397 illud
1526 5350 1668 5415 congrunt,
1692 5340 1739 5413 qui
1765 5341 1858 5396 israe·

236 5409 277 5485 (3)
293 5412 399 5467 Preter
422 5408 551 5466 orieribm
576 5407 821 5481 consparsionum.
841 5408 885 5466 Sic
899 5409 1000 5496 legitur
1053 5412 1115 5469 lites
1134 5416 1204 5470 adeo
1217 5415 1307 5471 salros
1326 5424 1353 5470 et
1372 5412 1523 5469 incolumes
1544 5429 1595 5483 per
1607 5428 1649 5468 an.
1664 5414 1700 5468 lh
1719 5412 1858 5482 praestitit.

201 5485 229 5541 in
256 5481 414 5555 exemplari.
435 5481 529 5554 ltaque
570 5479 614 5538 hic
648 5481 755 5554 prrelcr
774 5480 959 5550 adverbiascrt
975 5490 1003 5540 at
1056 5492 1086 5541 nt
1111 5499 1198 5556 neque
1213 5493 1302 5542 vestes
1324 5499 1411 5557 nequo
1433 5484 1517 5540 calcei
1546 5490 1760 5550 contererentur,
1785 5484 1859 5541 idem

202 5551 504 5628 sigmficetlproeierec.
533 5550 623 5611 Onera
649 5559 739 5608 autem
780 5553 1001 5626 consparsionum
1055 5555 1171 5615 labieno
1195 5556 1252 5613 suis
1265 5557 1389 5612 eamdem
1408 5554 1534 5613 fiduciam
1563 5562 1691 5627 prestare
1715 5554 1820 5631 poterit
1830 5560 1863 5611 et

202 5625 268 5682 dicit
295 5625 389 5683 larinee
421 5640 534 5681 massam
557 5632 640 5695 'aquae
668 5624 846 5701 consparpino
869 5634 1000 5685 coactam.
1056 5629 1238 5687 securitstem.
1254 5627 1285 5683 ld
1307 5622 1381 5685 enim
1398 5633 1543 5686 contextus
1555 5625 1614 5701 iper
1624 5625 1720 5699 exigit.
1740 5626 1783 5684 be
1806 5626 1859 5683 l’n.
