3840 6134
88 306 134 368 tel

336 378 351 409 Ι

693 308 756 370 llll.
774 311 809 370 lll
828 308 906 370 tbll.
927 306 1128 372 MARCIONEM.

1680 307 1732 367 att

79 434 190 505 ‘operati
206 434 277 506 quod
293 434 449 490 mundatum
465 434 506 490 eis
520 434 624 503 iuerat;
640 436 739 509 primo,
764 451 817 491 non
832 438 882 491 ad·
898 452 922 530 fl
938 437 1037 509 paruit,
1052 435 1099 490 sed
1120 434 1238 491 noudum
1258 441 1342 502 nalae3
1364 433 1426 504 quia
1444 433 1562 490 nondum
1587 434 1731 506 ruoriturae,

87 523 203 580 mitteris
217 523 249 578 ad
264 525 324 594 ejus
339 523 390 579 Dei
405 526 539 597 exempla,
564 541 643 597 quem
663 525 780 580 destruis
797 544 804 580 :
821 543 882 581 uam

87 625 113 671 et
127 621 230 684 quanto
247 613 385 670 meliorem
407 623 435 671 el
454 614 642 686 perfectiorem
666 614 753 670 Deum
769 614 882 683 inducis,

88 710 160 757 tanto
177 717 231 758 uon
246 686 454 773 competunt'illi
470 705 530 774 ejus
544 701 677 776 exempla,
692 719 757 774 quo,
773 703 825 759 nisi
839 705 884 759 di-

87 806 182 847 rersus
204 789 233 845 iu
253 780 358 860 ¹totum,
386 807 439 848 nou
467 792 518 846 erit
541 792 651 848 omniuo
680 791 779 846 melior
806 801 885 864 atque

88 877 245 952 perfectior.
269 878 375 935 Dehinc
393 878 472 949 scito,
488 896 540 935 nec
553 880 616 934 illul
642 879 756 936 concedi
783 880 840 952 tibi,
856 889 885 939 ιιι

85 968 207 1039 putativa
222 967 301 1021 luerit
320 967 347 1021 iu
363 967 465 1039 angelis
479 983 555 1034 caro,
572 968 620 1024 sed
643 983 713 1024 verae
737 975 766 1024 et
792 969 885 1026 solidae

87 1054 245 1110 substantia
268 1055 402 1110 humanae.
432 1054 459 1110 Si
480 1057 553 1111 enim
582 1056 690 1112 difficile
704 1072 759 1111 non
774 1057 822 1112 luit
836 1058 884 1132 illi,

87 1143 216 1214 putativae
234 1144 323 1198 carnis
335 1158 415 1200 veros
429 1153 456 1199 et
476 1160 570 1200 sensus
595 1153 622 1199 ιι
645 1152 721 1200 actus
748 1146 885 1216 exiribere,

87 1231 174 1288 multo
195 1229 304 1287 facilius
332 1230 426 1287 habuit
447 1232 518 1289 veris
541 1243 566 1288 et
588 1234 713 1290 sensibus
733 1247 759 1291 et
783 1236 886 1291 actibus

87 1333 178 1374 seram
203 1317 312 1374 dedisse
335 1320 513 1376 substantiam
533 1321 633 1385 carnis,
667 1322 709 1378 vel
742 1338 795 1394 qua
819 1337 885 1394 pro·

88 1407 166 1482 prins
179 1415 275 1463 auctor
295 1413 322 1462 et
340 1407 440 1463 artilex
459 1409 528 1480 ejus.
549 1410 623 1465 Tuus
643 1419 732 1466 autem
752 1410 835 1478 Deus,
851 1425 885 1469 eo

87 1498 161 1570 quod
189 1512 300 1553 earnem
325 1497 425 1550 nullam
449 1499 560 1554 omnino
592 1497 767 1570 produxerit,
790 1496 886 1553 merito

87 1588 205 1644 terasso
218 1585 379 1658 phantasma
391 1586 450 1656 ejus
463 1586 593 1653 intulerit,
610 1587 688 1658 eujus
712 1603 766 1643 non
789 1586 885 1653 value-

88 1682 129 1731 rat
141 1673 296 1731 voritatcm.
319 1673 396 1730 lleus
414 1682 503 1730 autem
518 1674 602 1742 Dens,
618 1675 665 1747 qui
677 1674 748 1730 illam
763 1676 796 1732 de
818 1676 884 1732 limo

939 525 987 581 scd
1008 532 1035 579 et
1056 524 1081 560 ⁵³
1103 522 1233 577 discentis
1253 522 1312 590 jam
1332 521 1402 576 iuter
1423 522 1547 578 homines
1568 527 1731 581 conversari.

938 611 1000 680 Quo
1020 613 1105 687 tnagis
1123 610 1220 685 angeli,
1245 625 1333 681 neque
1352 610 1386 663 ad
1405 610 1573 665 monendum
1592 629 1641 681 pro
1656 614 1735 668 nobis

939 701 1075 772 dispositi,
1100 700 1211 755 brevem
1239 698 1327 754 carnis
1354 703 1531 753 commeatum
1560 715 1613 754 non
1635 700 1736 757 debue-

939 798 1000 844 runt
1019 788 1153 845 nascendo
1168 787 1324 858 sumpsisse,
1335 787 1397 857 quia
1421 801 1470 840 nec
1494 785 1633 842 moriendo
1653 788 1737 859 depo·

940 879 1017 935 siluri
1043 894 1102 934 eam
1127 876 1243 943 fuerant,
1266 875 1313 931 sed
1331 873 1402 930 uude
1422 875 1494 930 unde
1509 875 1533 913 ⁵⁵
1546 884 1690 947 sumptam,
1711 884 1737 932 et

938 966 1143 1040 quoquomodo
1159 967 1269 1022 omnino
1287 963 1435 1030 dimissam,
1454 965 1556 1019 mentiti
1571 980 1631 1020 eam
1650 973 1739 1021 umen

941 1072 994 1112 non
1008 1064 1079 1111 sunt.
1100 1055 1129 1113 Si
1144 1056 1254 1111 Creator
1271 1055 1345 1124 fucit
1359 1054 1472 1126 oeqelos
1487 1055 1619 1126 spiritus,
1642 1059 1669 1110 et
1691 1071 1739 1127 up·

937 1147 1078 1216 punitores
1089 1161 1151 1201 roos
1169 1147 1262 1215 ignem
1272 1144 1443 1214 tloqruntem
1456 1142 1541 1213 (Paul.
1554 1158 1613 1215 curt,
1631 1143 1668 1213 l),
1683 1149 1741 1198 tarn

940 1248 1000 1287 vere
1022 1232 1134 1303 spiritus
1153 1247 1234 1305 quarn
1248 1240 1275 1285 et
1293 1229 1399 1304 ignem;
1420 1229 1491 1286 idem
1513 1231 1573 1286 illos
1592 1248 1655 1289 vere
1677 1230 1741 1288 iecit

940 1328 966 1375 et
985 1336 1095 1377 carnem
1114 1339 1121 1375 :
1138 1330 1166 1376 ut
1192 1335 1264 1376 nune
1287 1321 1470 1389 recordemur,
1494 1328 1521 1374 et
1542 1320 1679 1378 haereticis
1701 1336 1742 1376 re·

940 1409 1105 1477 nuntiemus,
1127 1411 1187 1481 ejus
1210 1425 1270 1465 esse
1295 1409 1467 1480 promissum,
1491 1409 1616 1466 homines
1640 1410 1668 1464 ιιι
1690 1427 1741 1465 an-

940 1498 1018 1571 gelos
1038 1498 1201 1555 refornrandi
1220 1497 1391 1572 quaudoque,
1411 1497 1457 1570 qui
1476 1497 1588 1570 angelos
1606 1499 1633 1553 in
1652 1499 1743 1555 honri-

939 1603 989 1642 nes
1021 1586 1143 1643 formarit
1157 1587 1314 1658 aliquando.

1259 1673 1375 1730 CAPUT
1395 1675 1431 1730 X.

88 1766 236 1834 sumptam,
254 1761 280 1816 in
295 1761 346 1816 hac
366 1759 521 1820 reformavit
544 1761 683 1834 qualitate,
707 1763 827 1819 nondum
851 1739 923 1819 exB
973 1763 1059 1838 lgitur
1078 1779 1132 1820 nou
1150 1762 1284 1818 admissus
1304 1761 1338 1816 ad
1366 1762 1533 1821 consortium
1556 1765 1742 1836 exemplorum

37 1885 40 1890 -
93 1850 193 1906 semine
213 1849 361 1922 conjugali,
377 1856 404 1907 ιι
427 1860 515 1908 tamen
536 1866 643 1906 earnem
660 1866 736 1922 eque
755 1851 843 1923 potuit
857 1868 891 1908 ex

98 1953 250 2011 quacunque
280 1938 392 1995 materia
428 1939 535 2012 augelis
571 1955 680 2012 quoque
723 1928 891 1997 adstruxisse

97 2032 214 2096 carnem,
228 2025 366 2101 quietiam
386 2026 512 2083 mundum
528 2045 560 2084 ex
574 2028 659 2084 nihilo
675 2027 703 2085 in
724 2036 763 2086 ιοι
784 2045 815 2085 ac
830 2029 892 2085 talia

93 2131 216 2188 corpora,
232 2115 384 2188 etquidem
402 2118 500 2184 verbo,
517 2115 670 2174 edificavit.
690 2118 723 2172 Et
747 2119 840 2190 utique
868 2117 891 2173 si

91 2207 168 2264 Deus
187 2214 248 2262 tuus
274 2222 365 2265 veram
389 2208 550 2280 quandoque
576 2207 754 2264 substantiam
777 2209 891 2280 angelo-

90 2313 151 2352 rum
161 2297 320 2352 hominihus
333 2296 473 2367 pollicetur
485 2315 491 2351 :
503 2300 595 2353 Erunt
611 2297 697 2365 enim,
713 2296 799 2369 inquit
814 2300 891 2369 (lar.

90 2402 140 2452 xx,
157 2387 203 2457 36,
218 2387 292 2443 aaut
307 2387 416 2458 cupell;
428 2401 476 2443 our
491 2401 545 2442 non
565 2398 592 2442 ot
606 2387 680 2442 Delta
701 2402 777 2442 meus
799 2403 892 2444 veram

88 2473 274 2529 substantiam
291 2474 428 2530 bominum
444 2472 548 2547 angelis
568 2474 790 2541 accommodarit,
820 2474 892 2533 unda

88 2565 165 2619 unde
179 2563 206 2602 ⁵⁰
219 2565 379 2634 sumptam?
396 2562 466 2630 Quia
489 2579 540 2620 nec
563 2572 590 2618 ιιι
609 2563 675 2618 ιιιιιιι
699 2564 891 2634 respondebis,

90 2654 166 2709 aude
180 2652 230 2708 illa
240 2653 310 2723 apud
325 2661 352 2707 te
367 2653 490 2726 angelica
505 2663 635 2720 sumatur,
651 2651 752 2710 sufficit
765 2653 832 2708 mihi
843 2655 894 2710 hoo

92 2741 225 2808 delinire,
240 2742 313 2815 qnod
328 2743 385 2796 Deo
405 2742 545 2815 congruit3
562 2742 701 2799 veritatem
715 2742 814 2799 seilicet
835 2743 894 2814 ejus

93 2833 145 2901 rei,
175 2846 257 2904 quam
282 2831 366 2885 tribus
390 2829 501 2886 testibus
529 2830 652 2887 sensibus
675 2832 784 2902 objecit,
814 2831 892 2904 visui,

95 2923 191 2985 ιιιιιιι,
206 2921 316 2977 auditui.
330 2917 473 2976 billleittus
494 2921 551 2976 Deo
567 2920 685 2991 mentiri,
700 2937 778 2992 quarn
804 2920 892 2976 carnis

97 3008 236 3063 veritatem
249 3008 322 3064 unde
345 3006 417 3063 uude
431 3009 455 3045 ⁵¹
475 3010 633 3078 producere,
657 3009 718 3064 licet
739 3025 791 3064 non
812 3018 890 3063 natas.

943 1853 1088 1922 creatoris,
1109 1862 1137 1908 ut
1160 1851 1310 1908 alienorum
1325 1858 1352 1907 ιι
1370 1866 1433 1907 suas
1451 1850 1607 1909 habentium
1622 1870 1743 1927 caussas,

944 1943 1023 1999 velim
1053 1944 1119 1998 edas
1146 1950 1173 1998 et
1198 1941 1258 2015 ipse
1285 1937 1427 1997 eonsilium
1457 1941 1507 1996 bei
1533 1944 1571 1998 tui
1599 1945 1667 2014 (al),
1691 1961 1745 2017 quo

946 2032 1082 2089 Christum
1107 2048 1185 2089 suum
1208 2046 1261 2087 uon
1279 2030 1306 2085 in
1326 2028 1437 2087 veritate
1458 2030 1549 2087 earnis
1567 2031 1702 2088 exhibuit.
1717 2033 1746 2092 Si

944 2131 1103 2194 aspernatus
1125 2128 1166 2176 est
1191 2117 1276 2187 illam,
1293 2127 1321 2174 ut
1345 2125 1491 2186 terrenam,
1511 2128 1546 2186 et,
1585 2130 1614 2177 ut
1645 2119 1745 2193 dicitis,

945 2211 1108 2267 stercoribus
1128 2208 1253 2265 infersam
1268 2208 1302 2280 ⁵⁵,
1321 2223 1371 2277 eur
1389 2223 1443 2264 non
1459 2218 1486 2266 et
1499 2208 1672 2266 simulacrum
1686 2213 1748 2282 ejtts

946 2300 1059 2375 proinde
1082 2297 1228 2372 despexit?
1249 2297 1356 2354 Nullius
1388 2297 1460 2352 enim
1499 2297 1673 2372 dedignandae
1706 2302 1747 2359 rai

946 2388 1035 2463 imago
1066 2387 1203 2464 dignanda
1222 2395 1289 2443 est:
1316 2387 1438 2458 sequitur
1461 2394 1558 2442 statum
1587 2388 1746 2447 similitudo.

948 2478 1001 2534 Sed
1030 2479 1165 2550 quomodo
1197 2477 1268 2532 inter
1290 2475 1412 2532 homines
1444 2485 1659 2544 conversaretur,
1694 2477 1748 2534 nisi

947 2583 995 2640 per
1018 2566 1164 2641 imaginem
1191 2565 1349 2621 substantiva
1370 2566 1516 2620 numme?
1538 2566 1590 2621 Cur
1607 2582 1673 2638 ergo
1694 2582 1749 2624 non

947 2653 1037 2722 potius
1060 2667 1108 2721 per
1130 2650 1277 2716 veritatem,
1298 2657 1328 2704 ut
1346 2665 1410 2705 vere
1424 2658 1637 2716 conversaretur,
1654 2651 1676 2706 si
1697 2668 1748 2707 ne·

948 2755 1025 2796 cesse
1048 2741 1163 2796 habebat
1190 2738 1363 2799 cuversari?
1388 2745 1490 2809 quanto
1518 2737 1627 2809 dignius
1648 2756 1750 2796 neces·

949 2829 1014 2883 sitas
1037 2828 1129 2895 fidem,
1153 2844 1233 2901 quam
1256 2826 1395 2898 stropham
1427 2825 1640 2884 administrasset
1670 2829 1748 2901 (uult

948 2918 1017 2973 Satis
1057 2919 1185 2974 miserum
1218 2919 1304 2973 Deum
1331 2916 1460 2982 instituis,
1495 2918 1545 2973 lroe
1580 2917 1651 2989 ipso,
1676 2922 1749 2991 quod

947 3005 1083 3061 Christum
1111 3021 1191 3059 suum
1214 3020 1268 3059 non
1284 3004 1371 3074 potuit
1393 3005 1531 3075 exhibere,
1557 3006 1608 3062 nisi
1633 3008 1660 3062 in
1680 3009 1750 3066 indi·
1815 3043 1817 3049 ·

102 3097 243 3167 Caeterum,
256 3107 283 3153 et
297 3098 359 3152 aliis
373 3097 505 3153 haereticis
520 3097 710 3153 delinientibus
720 3099 775 3170 ιιι)
786 3115 892 3155 carnem
907 3080 929 3159 C
944 3109 1004 3168 gnae
1025 3093 1063 3150 rei
1084 3091 1186 3166 effigie,
1202 3100 1230 3147 et
1247 3092 1354 3162 quidem
1378 3091 1481 3150 alienae.
1502 3094 1653 3166 Aliquantis
1673 3099 1746 3154 enim

102 3183 218 3240 illaruin
240 3185 340 3259 angelis
364 3202 396 3241 ex
419 3202 498 3240 carne
521 3184 595 3242 nasci
619 3186 755 3253 debuisse,
782 3187 805 3242 si
829 3202 893 3243 vere

97 3271 196 3327 fuisset
209 3272 335 3338 hnmana,
351 3284 423 3329 certa
448 3275 551 3329 ratione
571 3274 781 3345 respondemus,
795 3290 847 3346 qua
867 3282 894 3330 ιι

94 3364 215 3417 bumana
229 3376 291 3419 vere
304 3360 396 3429 fuerit,
412 3371 438 3417 ct
461 3364 552 3418 innata
568 3381 574 3417 :
592 3365 709 3418 humana
731 3379 804 3432 vere,
826 3379 892 3434 pro·

92 3457 157 3523 pter
171 3449 221 3505 Dei
236 3453 387 3522 veritatem,
402 3451 572 3508 emendacio
591 3461 618 3507 et
635 3452 739 3509 fallacia
762 3454 890 3524 extranei,

89 3538 182 3600 884
208 3546 234 3596 ιι
256 3541 318 3613 quia
341 3557 395 3597 non
414 3550 524 3614 possent
546 3542 702 3598 humanitus
728 3545 837 3600 tractari
860 3544 893 3599 ah

94 3632 260 3697 hominibus,
276 3630 331 3686 uisi
353 3631 548 3686 insubstantia
570 3632 706 3699 humana;
727 3631 817 3687 innata
840 3649 890 3689 au·

92 3731 161 3786 tem,
177 3720 241 3793 quia
265 3720 339 3776 solus
354 3720 475 3777 Christus
496 3719 522 3775 in
543 3736 651 3777 carnem
675 3736 709 3776 ex
728 3736 807 3777 carne
820 3721 895 3778 nasei

94 3810 224 3878 habehat,
254 3817 284 3865 ut
304 3809 468 3865 nativitatem
493 3817 610 3867 nostram
639 3810 774 3867 nativitate
797 3827 846 3866 sua
870 3809 895 3849 ⁵²

94 3899 266 3965 reformaret,
282 3908 363 3969 atque
378 3900 414 3954 ita
428 3899 508 3954 etiam
532 3909 645 3957 mortem
665 3908 784 3957 nostram
809 3909 895 3957 morta

93 4007 145 4047 sua
159 3988 330 4056 dissolveret,
350 3988 518 4062 resurgendo
533 3989 560 4045 iu
574 4006 665 4059 carne,
690 3991 717 4048 iu
738 4005 790 4064 qua
816 3999 896 4046 natus

94 4091 150 4146 est,
165 4088 195 4136 ιιι
209 4087 235 4137 ιι
249 4080 319 4136 mori
333 4088 434 4151 posset.
451 4080 568 4153 ldeoque
581 4089 608 4136 et
633 4080 691 4154 ipse
714 4095 776 4135 cum
791 4079 895 4154 angelis

96 4176 163 4227 tuuc
184 4168 256 4243 apud
269 4168 408 4225 Abraham
426 4169 453 4224 in
477 4169 586 4229 veritate
610 4169 719 4242 quidem
739 4168 827 4226 carnis
847 4184 894 4242 ap·

947 3181 1066 3255 indignis
1080 3179 1223 3236 conveniet
1234 3178 1283 3247 ιιιι,
1296 3179 1317 3233 si
1334 3179 1358 3216 55
1371 3181 1472 3235 nostris
1487 3182 1560 3248 (23),
1576 3183 1643 3237 sicut
1654 3185 1747 3239 alienis

948 3286 1002 3327 nou
1030 3279 1160 3342 congruet
1186 3270 1233 3334 uti,
1257 3268 1319 3326 licet
1341 3268 1440 3342 dignis.
1465 3262 1519 3324 Cur
1545 3272 1616 3324 enim
1638 3288 1690 3327 nou
1720 3274 1748 3330 ιιι

948 3358 1036 3433 aliqua
1058 3360 1112 3415 alia
1135 3359 1258 3432 digniore
1283 3358 1430 3413 substantia
1453 3360 1535 3426 venit,
1560 3365 1587 3414 ct
1606 3359 1633 3415 in
1655 3361 1748 3434 primis

948 3473 1007 3524 sue,
1034 3473 1068 3512 ue
1094 3465 1120 3512 et
1139 3456 1249 3529 indigna
1277 3463 1304 3512 et
1327 3455 1414 3510 aliena
1448 3455 1584 3512 rideretur
1618 3459 1748 3529 egnisse?

948 3548 976 3604 Si
991 3547 1101 3603 Creator
1115 3560 1191 3600 meus
1206 3559 1254 3615 per
1273 3544 1370 3598 rubum
1384 3555 1492 3616 quoque
1506 3552 1532 3598 ιι
1551 3545 1653 3617 ignem,
1675 3548 1748 3604 idem

949 3644 1041 3709 postea
1056 3652 1104 3706 per
1117 3635 1218 3689 nubem
1242 3638 1269 3688 et
1284 3632 1393 3704 globum
1413 3647 1474 3688 cum
1487 3632 1597 3688 homine
1616 3650 1748 3709 congres-

949 3743 995 3783 sus
1009 3722 1095 3782 885
1110 3731 1161 3789 est,
1178 3730 1205 3780 et
1215 3723 1410 3778 elementorum
1430 3721 1588 3792 corporibus
1602 3722 1629 3777 in
1645 3739 1749 3796 repra·

949 3813 1144 3872 sentatiouibus
1157 3812 1197 3869 sui
1212 3827 1278 3868 usus
1291 3819 1341 3875 est,
1358 3811 1423 3865 satis
1439 3811 1497 3867 haec
1513 3812 1637 3885 exempla
1651 3813 1749 3872 divinae

949 3901 1091 3976 potestatis
1105 3901 1261 3967 ostendunt,
1279 3900 1367 3955 Deum
1395 3914 1448 3955 uon
1469 3902 1579 3972 eguisse
1598 3909 1644 3957 aut
1661 3901 1749 3974 lalsae,

949 3991 1097 4048 autetiam
1120 4006 1192 4047 verae
1221 3988 1310 4046 carnis
1337 3997 1470 4060 paratura.
1501 3989 1645 4060 ceterum,
1670 3992 1694 4049 si
1717 3993 1751 4050 sd

949 4087 1053 4136 uertunt
1072 4088 1236 4150 spectamus,
1251 4079 1326 4136 nulla
1345 4079 1491 4136 substantia
1509 4080 1589 4152 digna
1613 4089 1654 4137 est
1672 4078 1751 4154 quam

949 4171 1022 4226 Deus
1045 4167 1162 4225 inducat.
1188 4169 1374 4240 Quodcunque
1405 4168 1523 4224 induerit
1545 4170 1612 4240 ipse,
1638 4171 1751 4243 dignum

800 4293 894 4359 Varia
915 4299 1071 4358 lectiones.

135 4402 248 4461 ⁵⁰Untle
261 4416 321 4459 corr
336 4407 424 4476 repet.
454 4403 551 4462 Wouro.
568 4406 647 4460 Pom.
664 4404 729 4458 Pur.
746 4405 829 4460 Fron.
846 4401 869 4440 ⁵¹
894 4402 969 4459 Unde
987 4404 1103 4460 tautum
1115 4401 1202 4458 semel
1216 4399 1303 4456 libers.
1321 4399 1405 4455 Semi.
1425 4399 1535 4457 Obertlr.
1552 4399 1577 4439 ⁵²
1603 4400 1656 4458 Sua
1677 4406 1750 4462 uber.

96 4478 167 4532 Pur.
183 4474 210 4512 ⁵³
231 4478 264 4531 lit
277 4477 355 4533 abest
368 4479 434 4532 Per.
445 4476 470 4515 ⁵⁵
487 4477 561 4531 Unde
589 4476 676 4533 aernel
695 4473 782 4531 libers.
803 4474 888 4532 Semi.
907 4473 1016 4532 Olertlr.
1033 4472 1057 4512 55
1076 4473 1208 4528 lularsam
1222 4473 1289 4528 lun.
1312 4468 1337 4508 55
1352 4469 1381 4525 Si
1396 4469 1474 4527 abest
1487 4473 1567 4526 Pam.
1585 4474 1648 4531 Pur.
1663 4477 1755 4532 Frartt

95 4551 171 4605 ιιιιιι
182 4548 271 4607 libem

798 4616 1047 4681 Commentarius.

137 4745 192 4815 (tlt)
207 4738 899 4827 deteruntetoliislrreretl'eisdefinientibusdgit
914 4755 937 4833 n
952 4738 1159 4826 sub'llareionis
1172 4752 1289 4810 persona
1307 4734 1360 4793 diei
1374 4734 1508 4823 videntur,
1529 4736 1563 4793 ab
1581 4734 1614 4791 iis
1643 4738 1755 4824 verbis:

99 4815 137 4871 de
150 4816 254 4888 Apelle,
269 4832 315 4887 qur
326 4827 395 4871 sreut
414 4815 545 4871 iudicatur
564 4815 610 4868 ιιι).
626 4813 659 4869 de
677 4815 765 4870 Carne
783 4813 897 4879 Cbrrstt,
953 4813 1276 4880 Salernum-umque
1287 4810 1330 4873 ad,
1342 4808 1756 4882 etelreouurderetareputsss.

99 4904 127 4945 e.
149 4891 176 4955 6,
192 4901 245 4943 non
260 4887 342 4944 modu
363 4886 473 4954 Christi,
489 4887 536 4940 sed
556 4894 582 4940 et
609 4883 765 4958 angelorum
787 4899 899 4942 carnem

105 4975 141 5016 ex
156 4958 289 5015 sideribus
309 4958 406 5014 iactam
422 4957 569 5013 asseruisse
589 4955 703 5013 ridetur.
720 4957 788 5013 Psst.

139 5032 197 5103 (at)
213 5030 298 5087 Velim
309 5030 373 5087 edos
387 5034 415 5086 et
424 5044 482 5102 epse
495 5030 644 5086 consiliu-ru
655 5029 704 5085 Dei
719 5029 771 5085 tui.
787 5028 900 5111 lpseme

101 5117 202 5159 sensus
211 5101 310 5173 coegit,
321 5112 351 5156 ut
369 5101 413 5156 hio
426 5101 571 5156 dictionem
583 5103 639 5165 uti,
655 5104 786 5155 verterem
802 5116 829 5154 m
845 5099 899 5165 tui,

102 5191 158 5248 quo
183 5174 329 5231 Christum
344 5187 439 5238 suum,
454 5181 506 5228 etc.
523 5189 530 5231 :
547 5171 713 5245 exemplaria
727 5179 818 5227 vetera
838 5184 904 5226 con·

105 5247 225 5303 ιιιιιιιιιιι
240 5246 268 5300 in
281 5260 384 5300 errore.
400 5246 494 5303 ιιιιιιιι.
626 5255 631 5268 ’

141 5320 198 5390 (ιι)
213 5318 302 5388 Quam
314 5316 460 5389 stropham
470 5313 721 5374 administrasset?
732 5313 848 5386 stropha
859 5313 909 5370 do·

104 5388 172 5458 lum,
186 5389 348 5452 versutiam,
363 5397 444 5463 atque
463 5389 640 5463 imposturam
664 5384 806 5460 signifieat,
834 5385 910 5444 Grae·

105 5461 147 5521 uis
161 5479 223 5535 erpo
240 5461 268 5529 tl.
293 5461 389 5519 Rana.

141 5536 202 5608 tta)
211 5481 374 5608 ιῘιιιιιιαιιιιι
389 5534 465 5593 enim
475 5533 599 5608 indiguis
610 5530 757 5590 conveniet
768 5533 814 5589 ult
829 5532 854 5589 si
864 5545 914 5589 rto·

104 5608 187 5725 'trin
200 5605 249 5666 Sic
261 5604 360 5680 regim
373 5604 402 5664 iu
415 5604 564 5689 exemplari
574 5604 725 5668 Pithoeauo.
740 5603 805 5666 llaeo
824 5610 914 5664 autom

178 5721 313 5784 l’srsos.
340 5716 375 5819 ll.

953 4884 981 4940 Si
1006 4883 1115 4953 nostris,
1137 4881 1232 4954 inquit,
1253 4878 1382 4936 membris
1404 4879 1480 4937 Deus
1507 4883 1600 4952 utitur,
1622 4891 1651 4936 ut
1673 4884 1756 4942 nobi·

953 4970 1029 5010 scum
1053 4953 1137 5026 possit
1159 4951 1311 5011 conversari
1340 4951 1425 5006 multa
1444 4960 1506 5008 sunt
1530 4955 1557 5008 in
1577 4967 1692 5023 corpore
1712 4972 1759 5016 uo-

954 5035 1010 5083 stro
1035 5025 1146 5098 indigna
1172 5026 1238 5096 Deo,
1263 4992 1363 5097 quibus
1386 5031 1476 5078 tamen
1500 5025 1585 5080 Deum
1614 5028 1759 5086 conveniet

955 5099 1007 5167 uti,
1032 5099 1056 5154 si
1075 5097 1174 5154 nostris
1188 5097 1229 5152 uti
1247 5097 1322 5152 velit.
1343 5095 1396 5153 Sed
1411 5093 1462 5150 etsi
1483 5096 1567 5179 digna
1585 5096 1641 5154 lleo
1668 5107 1760 5157 esseut

960 5177 1064 5241 nostra,
1082 5172 1167 5226 lleurn
1181 5176 1270 5224 tamen
1286 5183 1341 5223 non
1354 5167 1431 5223 decet
1446 5168 1483 5222 uti
1498 5167 1600 5224 altenis.
1615 5169 1664 5224 Illa
1679 5171 1762 5226 edam

959 5258 1020 5316 quae
1044 5256 1227 5314 praecessere:
1255 5262 1267 5291 ι
1294 5240 1347 5296 Sed
1379 5239 1514 5310 quomodo
1543 5241 1613 5296 inter
1638 5241 1763 5296 homiues

962 5322 1175 5379 conversaretur,
1196 5311 1248 5367 nisi
1263 5328 1309 5385 per
1323 5310 1474 5382 imaginem
1488 5310 1645 5367 substantiae
1670 5313 1765 5365 huma-

963 5402 1018 5452 nae,
1041 5406 1053 5438 n
1079 5389 1131 5442 sub
1155 5385 1250 5441 eadem
1273 5396 1386 5455 persona
1409 5382 1550 5439 llsreionis
1571 5381 1706 5439 dicuntur.
1728 5380 1765 5439 tlt

965 5458 1064 5515 similia
1084 5456 1186 5540 passim
1218 5465 1371 5526 occurrunt,
1396 5453 1442 5509 ubi
1468 5451 1613 5524 septimius
1633 5451 1764 5534 disputat,

967 5544 1026 5605 quae
1039 5527 1092 5585 nist
1101 5529 1189 5603 perite
1202 5527 1411 5602 distinguantur,
1429 5538 1538 5582 omnem
1558 5523 1767 5600 disputattousm

968 5599 1139 5662 conturbant.
1158 5598 1250 5658 Rasa.

1648 5707 1683 5773 ta
