3840 6134
139 319 196 380 ott
707 327 805 390 LIBER
834 330 909 390 ADV.
943 331 1213 397 vioddttdttttos
1732 350 1786 413 dit

142 445 256 503 dixerim
275 456 383 506 cetera.
411 449 535 524 Alioquin
566 451 728 528 Demiurgus
755 455 821 512 adeo
849 471 941 511 rerum
955 469 980 549 st
994 456 1105 516 haberet
1130 462 1311 535 reciprocandi
1329 466 1439 537 spiritns
1452 473 1578 542 spatium,
1594 482 1711 534 teneram
1726 496 1785 537 oin-

142 546 197 589 non
221 541 280 590 erat
307 549 431 608 compos,
445 540 479 594 de
497 537 659 596 animalibus
682 540 785 598 scilicet
810 556 894 598 censu
913 543 937 583 ⁰¹
993 546 1066 603 nium
1079 563 1222 623 corporum
1234 553 1475 620 testamentorum
1489 561 1607 617 omninni
1623 563 1737 622 indicum
1748 568 1783 633 ⁸³,

140 619 331 677 invaletudinis
347 620 434 683 576
455 624 608 696 spiritualia
623 627 751 684 accedere
767 628 825 699 (20)
849 635 877 686 ut
909 645 939 686 se
992 649 1122 709 organum
1149 646 1309 712 temporum,
1334 642 1357 698 si
1375 656 1429 699 non
1448 651 1475 700 et
1495 645 1575 704 istum
1590 649 1699 721 Sophiae
1722 671 1786 711 moe·

140 709 242 775 salum,
262 717 350 778 ratus,
369 712 574 770 concionaretur
593 733 600 769 ι
619 718 672 786 Epo
685 718 765 785 Deos,
791 721 818 774 et
839 717 939 791 absque
992 722 1208 796 saviniacense
1224 727 1294 785 sicut
1308 729 1433 787 animalia
1452 741 1548 800 metus,
1564 736 1633 792 sicut
1645 742 1784 798 conversio

139 811 185 852 iiie
210 812 268 853 non
293 803 337 856 ost
349 800 422 868 (lsa.
437 815 504 871 xiv,
521 801 550 873 6)
566 817 573 855 :
589 809 661 858 certe
677 808 832 860 tamennon
856 803 940 860 luisse
992 814 1061 883 ejus,
1077 813 1164 885 ipsum
1177 815 1356 889 demiurgum.
1375 819 1421 874 llis
1437 821 1564 877 omnibus
1582 824 1722 881 elementis
1741 839 1783 885 ut·

139 898 171 939 sc
198 891 273 941 retro
296 886 408 942 sciebat.
438 888 510 960 Ergo
543 896 583 945 et'
599 889 699 946 iactum
721 891 895 964 intelligebat,
912 902 941 949 et
992 903 1217 979 quecorpoiibus
1239 904 1311 976 ignis
1333 906 1510 965 inflabellatus
1534 917 1591 966 est:
1607 927 1685 983 cuius
1701 918 1784 989 origi·

140 971 316 1030 iactitatorem
337 973 403 1030 iacti
422 990 482 1032 esse
496 991 693 1051 quemcunque.
714 977 856 1049 Quomodo
871 994 939 1052 ergo
991 988 1080 1045 nalem
1097 991 1206 1061 Sophiae
1225 991 1392 1061 passionom,
1409 996 1472 1067 quia
1487 998 1606 1055 nondum
1626 1001 1778 1070 ediderunt,

140 1060 213 1114 antus
228 1060 282 1115 sibi
307 1060 458 1131 ridebatur,
483 1061 533 1118 etsi
562 1078 616 1119 noo
632 1074 732 1136 certus,
760 1067 859 1124 saltem
878 1080 939 1124 aus·
991 1088 1043 1146 ego
1060 1075 1167 1132 interim
1186 1081 1397 1151 argumentabor
1410 1083 1582 1141 motiunculis
1605 1089 1666 1156 ejus
1685 1105 1782 1147 excus-

141 1157 235 1216 pectus
241 1147 279 1205 de
293 1149 384 1221 aliquo
398 1147 548 1207 taeiiuioie
561 1150 630 1221 (it).
990 1177 1060 1219 snm.
1077 1163 1175 1221 Credas
1188 1167 1263 1224 enini
1276 1169 1350 1226 illam
1362 1169 1391 1226 iii
1410 1172 1492 1230 tantis
1503 1174 1691 1234 vexationibus
1701 1177 1782 1236 etiam

429 1262 544 1318 ριγητ
564 1264 652 1321 xxii.
989 1248 1157 1310 febricitnsse
1172 1256 1243 1327 (23).

173 1364 355 1423 Tolerabilior
369 1366 481 1423 titania
495 1375 538 1423 est
560 1371 633 1441 apud
647 1369 708 1427 illos
734 1371 763 1427 in
790 1371 935 1440 diabolum,
1258 1381 1368 1438 CAPUT
1405 1382 1505 1441 XXIV.

141 1453 181 1509 vel
202 1454 266 1526 quia
284 1454 364 1527 origo
390 1456 527 1513 sordidior
555 1458 642 1531 capit3
672 1474 707 1514 ex
734 1460 851 1530 nequitia
865 1460 936 1518 enim

278 1542 352 1599 tte
366 1544 518 1645 terrm
532 1560 565 1644 ν
587 1560 641 1618 ,n
662 1549 817 1645 marr
836 1554 864 1646 v
884 1548 939 1604 v
988 1498 1781 1668 nlttdlltltlllillil'ltlttttl

141 1638 292 1687 manumet
307 1647 426 1688 omnium
441 1633 600 1705 spiritalium
615 1635 780 1691 malitiarum
799 1643 936 1709 genituras
1725 1639 1732 1665 '

446 1721 450 1730 .
867 1724 872 1734 .
929 1724 935 1736 .
988 1676 1122 1733 bominem
1137 1692 1231 1732 inanus
1253 1678 1366 1746 confert,
1389 1687 1417 1735 et
1431 1682 1607 1738 substantiam
1624 1698 1679 1739 non
1694 1684 1780 1741 eica-

140 1726 242 1776 ¹¹⁰¹⁸¹¹⁸'
260 1718 297 1775 Et
319 1728 407 1775 ‘amm
426 1721 561 1776 d¹⁸b⁰¹¹¹m
580 1737 687 1792 qu⁰q⁰⁰
705 1738 773 1795 ⁰p⁰⁸
796 1723 937 1798 nmmum
952 1731 974 1813 Β
989 1766 1035 1834 pit,
1051 1780 1105 1822 uon
1127 1781 1161 1822 ex
1174 1765 1236 1839 ista,
1250 1766 1384 1837 inquiunt,
1403 1768 1477 1824 arida
1500 1785 1581 1840 quani
1603 1787 1654 1827 nos
1674 1772 1781 1829 unicam

143 1805 287 1907 lffifmfflb
293 1816 320 1864 ⁰²
328 1809 577 1866 munditenentem
585 1810 764 1909 ⁸²²Pp⁰¹faf¹¹t
776 1817 804 1866 οἱ
813 1812 933 1884 umeri&
985 1851 1210 1910 novimusteriam
1220 1853 1296 1924 quasi
1309 1868 1364 1909 non
1384 1855 1700 1927 eutandaposimodun
1711 1860 1768 1932 lli)

145 1911 203 1951 runi
218 1910 304 1967 inagis
320 1912 435 1969 gnarum
447 1897 603 1971 detendunt,
618 1905 648 1955 ut
661 1899 809 1969 spiritalem
823 1907 931 1967 natura,
985 1940 1072 1996 adhuc
1087 1941 1215 1997 mmenffi
1239 1947 1302 1999 mne
1324 1940 1400 2013 aquis
1418 1951 1479 1999 ange
1501 1944 1667 2015 ὅψεως,
1682 1899 1781 2018 super:
1852 1957 1857 1963 ¹

142 1999 221 2053 quam
240 1984 430 2087 pemimgufn’
456 1994 485 2043 m
508 1987 657 2042 animalem
683 1987 803 2044 memus
833 1989 867 2044 ab
881 1988 934 2044 Μ’
985 2026 1046 2083 stite
1064 2029 1128 2083 linio
1142 2028 1292 2090 siccaverit,
1312 2029 1358 2086 sod
1381 2046 1414 2085 ex
1438 2030 1563 2087 invisibili
1589 2047 1702 2102 corpore
1722 2050 1780 2089 ina·

142 2071 340 2143 πωπω
355 2090 398 2130 ⁰¹¹¹
423 2089 518 2131 ⁰m¹¹⁹⁵
531 2077 647 2132 ΜΝΞ
669 2084 851 2147 pmwmmur
866 2077 932 2147 {m
986 2116 1060 2173 teriae
1075 2116 1157 2184 illins,
1172 2115 1274 2173 scilieet
1288 2116 1493 2190 philosophice,
1506 2120 1540 2175 do
1554 2119 1638 2176 lluxiti
1660 2128 1687 2178 ot
1707 2120 1781 2178 fusili

367 2182 450 2243 57⁷
466 2186 578 2243 CAPUT
589 2187 694 2243 XXIII·
987 2205 1056 2275 ejus:
1073 2202 1146 2275 quod
1160 2203 1231 2259 unde
1251 2203 1339 2268 luerit,
1359 2204 1431 2259 baud
1455 2221 1525 2277 queo
1551 2207 1693 2273 aestimare,
1717 2209 1782 2280 quia
1887 2218 1893 2241 ¹

123 2359 125 2362 y
169 2290 358 2364 Singularium
380 2299 473 2348 aulem
499 2299 659 2364 potestatum
680 2307 756 2350 arces
769 2291 812 2349 bis
835 2294 935 2352 finibus
987 2288 1070 2349 578
1084 2306 1214 2363 nusquam
1230 2298 1281 2347 est.
1297 2290 1325 2346 Si
1342 2291 1414 2348 enlin
1437 2291 1514 2348 iusile
1534 2301 1562 2348 et
1582 2293 1673 2353 fluxile
1696 2294 1782 2368 liquo·

139 2380 278 2436 collocant.
289 2379 319 2436 lii
334 2381 446 2436 suminis
460 2380 661 2437 summitatibus
676 2382 933 2452 presideitiieena·
987 2379 1024 2435 ris
1049 2388 1090 2436 est
1103 2379 1226 2451 qualitas,
1243 2378 1329 2450 liquor
1343 2388 1432 2435 antein
1448 2381 1535 2436 omnis
1548 2383 1583 2438 de
1597 2383 1705 2454 sophie
1728 2384 1779 2442 sse·

138 2468 190 2526 rius
202 2468 338 2535 Pleroma,
354 2469 424 2524 lloro
438 2468 564 2541 signante
576 2470 673 2526 lineam
684 2478 844 2527 extremam.
861 2471 934 2528 Inie-
985 2467 1056 2522 tibus
1069 2467 1156 2537 fluxit,
1172 2466 1292 2537 sequitur
1306 2475 1335 2522 ut
1348 2468 1441 2524 limum
1456 2484 1489 2525 ex
1503 2469 1608 2539 pituitis
1631 2481 1658 2526 et
1682 2472 1781 2544 gramis

137 2556 187 2612 iius
212 2555 291 2611 illum
320 2562 434 2613 metatur
460 2555 630 2612 medietatem
656 2557 818 2625 Achamoth,
848 2557 934 2616 lilium
985 2554 1094 2627 Sophiae
1127 2554 1281 2612 constitisse
1316 2556 1464 2623 credamus,
1501 2573 1560 2629 quae
1599 2559 1780 2632 lacrymarum

137 2646 260 2703 ealcum:
277 2645 371 2702 subest
383 2644 456 2701 enim
471 2645 630 2716 demiurgus
644 2645 672 2700 iii
686 2645 854 2706 hebdomade
873 2666 932 2716 sun,
986 2643 1097 2716 proinde
1117 2649 1179 2698 suut
1201 2643 1290 2712 feces,
1316 2644 1385 2699 sicut
1405 2658 1536 2716 aquarum
1560 2646 1633 2717 quod
1654 2646 1778 2715 desidet,

138 2734 221 2808 magis
234 2732 371 2800 diabolus,
388 2733 415 2787 in
430 2732 482 2789 isto
510 2732 650 2788 nobiseum
665 2735 802 2791 communi
830 2738 933 2795 mundo
985 2733 1066 2790 limus
1085 2739 1134 2789 est
1149 2731 1254 2802 Figulat
1267 2731 1303 2788 ita
1316 2731 1453 2787 honinem
1469 2732 1640 2806 demiurgus,
1656 2741 1681 2789 et
1696 2734 1730 2791 de
1744 2733 1780 2789 ai·

137 2822 331 2878 coelementato
354 2828 381 2878 et
407 2820 658 2893 concorporificato,
683 2829 713 2878 nt
736 2838 817 2894 supra
830 2825 932 2882 editum
985 2823 1048 2879 flatu
1061 2836 1110 2878 suo
1125 2820 1225 2876 aalmut
1241 2838 1248 2873 ι
1265 2819 1304 2877 sic
1318 2821 1370 2877 erit
1383 2829 1411 2876 et
1424 2820 1536 2877 choicus
1551 2830 1576 2876 et
1594 2821 1729 2891 animalis,
1744 2823 1777 2879 ad

137 2918 183 2980 art,
196 2925 233 2968 ex
248 2908 360 2981 Sopbiae
382 2909 536 2966 utilissimis
549 2909 667 2977 casibus,
693 2926 747 2984 qua
771 2927 821 2970 nea
843 2929 932 2971 aerem
984 2910 1128 2984 imaginem
1141 2916 1167 2966 et
1181 2906 1380 2965 similitudinem
1399 2907 1487 2965 iectus
1501 2907 1689 2982 :quadruplex
1705 2924 1749 2966 res
1767 2929 1774 2964 ι

824 3025 919 3091 Varie
941 3032 1096 3093 lectiones.

166 3131 191 3171 ⁸¹
208 3129 369 3201 Macedoni
392 3129 566 3196 omninode
585 3129 741 3186 animalium
757 3145 838 3187 censu
858 3134 944 3192 Semi.
968 3134 995 3172 ⁸²
1027 3129 1265 3188 Munditenentem
1288 3137 1488 3186 cosmocratnra
1512 3132 1587 3190 lren.
1607 3131 1633 3171 ⁸³
1657 3134 1777 3193 indicem

139 3201 222 3262 δοιοὶ.
237 3203 264 3240 ⁸⁴
277 3202 352 3273 Ergo
367 3201 435 3257 dan.
451 3201 476 3238 ⁸⁵
491 3202 606 3257 Tantum
621 3203 693 3272 quod
708 3203 769 3257 Lat.

827 3275 1075 3339 Commentarius.

166 3369 272 3441 (ionic
282 3367 432 3425 animabus
439 3369 557 3437 scilieet,
565 3383 650 3426 censa
659 3368 860 3427 invalitudinis
868 3373 928 3443 spi·
946 3386 968 3465 g
982 3375 1011 3429 et
1024 3367 1148 3430 bardam,
1163 3364 1200 3419 ait
1212 3362 1367 3434 Septimius,
1378 3380 1412 3422 iia
1422 3364 1544 3437 dixerim,
1559 3377 1688 3427 caetera...
1700 3373 1771 3431 Eun.

136 3443 233 3499 ritualia
255 3454 413 3512 agnoscere.
430 3438 517 3511 Supra
531 3440 632 3497 notavit
655 3439 818 3495 horrendam
834 3441 931 3498 Valen-
1019 3440 1075 3510 (22)
1099 3439 1302 3494 Procurandur.
1326 3437 1397 3493 lien.
1421 3441 1651 3509 contenderes,
1668 3458 1727 3515 cap.
1744 3447 1770 3511 b,

135 3512 295 3568 linianorum
311 3511 514 3582 blasphemiam,
531 3510 601 3583 quod
618 3510 792 3590 Demiurgum
808 3511 930 3569 dicerent
982 3509 1038 3634 ξίν.
1055 3542 1088 3552 -
1106 3507 1150 3562 ’Es
1164 3506 1191 3561 δὲ
1205 3512 1247 3576 τῆς
1257 3508 1334 3575 λύπης
1348 3507 1379 3560 τὰ
1393 3510 1450 3561 inst
1471 3528 1540 3563 οτικσ
1550 3516 1592 3573 τῆς
1605 3515 1720 3583 πονηρίας
1729 3517 1769 3569 δι.

134 3582 258 3637 tnimalis
285 3597 344 3638 esse
367 3582 534 3636 substaniiae.
552 3581 630 3637 Nunc
650 3581 733 3652 igilur
758 3582 846 3638 fatuas
869 3599 929 3641 sen·
1000 3583 1095 3635 άοκοοοι
1103 3581 1222 3652 γεγονέναι
1239 3599 1245 3612 ·
1262 3580 1310 3630 idai
1325 3579 1363 3632 τὀν
1378 3529 1493 3632 didacidi
1507 3581 1551 3637 τὴν
1563 3583 1655 3650 γένεσιν
1670 3586 1773 3652 lapmi-

136 3652 226 3709 lettliae
248 3653 358 3708 illorum
379 3650 587 3723 consequentias
610 3650 712 3719 iidem,
736 3651 782 3720 ait,
808 3653 930 3711 Demiut·
982 3671 1032 3719 vai,
1047 3654 1071 3706 iv
1085 3651 1124 3703 καὶ
1143 3651 1226 3722 dispo
1257 3652 1335 3717 άτοροι
1357 3649 1478 3714 καλοῦσι,
1498 3653 1539 3704 ital
1558 3652 1589 3704 τὰ
1603 3649 1717 3727 daipdiia
1733 3657 1774 3710 καὶ

133 3739 204 3797 guni,
227 3724 261 3779 ab
277 3737 310 3779 ea
332 3723 481 3803 substantia
496 3720 614 3792 animali,
640 3736 734 3802 censu·
748 3722 928 3803 invalitudini,
982 3724 1039 3786 aab<
1057 3723 1199 3795 Ἀγγέιονς,
1214 3668 1256 3772 οἷς
1269 3721 1348 3773 πᾶσαν
1361 3719 1405 3788 τὴν
1423 3723 1586 3794 πνευματικὴν
1604 3729 1647 3793 τῆς
1664 3727 1775 3798 serapiae

134 3794 245 3850 baruae
259 3793 359 3865 aliquid
373 3793 498 3864 invalidi3
510 3792 595 3849 luisse
620 3799 707 3848 autem
727 3793 929 3851 invalitudinem
982 3796 1113 3848 ὑπόστασιν
1119 3827 1170 3846 .....
1194 3791 1233 3845 τὸν
1252 3789 1279 3843 δὲ
1300 3790 1493 3862 Κοσμοκράιορσ
1513 3796 1640 3865 γινώσκιιν
1663 3794 1695 3849 id
1716 3796 1775 3869 iniq

133 3866 262 3922 amedera
282 3881 296 3920 s
317 3864 423 3930 ititalia,
445 3866 495 3920 hoc
513 3873 564 3920 est.
581 3863 647 3920 Esse
672 3872 813 3934 propterca
832 3866 929 3922 invali-
984 3864 1055 3919 ababa
1069 3866 1105 3918 iri
1118 3859 1273 3930 inadfectati
1285 3865 1328 3929 τῆς
1341 3862 1463 3932 πονηοισίς,
1475 3863 1718 3939 ΤονδὶΔομιονργδν
1732 3868 1776 3922 aira

132 3935 193 3992 dum
218 3952 234 3990 a
305 3950 351 3991 ere
373 3934 511 4008 spiritalia,
531 3935 563 3990 ad
590 3933 721 3997 spiritalia
734 3935 859 3992 accedere
873 3953 928 3992 non
983 3935 1081 4009 ψυχικὸν
1095 3934 1247 4004 ὑπάρχοντα.

132 4005 303 4074 ralere,n0n
325 4021 413 4073 posse.
440 4007 558 4061 lrenaeus
581 4004 676 4059 Graeca
698 4004 773 4070 dixit,
789 4004 835 4058 did
857 4011 928 4061 ισῦισ
1018 4003 1216 4078 interpretatio
1225 4000 1420 4072 octos-§d-
1432 4005 1470 4060 De
1482 4005 1709 4064 tristitiaaatem
1719 4010 1775 4081 spi·

132 4076 278 4148 twdnpei
292 4074 363 4129 niir'ov
378 4077 518 4149 ὑπάρχοντι
531 4076 590 4148 πρὸς
606 4075 636 4128 ab
649 4075 771 4148 piscinarii
787 4076 840 4129 τινὰ
855 4096 928 4131 πνευ-
984 4078 1085 4132 mentia
1098 4074 1189 4129 nittitt
1198 4073 1296 4129 doceat
1304 4074 1394 4143 fdcdd.
1409 4073 1484 4130 Unde
1494 4079 1522 4130 et
1536 4077 1683 4133 Diabolum
1691 4094 1773 4148 pette-

134 4146 929 4276 dimitittetitillabitdelli-,tlte
983 4144 1773 4281 lddtttttttttot'ttdtvtitttitt-‘le

133 4290 256 4360 anteire
268 4234 338 4361 puoep
345 4292 412 4343 sont
426 4306 439 4345 s
459 4289 578 4344 iritati'a.
592 4288 655 4342 liic.
984 4287 1036 4344 S...
1048 4292 1075 4339 et
1088 4281 1482 4361 Cosmocmtoiemnintelligere
1494 4300 1528 4338 ea
1540 4301 1601 4355 quie
1615 4293 1676 4341 sunt
1692 4302 1773 4358 supra

165 4362 226 4431 (st)
240 4361 424 4416 Factitatore.
439 4304 509 4415 freti.
524 4363 626 4415 contra
635 4359 750 4422 dures..
761 4370 822 4426 cap.
833 4353 885 4426 lbi
899 4359 926 4411 2.
982 4373 1056 4421 eum,
1072 4354 1195 4425 quoniani
1212 4352 1246 4432 sit
1258 4351 1386 4432 spiritatis
1397 4352 1698 4428 malitia.Demiurgum
1707 4373 1772 4417 vero

135 4460 166 4472 -
231 4467 239 4483 .
254 4430 340 4484 andans
355 4424 383 4481 et
401 4427 445 4495 τὴν
454 4431 545 4501 μητέρα
560 4430 600 4482 καὶ
618 4422 745 4499 Ὀνδοάδιι
760 4428 872 4494 moon,
886 4425 926 4478 κσὶ
981 4429 1116 4502 ignorare,
1133 4438 1196 4477 euin
1211 4427 1245 4476 sit
1258 4421 1393 4476 animalis.

183 4500 191 4516 '
224 4500 353 4567 ,salla
369 4541 376 4554 .
393 4538 400 4553 .
416 4501 455 4552 καὶ
469 4500 537 4571 ἅγιοι
550 4500 659 4571 Πνεῦμα.
678 4534 684 4546 .
707 4539 714 4552 .
1017 4495 1075 4567 (23)
1085 4493 1276 4551 Febricitasse.
1287 4490 1356 4546 lien.
1369 4493 1592 4563 contraderem,
1604 4509 1665 4565 cap.
1677 4501 1702 4568 c,
1715 4497 1729 4568 ᾖ
1744 4499 1770 4554 i.

133 4501 227 4645 Ἤ.
244 4613 252 4626 .
270 4615 277 4630 .
293 4522 413 4624 &ipim
431 4572 580 4639 ἀτονώτερον
594 4570 665 4623 αὐτὸν
678 4569 818 4641 ὕπάρχονῖοι
832 4567 888 4638 πρὸς
901 4565 931 4619 ab
984 4605 1016 4623 ...
1032 4599 1065 4609 —
1080 4564 1158 4619 οἰκιῖν
1174 4565 1200 4616 δὲ
1218 4562 1262 4630 τὴν
1282 4561 1375 4633 μητέρα
1393 4559 1472 4615 οὔτῶν
1493 4560 1525 4624 ile
1538 4563 1581 4617 abi
1599 4565 1688 4636 impos
1706 4570 1772 4621 ditos

176 4644 259 4697 ὀιιοιν
278 4641 332 4696 τινὰ
352 4640 511 4711 πνευματικὰ,
532 4643 602 4694 αὐτὸν
619 4641 766 4713 νενομικέναι
781 4639 854 4709 μόνον
868 4630 929 4690 οἶνοι
945 4641 1065 4735 orditus,
1080 4637 1147 4691 τοῦτ’
1162 4633 1226 4688 ἔστιν
1240 4635 1262 4685 ii
1276 4637 1307 4706 τῇ
1320 4633 1455 4702 μεσότητι·
1470 4633 1513 4685 τὸν
1528 4632 1676 4707 Δημιουργδν
1690 4588 1719 4690 Si
1737 4637 1770 4700 ite

132 4661 202 4782 εον,
219 4714 263 4765 καὶ
275 4708 317 4764 tid
338 4717 388 4766 τῶν
402 4717 538 4783 Προφοτῶν
562 4711 695 4782 εἰρηκέναι·
711 4712 768 4784 bqn
780 4709 852 4779 Θεὸς,
865 4706 929 4777 πλὴν
981 4711 1024 4764 τὸν
1040 4707 1212 4779 ὀπεροοράνιον
1225 4706 1309 4771 τόπον,
1324 4704 1388 4758 τοῦτ’
1403 4701 1466 4756 ἔστιν
1482 4701 1506 4756 ἔν
1522 4709 1553 4777 τῇ
1572 4700 1691 4778 redoperi
1706 4729 1713 4744 ·
1733 4711 1773 4763 τὀν

135 4780 144 4834 ἓ
175 4779 292 4844 infidele.
983 4779 1011 4836 δὶ
1029 4778 1213 4848 ποντοιιράτοροι
1227 4773 1250 4827 ἐν
1265 4779 1299 4843 τῷ
1309 4774 1363 4825 καθ’
1378 4771 1442 4842 ἡμᾶς
1455 4775 1552 4846 κόσμῳ.

165 4857 243 4910 tinne
257 4857 356 4910 autem
365 4856 488 4909 matrem
506 4857 535 4907 ct
550 4850 699 4923 ogdoaden
712 4855 814 4909 vocant
826 4853 856 4908 et
874 4847 926 4905 So·
1015 4841 1391 4927 Interpretcttooctasssg
1401 4845 1427 4897 i.
1443 4845 1574 4926 debitore
1584 4848 1706 4904 matrem
1716 4849 1774 4922 qai-

149 4923 228 4980 lu'aiii
237 4928 413 4979 atterram...
423 4923 766 4993 etSpiri'tiimsnnotcm...
775 4922 927 4994 etproptcr
979 4919 1042 4978 dein
1057 4921 1185 4993 ipsoram
1200 4931 1226 4969 in
1240 4929 1331 4986 ecqui
1346 4922 1381 4968 sit
1394 4913 1512 4998 ecelesiis
1526 4916 1611 4997 locus,
1624 4919 1675 4973 boc
1688 4925 1731 4974 est
1745 4919 1773 4974 in

130 4939 361 5066 {campanarum
369 5009 433 5050 eom
443 4994 626 5050 exsistentem
637 4994 785 5065 prascrire
792 4991 926 5063 quaesunt
979 4991 1138 5055 oicdictata
1148 4987 1329 5057 Demiurgum
1338 4999 1401 5041 vero
1411 5001 1443 5042 in
1453 4999 1486 5040 eo
1501 4991 1547 5057 qui
1557 4998 1593 5041 sii
1605 4987 1633 5044 iii
1648 4989 1719 5046 coelu
1734 4990 1772 5047 lo·

167 5066 297 5122 'ritualia
305 5069 332 5120 ct
346 5081 375 5122 so
382 5065 591 5137 patasscsclum
598 5067 729 5128 deamat
743 5078 793 5135 per
805 5061 925 5133 propbe—
979 5076 1038 5126 cus,
1049 5062 1100 5116 lioc
1114 5067 1165 5122 est,
1177 5056 1343 5114 hebdomade
1354 5074 1363 5111 .·
1376 5056 1720 5122 domnocratcremveroin
1729 5077 1773 5119 eo·

132 5079 294 5193 &dimise
307 5157 315 5192 :
329 5139 385 5206 too
399 5138 471 5192 Deus
480 5138 508 5191 ct
518 5140 623 5206 proeter
637 5151 682 5191 me
691 5132 925 5190 noma-Sensim
978 5134 1022 5205 qui
1039 5131 1074 5187 sit
1088 5131 1237 5185 secundum
1251 5143 1312 5195 nos,
1326 5127 1439 5182 mondo.
1458 5127 1529 5184 Eoo.
1794 5152 1801 5171 ι

132 5206 163 5261 ad
176 5207 248 5277 jocis
272 5207 450 5276 vapulandam
472 5206 565 5259 Γνῶσιν
584 5207 679 5260 Noster
701 5201 839 5270 dilabitur,
863 5215 923 5270 nee,
1014 5202 1072 5275 (td)
1089 5201 1174 5270 Quasi
1192 5215 1250 5258 aon
1266 5200 1321 5254 etsi
1343 5197 1426 5253 arida
1436 5197 1611 5269 posmodum.
1627 5201 1689 5272 lpso
1702 5203 1772 5261 libro

130 5283 161 5331 ut
177 5278 308 5359 opinatur
320 5277 433 5348 semler,
448 5276 547 5331 misera
567 5286 628 5331 sunt
643 5289 703 5345 quac
718 5276 830 5341 trenaeo,
847 5272 923 5328 relu-
977 5273 1010 5331 de
1024 5274 1175 5345 baptismo,
1197 5268 1312 5325 bominis
1336 5266 1465 5341 ligulandi
1489 5284 1557 5342 opus
1571 5271 1610 5327 sie
1628 5274 1768 5397 explieat:

132 5346 203 5403 taum
222 5362 317 5417 causa,
348 5348 432 5416 addit,
456 5363 505 5402 nec
528 5346 632 5402 insulsa
653 5344 751 5417 quibus
770 5343 876 5399 inanem
895 5349 923 5398 et
977 5362 991 5396 ι
1009 5344 1048 5400 De
1063 5352 1133 5398 terra
1147 5340 1260 5398 materia
1274 5339 1479 5419 convenit3pou
1495 5347 1585 5397 tunicii
1600 5342 1660 5397 bebi
1674 5347 1706 5408 is,
1718 5342 1770 5398 nisi

128 5423 236 5489 turpem
256 5418 456 5490 philosophiam
471 5417 574 5473 irridet.
592 5417 633 5472 Eo
657 5415 728 5471 enirn
741 5413 852 5470 insanie
871 5413 921 5468 de·
975 5414 1100 5471 humecta
1112 5420 1139 5469 et
1152 5411 1269 5483 succida,
1280 5426 1359 5482 quani
1374 5410 1474 5466 scilicet
1488 5418 1550 5467 ante
1564 5420 1687 5480 quartum
1700 5412 1771 5469 dier'o

127 5498 259 5544 venerant
285 5488 419 5555 Gnostici,
443 5497 473 5544 ut
495 5488 671 5544 ioedissimuin
698 5484 803 5540 mulieri
820 5485 921 5540 cultum
974 5490 1124 5612 segreqptae
1138 5497 1214 5554 aquae
1236 5482 1264 5536 iii
1286 5481 1426 5537 stationem
1453 5495 1530 5536 suain
1552 5482 1696 5552 superstite
1717 5486 1770 5538 bu-

127 5559 289 5618 exbibarent
302 5575 463 5634 omnemque
476 5558 515 5616 illi
530 5559 660 5616 bonorem
674 5555 837 5625 conterrent,
852 5558 920 5628 puto
973 5571 1050 5615 more
1075 5555 1128 5614 'ino
1137 5559 1327 5627 temperarant.
1346 5572 1357 5602 ι
1375 5551 1440 5608 Bia.
