3848 6120
147 350 199 409 tte

489 335 715 398 TEll'lUbblANl
734 332 866 394 DPllllllll
885 329 968 390 PARS
995 327 1029 388 ll·
1049 359 1085 372 ·-
1112 324 1227 386 sttttts
1245 326 1267 396 l,
1302 326 1478 386 potantes.

1746 327 1800 388 620

145 473 216 530 enim
249 469 259 510 ί
286 466 433 542 Demiurgo
461 482 540 522 suum
578 463 715 520 Christum
741 460 828 516 filium
865 452 1201 551 natu-fliusubditirum,
1217 459 1244 508 ct
1259 469 1291 509 nc
1310 452 1362 524 ipsi
1377 453 1487 523 quidem
1503 453 1654 527 Demiurgo
1669 471 1799 527 comper·

147 560 241 617 talem,
257 558 379 629 Denique
399 554 543 611 animalem
569 552 701 623 prolatum
729 548 852 618 abipso,
880 559 944 617 pro-

147 651 297 724 mulgatum
317 645 469 718 prophetis3
489 642 517 698 iu
541 638 764 710 Prapositiouum
784 633 944 708 quaestioni-

147 742 200 797 bus
224 737 352 810 positum,
372 734 454 789 idest
470 748 518 802 per
536 727 678 800 virginem,
705 740 759 782 uon
774 741 807 780 cx
839 722 944 793 virgine

58 895 60 899 ,
149 838 260 906 editum,
282 834 345 907 qnia
364 832 468 888 delatus
484 829 510 887 in
524 826 656 899 virginem
671 820 879 880 transmeatorio
896 835 945 890 po-

150 928 204 983 tins
218 942 301 998 quam
313 920 483 996 generatorio
500 932 574 974 inore
591 913 766 987 processerit:
778 927 829 982 per
847 911 943 980 ipsam,

149 1033 202 1072 non
224 1015 340 1086 cripsa;
367 1028 421 1067 non
446 1018 556 1069 matrem
576 1022 647 1076 eam,
669 1004 716 1059 setl
743 1004 812 1057 riam
837 1014 944 1070 passus.

149 1108 236 1178 Super
262 1107 333 1159 huuc
367 1101 457 1172 itaque
493 1098 628 1152 Christum
660 1093 804 1149 devolasse
830 1097 892 1145 tunc
918 1087 946 1142 in

150 1192 318 1263 baptismatis
342 1195 509 1246 sacramento
524 1186 646 1242 Soterem
662 1181 719 1253 (tt)
734 1181 745 1219 ²
759 1196 806 1251 per
827 1177 947 1250 effigiem

151 1279 293 1336 columbae.
323 1275 416 1333 Fuisse
444 1282 533 1328 autem
557 1278 585 1326 et
609 1269 636 1324 in
665 1267 771 1323 Christo
799 1264 880 1320 etiam
914 1269 948 1319 ex'

151 1367 302 1424 Achamoth
330 1362 456 1434 spiritalis
469 1359 581 1416 seminis
596 1357 807 1422 condimentum,
824 1369 858 1410 nc
875 1367 948 1407 rner-

151 1453 387 1513 cesccretsciliaet
409 1450 513 1522 reliqua
539 1448 652 1506 farsura.
681 1446 751 1501 Nam
779 1444 806 1497 iu
834 1441 947 1513 liguram

140 1542 308 1617 principalis
328 1539 460 1603 Tetradis,
484 1544 601 1611 quatuor
616 1549 678 1589 eum
705 1528 864 1586 substantiis
896 1527 948 1583 sti-

151 1640 225 1704 pant,
250 1630 361 1702 spiritali
390 1625 612 1687 Achamothiaua,
638 1620 746 1676 animali
761 1616 945 1688 Demiurgina,

999 551 1071 600 tum.
1102 543 1202 599 Patitur
1224 541 1423 599 vcroanimalis
1450 545 1477 599 et
1503 558 1616 598 carneus
1635 543 1693 617 (ta)
1718 545 1798 602 Chri·

999 639 1067 699 stus,
1090 631 1118 686 in
1137 630 1361 687 deliniationem6
1389 631 1536 702 superioris
1559 633 1668 703 Christi,
1698 634 1746 705 qui
1765 634 1798 691 ad

998 721 1151 776 Achamoth
1166 718 1335 775 formandam
1354 719 1549 789 substantivali,
1570 736 1624 776 non
1645 722 1799 794 agnitiona-

1000 811 1019 866 li
1044 809 1138 874 sorma,
1165 809 1261 878 Cruci,
1283 807 1311 862 id
1340 817 1381 864 est
1401 808 1473 864 Horo
1503 809 1589 865 iuerat
1613 811 1734 866 innixus.
1760 812 1799 868 lta

999 897 1089 954 omnia
1108 895 1135 952 in
1150 897 1281 968 imagines
1301 904 1400 968 urgent
1414 896 1480 969 (43),
1496 898 1576 968 plane
1590 907 1617 954 et
1631 899 1798 975 ipsiintagi-

1000 987 1068 1043 narii
1084 986 1231 1043 Christiani
1256 986 1324 1060 (44).

1268 1074 1380 1132 CAPUT
1400 1074 1530 1135 xxvltt.

1035 1163 1139 1220 Interea
1171 1164 1333 1237 Demiurgus
1351 1165 1471 1222 omniurn
1485 1165 1573 1220 adhuc
1587 1165 1708 1234 nescius,
1747 1166 1799 1224 etsi

1000 1252 1103 1324 aliquid
1117 1260 1144 1308 ct
1162 1252 1222 1325 ipse
1236 1269 1284 1323 per
1297 1255 1446 1324 prophetas
1465 1254 1684 1327 concionabitur,
1699 1271 1734 1311 ne
1747 1256 1798 1313 btt-

998 1340 1044 1414 jus
1063 1342 1172 1414 quidem
1186 1342 1277 1413 operis
1291 1342 1331 1397 sui
1351 1343 1504 1416 intelligens
1518 1343 1652 1413 (dividunt
1671 1344 1747 1400 enim
1772 1352 1798 1402 et

1001 1430 1170 1503 prophetiale
1192 1431 1397 1502 patrociniuml
1414 1431 1442 1487 in
1459 1433 1608 1489 Achamoth
1621 1433 1694 1503 (ts),
1716 1433 1745 1488 in
1759 1449 1797 1490 se·

1001 1534 1073 1592 men,
1102 1520 1128 1575 in
1145 1519 1336 1592 Demiurgum)
1352 1536 1358 1576 ε
1375 1520 1422 1575 ubi
1436 1522 1582 1578 adventum
1605 1521 1710 1579 Soteris
1724 1537 1797 1579 neoc·

1000 1609 1048 1682 pit,
1067 1624 1182 1680 propere
1200 1618 1226 1664 et
1239 1616 1349 1665 ovanter
1368 1611 1485 1668 accurrit
1497 1611 1520 1682 ⁸,
1536 1626 1596 1666 cum
1612 1612 1743 1668 omnibus
1756 1611 1795 1669 ri·

151 1720 285 1793 corporali
313 1714 490 1772 inenarrativa
513 1713 536 1779 ³,
565 1720 592 1766 et
616 1709 662 1764 illa
675 1707 849 1785 sotericiana,
860 1702 946 1763 582
1001 1699 1077 1754 ribus
1090 1697 1147 1753 suis
1163 1697 1230 1770 (46),
1247 1698 1374 1755 Centurio
1389 1699 1592 1775 deErangelio.
1606 1700 1641 1755 Et
1656 1700 1691 1756 de
1713 1699 1795 1756 omni-

152 1809 238 1865 idest
255 1804 418 1862 columbina.
448 1802 482 1856 Et
510 1800 587 1855 Soter
606 1799 715 1869 quidem
744 1793 892 1867 permansit
919 1795 946 1850 in
1001 1784 1357 1853 northusunensem
1385 1790 1418 1843 ab
1442 1787 1490 1844 illo
1513 1788 1593 1844 etiam
1621 1803 1703 1859 spem
1722 1804 1795 1846 suan

151 1896 266 1960 Christo,
302 1889 484 1963 impassibilis,
512 1886 676 1954 inlaesibilis,
708 1887 735 1957 ¹¹,
764 1885 946 1956 inapprehen-
1000 1875 1088 1943 discit,
1113 1875 1186 1947 quod
1206 1891 1380 1931 successurus
1399 1876 1435 1932 sit
1460 1878 1488 1932 in
1516 1877 1607 1932 locum
1624 1878 1730 1932 matris.
1760 1877 1796 1933 lttt

150 1983 248 2043 sibilis.
276 1981 402 2052 Denique
433 1994 497 2035 cum
533 1978 566 2032 ad
602 1974 834 2046 apprehensiones
865 1973 946 2030 vent.
1000 1964 1096 2020 exinde
1123 1980 1244 2030 securus,
1264 1964 1490 2036 dispensationem
1505 1966 1597 2022 mundi
1624 1965 1793 2039 hujuslti),

151 2075 220 2140 tur⁵,
241 2070 368 2127 discessit
396 2069 429 2123 ab
448 2066 494 2121 illo
528 2065 556 2120 in
589 2063 742 2137 cognitione
766 2061 853 2120 Pilati.
879 2063 946 2118 Pro·
1000 2064 1042 2118 rel
1063 2061 1179 2120 maxime
1198 2063 1324 2119 Ecclesiae
1346 2065 1521 2136 protegendae
1550 2064 1670 2134 nomine,
1700 2072 1794 2137 quanto

150 2164 213 2221 inde
240 2176 291 2217 nco
336 2159 430 2215 matris
458 2171 552 2212 semen
582 2153 689 2209 admisit
712 2151 840 2222 iujurias,
869 2167 948 2222 aeque
1002 2161 1122 2224 tempore
1137 2151 1296 2225 oportuerit,
1313 2152 1464 2226 insequitur
1481 2156 1551 2228 (48).

832 2265 929 2329 Varia
944 2270 1100 2331 lectiones.

186 2407 297 2464 1Ειίαπι
319 2403 407 2462 Rhea.
423 2401 508 2459 Seml.
526 2398 638 2456 Oterth.
658 2397 670 2435 ²
690 2397 739 2453 teu
754 2399 798 2454 cel
810 2397 867 2452 lem
881 2399 913 2453 tn
929 2397 992 2454 tiss.
1006 2398 1099 2456 tasum
1113 2400 1179 2456 Par.
1194 2398 1207 2439 ³
1222 2399 1269 2456 lne
1292 2401 1442 2458 enarratira
1456 2401 1542 2459 Rhea.
1568 2403 1655 2460 Sctm.
1689 2404 1786 2462 oberth

150 2478 311 2539 tesneriana
329 2479 409 2532 Pana.
431 2477 517 2530 Fran.
541 2473 606 2528 Par.
629 2470 641 2508 ⁴
664 2468 809 2525 Invisibilis
833 2469 884 2541 lep.
912 2470 978 2527 tran.
1005 2487 1041 2528 ec
1064 2472 1139 2528 iren.
1164 2471 1176 2509 ⁵
1198 2472 1342 2528 veniretur
1360 2475 1427 2531 tan.
1455 2473 1469 2512 ⁶
1495 2473 1710 2532 Delineatiouem
1734 2479 1794 2535 tan.

148 2555 160 2593 ί
175 2549 343 2609 Praeconium
363 2548 431 2605 tart.
446 2546 459 2583 8
472 2543 597 2601 Occurrit
608 2542 648 2597 at.

863 2637 1112 2703 Commentarius.

185 2775 390 2851 (tllDenotasse
406 2765 887 2838 tancinbaptismatr'ssacramcnto
901 2767 950 2825 So·
995 2774 1179 2828 exterrerent
1192 2786 1277 2838 crum,
1295 2774 1323 2829 et
1338 2774 1474 2842 formauit
1488 2775 1642 2833 Achamoth
1651 2777 1796 2849 sonnatio·

151 2856 249 2908 tcrem
267 2848 348 2903 Vetus
361 2842 501 2913 exemplar
516 2838 798 2919 nonitahetiatmem,
813 2837 862 2891 sed
876 2839 947 2903 lem,
995 2858 1061 2897 nent
1075 2841 1230 2900 secandam
1245 2844 1448 2900 substant-iam.
1465 2846 1564 2902 Omnia
1579 2847 1651 2904 enim
1678 2851 1736 2908 haec
1747 2866 1793 2908 er·

147 2923 219 2996 quod
248 2920 422 2988 depravatum
451 2919 492 2966 est
515 2926 547 2964 cx
575 2917 779 2981 enarraturam
807 2924 860 2980 quo
887 2919 945 2966 erat
997 2914 1485 2977 emptaillnrnmessedicunt.Eno.

148 2993 280 3062 scripturn
308 2983 487 3055 titt13stvc
505 2979 668 3062 lhm,·quod·
693 2980 721 3034 in
749 2981 815 3034 Mas.
841 2961 979 3062 passim'ss
1030 2984 1087 3064 (45)
1101 2986 1298 3042 Patrocinium
1327 2987 1359 3041 in
1371 2988 1537 3047 Achamoth.
1562 2988 1633 3058 Quid
1657 2990 1717 3048 haec
1735 3007 1792 3058 rot,

146 3061 280 3136 significat
306 3060 408 3114 lesum.
434 3055 529 3125 Neque
552 3054 629 3106 ahter
643 3053 687 3109 htc
711 3051 867 3123 legendum,
891 3061 942 3108 etst
998 3062 1078 3108 toties
1102 3058 1213 3127 repetita
1227 3059 1260 3111 ad
1284 3058 1391 3113 taedium
1408 3076 1503 3132 nsque,
1521 3061 1666 3132 significet,
1686 3078 1740 3120 uon
1763 3065 1794 3120 in

146 3137 267 3192 θ’ῡῑθΐθῐΰ
280 3129 400 3201 P⁰⁵¹1⁹¹ii
414 3127 540 3181 lissssaells·
555 3123 646 3179 RHEN·
996 3138 1174 3195 compertum.
1193 3129 1352 3198 Coniectura
1366 3137 1407 3186 est
1421 3133 1454 3186 ab
1469 3133 1575 3188 hebraea
1592 3148 1659 3189 voce
1682 3133 1794 3192 derivari

180 3208 237 3277 (tt)
251 3205 366 3260 Patitur
376 3215 438 3256 acro
453 3197 588 3253 anirnatis
603 3199 631 3251 et
645 3209 776 3251 carneas.
793 3195 866 3249 llauc
876 3210 941 3250 sen·
999 3206 1096 3263 timeri,
1113 3200 1265 3272 sapientia,
1281 3199 1373 3273 sicque
1391 3203 1520 3274 tantisper
1534 3203 1562 3259 in
1578 3205 1732 3263 Achamoth
1746 3207 1792 3264 dc·

145 3278 254 3333 tentiam
278 3276 349 3331 clare
364 3269 474 3339 exponit
496 3270 623 3333 lrenaeus,
642 3266 681 3321 sic
694 3266 826 3320 scribens.
844 3267 941 3322 Passus

144 3358 184 3405 est
213 3360 315 3413 antem,
340 3342 427 3414 inquit
457 3339 608 3394 secuudum
635 3342 697 3401 hos,
713 3335 837 3391 animalis
860 3336 940 3390 Chri-

142 3432 211 3491 stus,
226 3428 253 3476 et
268 3419 312 3472 ille
325 3416 373 3486 qui
388 3429 420 3469 ex
434 3409 609 3481 dispositione
624 3406 771 3463 fabricatus
788 3406 817 3460 in
834 3417 937 3477 mystu-

141 3492 194 3558 rio,
211 3488 376 3547 utostcndat
402 3499 450 3555 per
471 3499 533 3538 enm
561 3487 645 3535 mater
672 3489 766 3549 typum
792 3478 940 3547 superioris

142 3562 252 3633 Christi,
277 3559 349 3615 itlius
372 3555 419 3627 qui
447 3563 572 3609 extensus
597 3549 735 3612 estcruci,
764 3556 791 3606 et
817 3548 940 3607 formarit

141 3634 301 3695 Achamoth,
339 3625 530 3684 formationem
568 3621 718 3677 secundum
752 3621 937 3677 substantiam.

142 3703 240 3760 Omnia
254 3700 327 3756 enim
350 3701 408 3753 haec
432 3694 554 3765 exempla
569 3692 675 3747 illorum
689 3707 748 3747 esse
763 3691 869 3759 dicunt;
886 3708 937 3748 ca·

141 3788 214 3846 pone
241 3786 307 3843 ergo
340 3770 367 3824 in
382 3767 589 3821 delineationem
608 3762 755 3832 superioris
782 3762 896 3834 Christi,
911 3763 939 3818 id

141 3855 192 3911 est,
208 3844 236 3898 in
255 3851 359 3912 typum,
376 3838 403 3890 in
417 3836 579 3906 exemplum.
594 3833 688 3889 Rana.

176 3913 232 3984 (tat
257 3915 300 3969 lta
332 3908 429 3966 arania
457 3907 489 3962 in
517 3907 653 3978 imagines
681 3908 793 3977 arpent.
808 3906 936 3968 lrneaeus,

143 4008 155 4038 ι
177 3986 273 4042 Omnia
291 3982 362 4037 enim
378 3982 436 4035 haee
450 3976 583 4045 exempla,
601 3978 709 4031 illorum
732 3991 790 4032 csse
805 3977 906 4033 dicunt.
924 3997 936 4028 ν

140 4059 252 4115 Graecus
270 4054 357 4118 habet,
377 4053 477 4109 τόπους.
497 4049 561 4105 ltro.

178 4128 224 4199 (tt
253 4124 419 4183 Christiani.
437 4122 509 4177 lren.
525 4124 627 4177 cantra
643 4121 747 4176 llteres.
763 4134 822 4190 cap.
840 4121 868 4185 t,
883 4119 899 4193 ἕ
913 4123 940 4175 t.

139 4200 233 4250 -Καὶ
248 4204 322 4249 τοῦτο
337 4198 381 4260 μὲν
396 4194 476 4253 ἀπαθῆ
490 4191 694 4256 διαμεμενηκέναι
710 4191 802 4257 (οὐγὰρ
818 4191 942 4256 ἐνεδέχετο

995 3268 1076 3323 flexit.
1094 3269 1131 3323 Le
1147 3272 1195 3325 Pa.

1019 3340 1090 3423 ,(46)
1114 3343 1235 3424 Propere
1254 3346 1284 3399 et
1299 3349 1416 3402 ovanter
1428 3349 1555 3403 accurrit
1577 3364 1647 3405 cam
1671 3348 1794 3408 nachar

994 3411 1101 3493 carthus
1130 3429 1198 3470 sats.
1224 3414 1342 3471 trenaeus
1374 3419 1488 3474 obscure
1512 3420 1658 3475 admodum
1682 3422 1793 3479 dixerat.

993 3483 1029 3610 ΙΕὶί
1044 3499 1074 3537 tn
1089 3484 1227 3556 guadiam
1242 3487 1268 3541 ei
1283 3488 1394 3547 cernere
1415 3507 1482 3548 cam
1500 3491 1578 3550 omrai
1598 3490 1709 3551 virtute
1728 3510 1789 3552 aaa.

1018 3568 1055 3608 ta.

1029 3625 1087 3694 (47)
1102 3626 1348 3697 Dispensationem
1376 3631 1478 3688 mnndi
1491 3633 1586 3705 (ναίον,
1600 3632 1644 3703 τὴν
1663 3634 1728 3690 κατὰ
1753 3635 1793 3690 aba

994 3697 1086 3778 κόσμον
1114 3694 1263 3767 οἰκονομίαν.
1297 3700 1390 3770 ltaque
1420 3703 1650 3774 dispensationem
1682 3709 1727 3764 hic
1752 3707 1792 3764 di·

994 3775 1040 3832 crt,
1056 3767 1128 3836 quod
1143 3783 1237 3838 supra,
1248 3771 1472 3843 dispositionem.
1488 3776 1550 3834 lite.

1029 3840 1086 3908 (48)
1102 3840 1272 3912 insegniter.
1294 3846 1363 3898 lrcn.
1385 3848 1599 3904 contrallccrea.
1625 3863 1689 3919 cap.
1704 3847 1792 3971 hp&

993 3910 1087 3967 -Τὰς
1109 3911 1166 3959 δὲ...
1187 3914 1306 3976 ψυχὰς...
1321 3917 1405 3966 πλεῖον
1428 3923 1477 3966 τῶν
1493 3920 1572 3968 όλλων
1595 3919 1736 3983 ήγαπῆσθαι

994 3985 1038 4030 τοῦ
1053 3985 1217 4048 Δημιουργοῠ,
1234 3985 1267 4047 μή
1290 3985 1382 4044 εἰδότος
1402 3988 1445 4046 τήν
1460 3990 1549 4047 αἰτίαν,
1564 3990 1627 4040 ἀλλὰ
1647 3994 1706 4058 παρ’
1721 3992 1791 4043 αὐτοί

993 4053 1149 4116 λογιζομένου
1172 4053 1235 4104 εἶναι
1254 4058 1377 4114 τοιαὺτας.
1392 4059 1436 4108 Διὸ
1455 4061 1497 4109 καὶ
1512 4065 1546 4117 οῖς
1560 4063 1697 4126 προφὴτας,
1712 4062 1791 4126 φασίν,

998 4124 1102 4174 ἔτασσεν
1117 4125 1264 4188 anteierat
1278 4130 1351 4194 ἱερεῖς
1365 4130 1408 4179 καί
1423 4132 1541 4194 βασιλεῖς,
1549 4133 1592 4181 καί
1599 4134 1741 4186 πολλὰῦπὸ
1753 4138 1791 4185 πολ

997 4197 1137 4261 σπέρματος
1146 4198 1235 4249 τούτου
1247 4201 1356 4264 εἰρῆσθαι
1370 4206 1419 4250 τῶν
1433 4208 1575 4268 προφητῶν,
1585 4205 1629 4254 καί
1639 4207 1728 4257 λοιπὸν
1741 4209 1792 4272 sip·
1824 4190 1833 4215 ⁸

138 4275 225 4323 παθεῖν
241 4271 325 4327 αυτόν,
340 4266 479 4332 ἀκράτητον
493 4264 537 4314 καὶ
557 4263 662 4329 ἀόρατον
681 4263 833 4328 ὑπάρχοντα)
847 4265 889 4313 καί
902 4264 944 4313 διὰ
996 4285 1067 4318 νουσι
1081 4270 1124 4327 τὰς
1138 4273 1296 4337 προφητείας,
1305 4273 1334 4321 τὸ
1349 4274 1391 4334 μέν
1406 4291 1429 4323 τι
1444 4274 1493 4324 ἀπὸ
1516 4281 1558 4334 τῆς
1573 4278 1665 4344 μητρὸς
1688 4281 1791 4345 gip-m

138 4350 213 4395 τοῦτο
227 4343 309 4408 ἧφθαι.
320 4338 516 4405 Προσαγομένου
529 4336 604 4385 αὐτοῦ
618 4337 654 4398 τῷ
664 4335 809 4399 nitescant
819 4335 853 4392 είς
868 4336 941 4386 αὐτὸν

138 4417 272 4466 καταποθὲν
292 4417 390 4474 πνεῦμα
404 4413 520 4475 Χριστοῦ·
535 4408 587 4456 ἀλλ’
603 4407 660 4457 οὐδὲ
681 4406 711 4455 τὸ
724 4406 773 4456 ἀπὸ
795 4413 837 4466 τῆς
852 4409 942 4472 μητρὸς
959 4397 982 4475 Β

139 4488 238 4551 σπέρμα
259 4483 405 4535 πεπονθέναι
428 4482 550 4543 λέγουσιν·
571 4479 662 4532 ἀπαθὲς
684 4478 730 4542 γὰρ
755 4478 797 4527 καὶ
820 4479 889 4538 αὐτὸ,
912 4479 941 4529 τό

137 4561 314 4624 πνευματικὸν,
325 4559 368 4608 καί
382 4557 499 4623 ἀόρατον,
508 4554 551 4604 καὶ
565 4554 632 4618 αὐτῷ
645 4554 681 4617 τῷ
696 4555 850 4618 Δημιουργῷ·
867 4555 941 4604 ἔπαθε

137 4633 164 4682 δὲ
178 4634 274 4696 λοιπόν,
286 4633 339 4681 κατ’
354 4630 450 4684 αὐτοὺς,
467 4630 480 4675 d
495 4626 596 4691 ψυχικὸς
611 4625 715 4689 Χριστὸς
718 4658 767 4673 .....
781 4624 811 4673 ἵν’
825 4625 939 4690 ἐπιδείξῃ,

137 4705 213 4754 αὐτοῦ
231 4707 247 4762 ἡ
262 4705 341 4767 μήτηρ
356 4702 399 4750 τόν
414 4699 490 4748 τύπον
505 4704 549 4747 τοῦ
571 4697 624 4746 ἂνω
648 4699 764 4762 Χριστοῦ,
779 4697 873 4746 ἐκεινου
896 4702 939 4747 τοῦ

136 4777 310 4830 instantiores
330 4766 365 4838 τῷ
388 4772 496 4836 σταυρῷ,
510 4770 554 4818 καί
569 4770 744 4835 μορφώσαντος
764 4771 807 4828 την
826 4767 939 4833 Ἀχαμώθ

137 4840 263 4903 μόρφωσιν
278 4838 322 4894 τήν
337 4836 392 4882 κατ’
408 4834 503 4883 οὐσίαν.
519 4833 606 4882 Πάντα
618 4833 666 4896 γὰρ
680 4837 758 4881 ταῦτα
770 4833 861 4890 τόπους
875 4833 938 4883 ἐκεί·

136 4926 185 4957 νων
202 4909 265 4957 εἶναι
281 4908 409 4968 λέγουσι...

174 4977 378 5050 interpretatio
389 4980 478 5031 uetns.
489 4977 567 5031 -at
577 4974 652 5031 hunc
661 4974 774 5059 paridem
784 4975 938 5046 impassibi-

137 5052 193 5107 lcrn
203 5064 393 5123 perseuerasse
403 5052 470 5119 laon
481 5049 557 5102 enirn
572 5047 701 5119 passibile
710 5061 772 5103 erat
786 5049 849 5118 pati
861 5064 936 5115 cam,

137 5127 283 5179 comesset
303 5118 847 5192 ineetnprehenst'ht'lisctirrut'sibttt'slret
867 5135 937 5190 pro·

133 5198 201 5277 pter
215 5195 265 5252 hcc
279 5193 403 5250 ablatam
418 5209 485 5263 esse,
498 5207 563 5246 cant
575 5189 738 5246 traheretur
749 5190 785 5244 ad
798 5190 935 5257 Pilatum,

135 5267 212 5321 tllum
234 5266 281 5337 qui
302 5264 475 5337 depositurus
502 5261 602 5316 eratin
617 5277 680 5316 eum
696 5263 807 5331 spiritns
826 5260 935 5318 Christi.

133 5338 188 5394 Sed
194 5355 228 5394 ne
237 5339 262 5391 id
274 5337 396 5411 quidem,
409 5334 481 5409 arrad
496 5350 513 5389 a
527 5337 620 5389 matre
627 5338 807 5396 eratsemen,
822 5348 936 5404 passam

134 5427 191 5468 case
206 5410 317 5474 dicunt,
333 5405 500 5477 impassibile
516 5404 588 5459 enim
603 5413 631 5460 et
646 5404 830 5475 illud,quippe
843 5406 936 5475 spira-

134 5478 816 5549 tateetinvisibitectiamipsiDemiurgo.Passus
826 5480 933 5533 estua-

998 4342 1115 4400 θέλοντες,
1130 4343 1160 4392 τὸ
1173 4343 1200 4392 δὲ
1213 4360 1237 4393 τι
1252 4344 1358 4394 ἀπὸτοῦ
1378 4346 1527 4412 σπέρματος,
1543 4349 1572 4398 τὸ
1595 4349 1623 4399 dl
1645 4367 1671 4401 τι
1688 4351 1741 4403 ἀπὸ
1753 4353 1790 4402 τοῦ

997 4417 1164 4479 Δημιονφνοῦ.

1027 4487 1038 4548 ξ
1055 4488 1079 4532 4.
1094 4486 1142 4535 Τόν
1158 4486 1184 4535 δὲ
1198 4489 1394 4553 Δημιουργόν....
1410 4491 1606 4541 διατετελεκέναι
1618 4493 1679 4560 ἄχρι
1691 4501 1736 4556 τῆς
1747 4510 1788 4545 π·

995 4558 1093 4625 φουσίας
1107 4563 1151 4607 τοῦ
1166 4559 1265 4624 Κυρίου·
1281 4560 1390 4618 ἐλθόντος
1404 4562 1431 4611 δὲ
1446 4569 1489 4612 τοῦ
1511 4567 1636 4631 Σωτῆρος,
1651 4567 1738 4630 μαθεῖν
1750 4566 1789 4618 oi*

993 4633 1036 4680 τόν
1050 4634 1107 4696 παρ’
1119 4634 1194 4683 αὐτοῦ
1209 4635 1290 4684 πάντα
1303 4637 1408 4698 λέγουσι,
1424 4638 1465 4687 καὶ
1480 4638 1587 4702 ἅσμενον
1602 4640 1672 4703 αὐτῷ
1680 4657 1788 4708 προσχιν

994 4704 1113 4768 φήσαντα,
1130 4706 1192 4767 μετὰ
1205 4706 1285 4765 πάσης
1300 4714 1343 4767 τῆς
1357 4709 1484 4772 δυνάμεως
1497 4711 1632 4770 αὑτοῡ,καί
1642 4728 1719 4762 αυτον
1734 4711 1788 4763 τίνα

993 4776 1035 4823 τόν
1049 4775 1074 4822 ἐν
1089 4776 1124 4839 τῷ
1139 4778 1280 4842 Ευαγγελίῳ
1290 4779 1512 4846 ἑκατόνταρχον...
1528 4781 1603 4830 αὑτὸν
1612 4782 1659 4842 τήν
1673 4784 1741 4833 κατὰ
1752 4782 1787 4832 nr

992 4845 1085 4908 κόσμον
1096 4846 1237 4909 οἰκονομίαν
1254 4851 1324 4913 μέχρι
1333 4856 1377 4899 τοῦ
1385 4850 1481 4908 δέοντος
1494 4852 1710 4916 καιροῦ,μάλιστα
1722 4849 1788 4904 tint

992 4917 1035 4974 τήν
1050 4923 1092 4976 τῆς
1106 4915 1245 4977 Ἐκκλησίας
1259 4921 1407 4985 ἐπιμέλειαν,
1418 4922 1479 4971 ἀλλὰ
1491 4923 1535 4971 καὶ
1547 4923 1589 4973 διὰ
1601 4923 1649 4982 τήν
1663 4925 1787 4989 inimi

991 4993 1035 5068 τοῦ
1051 4989 1235 5051 ἑτοιμαοίέντος
1249 4993 1316 5055 αὐτῷ
1337 4993 1451 5052 ἐπάθλου,
1469 4994 1508 5044 ότι
1522 4997 1558 5051 εἰς
1579 4995 1624 5044 τὸν
1647 5001 1692 5057 τῆς
1706 4995 1788 5064 paup&

992 5073 1068 5107 τοπον
1082 5061 1200 5125 χωρήσει.

1030 5122 1235 5189 interpretatio
1250 5128 1341 5182 netas.
1353 5154 1388 5165 -
1402 5124 1416 5197 s
1429 5129 1455 5181 3.
1469 5126 1524 5183 Eae
1539 5140 1638 5184 tero...
1655 5128 1786 5185 animas...

991 5191 1084 5247 dicunt
1111 5195 1171 5264 plns
1187 5195 1298 5252 dilectas
1312 5211 1329 5252 a
1344 5196 1500 5270 Demiurgo,
1529 5212 1585 5254 uon
1611 5199 1719 5257 sciente
1732 5215 1788 5258 eet·

991 5279 1047 5317 sam
1064 5269 1151 5328 ,seda
1166 5267 1311 5339 semetipso
1327 5276 1437 5338 putante
1449 5285 1495 5326 cas
1509 5284 1570 5324 esse
1583 5271 1655 5328 tales
1667 5286 1786 5347 quapro-

992 5339 1035 5391 ter
1049 5340 1076 5391 et
1086 5338 1117 5392 t'n
1125 5339 1286 5411 prophetas,
1296 5341 1390 5405 aiant,
1397 5340 1584 5398 distribuebat
1592 5357 1642 5400 cos
1656 5350 1685 5398 et
1698 5358 1785 5401 ονοοτ·

990 5408 1069 5462 dotes
1083 5416 1109 5463 ct
1123 5426 1202 5480 reges
1215 5419 1243 5469 et
1256 5414 1340 5466 multa
1354 5410 1388 5468 de
1397 5413 1449 5470 hoc
1463 5412 1646 5470 seminedicta
1660 5430 1713 5488 per
1732 5428 1789 5488 pro

990 5478 1085 5547 phetas
1103 5492 1243 5553 exponunt
1258 5503 1265 5539 ι
1281 5483 1382 5556 qnippe
1394 5500 1457 5541 cum
1476 5483 1579 5542 altioris
1592 5490 1785 5546 natum&

134 5557 192 5608 tem
202 5552 356 5611 mcnndnm
365 5552 413 5609 hos
423 5548 557 5606 animatis
574 5548 747 5616 Christus...,
762 5549 796 5603 ut
810 5547 941 5607 ostendat
993 5549 1175 5611 nutnautem
1200 5561 1227 5610 ct
1239 5564 1352 5613 matrem
1374 5556 1408 5613 de
1423 5555 1613 5630 οοφοτίονίίιον
1625 5557 1731 5618 dirim
1744 5555 1786 5615 tli-

120 5638 183 5693 per
193 5639 262 5681 curn
278 5624 365 5682 tlatcr
381 5624 480 5695 typam
492 5619 649 5694 superioris
664 5619 781 5690 Christi,
795 5619 876 5678 ittera
889 5621 939 5696 gai
992 5631 1068 5695 cunt,
1082 5624 1131 5682 sed
1145 5634 1174 5716 et
1185 5642 1236 5698 per
1249 5627 1321 5686 huuc
1335 5632 1363 5685 et
1389 5643 1439 5700 per
1450 5645 1497 5688 ear
1511 5643 1573 5702 qne
1588 5628 1627 5688 ab
1640 5630 1695 5691 boc
1714 5629 1786 5689 turta
