<?xml version="1.0" encoding="UTF-8"?>
<!DOCTYPE html PUBLIC "-//W3C//DTD XHTML 1.0 Transitional//EN"
    "http://www.w3.org/TR/xhtml1/DTD/xhtml1-transitional.dtd">
<html xmlns="http://www.w3.org/1999/xhtml" xml:lang="en" lang="en">
 <head>
  <title>
</title>
<meta http-equiv="Content-Type" content="text/html;charset=utf-8" />
  <meta name='ocr-system' content='tesseract 3.04.00' />
  <meta name='ocr-capabilities' content='ocr_page ocr_carea ocr_par ocr_line ocrx_word'/>
</head>
<body>
  <div class='ocr_page' id='page_1' title='image "./patrologiaecurs51unkngoog/patrologiaecurs51unkngoog_0439.png"; bbox 0 0 3840 6134; ppageno 0'>
   <div class='ocr_carea' id='block_1_1' title="bbox 145 304 1801 387">
    <p class='ocr_par' dir='ltr' id='par_1_1' title="bbox 145 304 1801 387">
     <span class='ocr_line' id='line_1_1' title="bbox 145 304 1801 387; baseline 0.004 -19"><span class='ocrx_word' id='word_1_1' title='bbox 145 309 198 369; x_wconf 77' lang='lat'><strong>867</strong></span> <span class='ocrx_word' id='word_1_2' title='bbox 491 304 713 370; x_wconf 81' lang='lat' dir='ltr'><strong>taauuthultt</strong></span> <span class='ocrx_word' id='word_1_3' title='bbox 730 306 867 371; x_wconf 76' lang='lat' dir='ltr'><strong>chunuti</strong></span> <span class='ocrx_word' id='word_1_4' title='bbox 885 304 970 371; x_wconf 75' lang='lat' dir='ltr'><strong>etus</strong></span> <span class='ocrx_word' id='word_1_5' title='bbox 988 305 1021 373; x_wconf 78' lang='grc' dir='ltr'><strong>ΙΙ.</strong></span> <span class='ocrx_word' id='word_1_6' title='bbox 1041 336 1078 349; x_wconf 90' lang='lat'>-</span> <span class='ocrx_word' id='word_1_7' title='bbox 1095 304 1207 370; x_wconf 76' lang='lat' dir='ltr'><strong>sutus</strong></span> <span class='ocrx_word' id='word_1_8' title='bbox 1224 307 1248 387; x_wconf 74' lang='lat' dir='ltr'><strong>l,</strong></span> <span class='ocrx_word' id='word_1_9' title='bbox 1266 305 1442 372; x_wconf 76' lang='lat' dir='ltr'><strong>Panthus.</strong></span> <span class='ocrx_word' id='word_1_10' title='bbox 1747 311 1801 375; x_wconf 81' lang='grc'><strong>868</strong></span> 
     </span>
    </p>
   </div>
   <div class='ocr_carea' id='block_1_2' title="bbox 120 439 1801 3460">
    <p class='ocr_par' dir='ltr' id='par_1_2' title="bbox 120 439 1800 2390">
     <span class='ocr_line' id='line_1_2' title="bbox 144 439 1799 539; baseline 0.002 -39"><span class='ocrx_word' id='word_1_11' title='bbox 144 446 261 500; x_wconf 88' lang='lat' dir='ltr'><strong>nimatus</strong></span> <span class='ocrx_word' id='word_1_12' title='bbox 274 449 302 498; x_wconf 90' lang='lat' dir='ltr'><strong>et</strong></span> <span class='ocrx_word' id='word_1_13' title='bbox 315 439 492 498; x_wconf 82' lang='lat' dir='ltr'><strong>revivificatus</strong></span> <span class='ocrx_word' id='word_1_14' title='bbox 510 443 577 510; x_wconf 87' lang='lat' dir='ltr'><strong>lleo,</strong></span> <span class='ocrx_word' id='word_1_15' title='bbox 593 443 752 515; x_wconf 73' lang='lat' dir='ltr'><strong>ignorantiae</strong></span> <span class='ocrx_word' id='word_1_16' title='bbox 774 450 861 499; x_wconf 89' lang='lat' dir='ltr'><strong>morte</strong></span> <span class='ocrx_word' id='word_1_17' title='bbox 884 440 939 497; x_wconf 84' lang='lat' dir='ltr'><strong>dis-</strong></span> <span class='ocrx_word' id='word_1_18' title='bbox 953 457 977 539; x_wconf 53' lang='lat' dir='ltr'>fl</span> <span class='ocrx_word' id='word_1_19' title='bbox 992 456 1046 501; x_wconf 89' lang='lat' dir='ltr'><strong>noe</strong></span> <span class='ocrx_word' id='word_1_20' title='bbox 1075 441 1204 514; x_wconf 70' lang='lat' dir='ltr'><strong>figuraret</strong></span> <span class='ocrx_word' id='word_1_21' title='bbox 1228 451 1256 501; x_wconf 87' lang='lat' dir='ltr'><strong>et</strong></span> <span class='ocrx_word' id='word_1_22' title='bbox 1282 443 1388 516; x_wconf 87' lang='lat' dir='ltr'><strong>peperit</strong></span> <span class='ocrx_word' id='word_1_23' title='bbox 1412 439 1636 508; x_wconf 78' lang='lat' dir='ltr'><strong>Emmanuelem,</strong></span> <span class='ocrx_word' id='word_1_24' title='bbox 1658 441 1799 503; x_wconf 83' lang='lat' dir='ltr'><strong>nobiscum</strong></span> 
     </span>
     <span class='ocr_line' id='line_1_3' title="bbox 144 527 1793 605; baseline -0.002 -16"><span class='ocrx_word' id='word_1_25' title='bbox 144 546 234 601; x_wconf 83' lang='lat' dir='ltr'><strong>cussa,</strong></span> <span class='ocrx_word' id='word_1_26' title='bbox 253 530 329 605; x_wconf 81' lang='lat' dir='ltr'><strong>uelut</strong></span> <span class='ocrx_word' id='word_1_27' title='bbox 349 530 383 585; x_wconf 90' lang='lat' dir='ltr'><strong>de</strong></span> <span class='ocrx_word' id='word_1_28' title='bbox 402 531 528 600; x_wconf 89' lang='lat' dir='ltr'><strong>sepulcro</strong></span> <span class='ocrx_word' id='word_1_29' title='bbox 549 533 647 588; x_wconf 86' lang='lat' dir='ltr'><strong>veteris</strong></span> <span class='ocrx_word' id='word_1_30' title='bbox 666 531 783 588; x_wconf 89' lang='lat' dir='ltr'><strong>hominis</strong></span> <span class='ocrx_word' id='word_1_31' title='bbox 807 529 935 601; x_wconf 76' lang='lat' dir='ltr'>eruperit:</span> <span class='ocrx_word' id='word_1_32' title='bbox 994 530 1080 587; x_wconf 89' lang='lat' dir='ltr'><strong>Deum</strong></span> <span class='ocrx_word' id='word_1_33' title='bbox 1094 531 1105 568; x_wconf 84' lang='lat'><strong>¹</strong></span> <span class='ocrx_word' id='word_1_34' title='bbox 1120 533 1224 597; x_wconf 78' lang='lat' dir='ltr'><strong>losum,</strong></span> <span class='ocrx_word' id='word_1_35' title='bbox 1238 546 1293 589; x_wconf 91' lang='lat' dir='ltr'><strong>nen</strong></span> <span class='ocrx_word' id='word_1_36' title='bbox 1311 531 1437 603; x_wconf 87' lang='lat' dir='ltr'><strong>oblique;</strong></span> <span class='ocrx_word' id='word_1_37' title='bbox 1452 538 1479 586; x_wconf 85' lang='lat' dir='ltr'><strong>et</strong></span> <span class='ocrx_word' id='word_1_38' title='bbox 1497 528 1520 585; x_wconf 87' lang='lat' dir='ltr'><strong>si</strong></span> <span class='ocrx_word' id='word_1_39' title='bbox 1536 527 1646 600; x_wconf 82' lang='lat' dir='ltr'><strong>oblique</strong></span> <span class='ocrx_word' id='word_1_40' title='bbox 1660 536 1793 604; x_wconf 55' lang='lat' dir='ltr'><strong>acceptus</strong></span> 
     </span>
     <span class='ocr_line' id='line_1_4' title="bbox 144 617 1798 695; baseline 0.001 -18"><span class='ocrx_word' id='word_1_41' title='bbox 144 620 208 695; x_wconf 88' lang='lat' dir='ltr'><strong>quia</strong></span> <span class='ocrx_word' id='word_1_42' title='bbox 223 628 250 676; x_wconf 88' lang='lat' dir='ltr'><strong>et</strong></span> <span class='ocrx_word' id='word_1_43' title='bbox 264 619 395 676; x_wconf 85' lang='lat' dir='ltr'><strong>Dominus</strong></span> <span class='ocrx_word' id='word_1_44' title='bbox 408 619 513 676; x_wconf 84' lang='lat' dir='ltr'>Scribas</span> <span class='ocrx_word' id='word_1_45' title='bbox 527 627 554 678; x_wconf 89' lang='lat' dir='ltr'><strong>et</strong></span> <span class='ocrx_word' id='word_1_46' title='bbox 566 620 714 678; x_wconf 70' lang='lat' dir='ltr'><strong>Pharisaeos</strong></span> <span class='ocrx_word' id='word_1_47' title='bbox 723 620 853 691; x_wconf 83' lang='lat' dir='ltr'><strong>sepulcris</strong></span> <span class='ocrx_word' id='word_1_48' title='bbox 862 618 938 676; x_wconf 86' lang='lat' dir='ltr'><strong>deal·</strong></span> <span class='ocrx_word' id='word_1_49' title='bbox 991 633 1057 678; x_wconf 82' lang='lat' dir='ltr'><strong>rum</strong></span> <span class='ocrx_word' id='word_1_50' title='bbox 1068 621 1206 695; x_wconf 84' lang='lat' dir='ltr'><strong>uirtutem</strong></span> <span class='ocrx_word' id='word_1_51' title='bbox 1215 623 1356 692; x_wconf 79' lang='lat' dir='ltr'><strong>Damasci,</strong></span> <span class='ocrx_word' id='word_1_52' title='bbox 1366 625 1394 679; x_wconf 88' lang='lat' dir='ltr'><strong>et</strong></span> <span class='ocrx_word' id='word_1_53' title='bbox 1404 617 1495 693; x_wconf 81' lang='lat' dir='ltr'><strong>spolia</strong></span> <span class='ocrx_word' id='word_1_54' title='bbox 1505 619 1643 677; x_wconf 60' lang='lat' dir='ltr'><strong>&amp;morice</strong></span> <span class='ocrx_word' id='word_1_55' title='bbox 1658 619 1726 691; x_wconf 76' lang='lat' dir='ltr'><strong>(laq.</strong></span> <span class='ocrx_word' id='word_1_56' title='bbox 1738 635 1798 688; x_wconf 80' lang='grc' dir='ltr'>νιιι,</span> 
     </span>
     <span class='ocr_line' id='line_1_5' title="bbox 143 708 1799 784; baseline 0.001 -17"><span class='ocrx_word' id='word_1_57' title='bbox 143 708 213 767; x_wconf 89' lang='lat' dir='ltr'><strong>batis</strong></span> <span class='ocrx_word' id='word_1_58' title='bbox 228 710 240 755; x_wconf 77' lang='lat'>²</span> <span class='ocrx_word' id='word_1_59' title='bbox 264 708 454 780; x_wconf 83' lang='lat' dir='ltr'><strong>adaequaverit.</strong></span> <span class='ocrx_word' id='word_1_60' title='bbox 478 709 581 765; x_wconf 78' lang='lat' dir='ltr'>Exinde</span> <span class='ocrx_word' id='word_1_61' title='bbox 608 726 684 783; x_wconf 76' lang='lat' dir='ltr'><strong>ergo,</strong></span> <span class='ocrx_word' id='word_1_62' title='bbox 709 709 937 767; x_wconf 75' lang='lat' dir='ltr'><strong>resurrectionem</strong></span> <span class='ocrx_word' id='word_1_63' title='bbox 992 709 1030 782; x_wconf 83' lang='lat' dir='ltr'><strong>t),</strong></span> <span class='ocrx_word' id='word_1_64' title='bbox 1047 711 1096 767; x_wconf 89' lang='lat' dir='ltr'><strong>sed</strong></span> <span class='ocrx_word' id='word_1_65' title='bbox 1110 710 1253 769; x_wconf 78' lang='lat' dir='ltr'><strong>manifeste</strong></span> <span class='ocrx_word' id='word_1_66' title='bbox 1267 717 1420 770; x_wconf 85' lang='lat' dir='ltr'><strong>venturum</strong></span> <span class='ocrx_word' id='word_1_67' title='bbox 1434 711 1466 767; x_wconf 86' lang='lat' dir='ltr'><strong>in</strong></span> <span class='ocrx_word' id='word_1_68' title='bbox 1474 708 1620 781; x_wconf 83' lang='lat' dir='ltr'><strong>judicium</strong></span> <span class='ocrx_word' id='word_1_69' title='bbox 1634 726 1702 767; x_wconf 88' lang='lat' dir='ltr'><strong>curn</strong></span> <span class='ocrx_word' id='word_1_70' title='bbox 1716 727 1799 784; x_wconf 84' lang='lat' dir='ltr'><strong>pres·</strong></span> 
     </span>
     <span class='ocr_line' id='line_1_6' title="bbox 144 796 1799 873; baseline 0.001 -18"><span class='ocrx_word' id='word_1_71' title='bbox 144 797 198 855; x_wconf 90' lang='lat' dir='ltr'><strong>tide</strong></span> <span class='ocrx_word' id='word_1_72' title='bbox 213 805 386 867; x_wconf 86' lang='lat' dir='ltr'><strong>consecutos,</strong></span> <span class='ocrx_word' id='word_1_73' title='bbox 397 815 459 854; x_wconf 92' lang='lat' dir='ltr'><strong>curn</strong></span> <span class='ocrx_word' id='word_1_74' title='bbox 469 798 586 855; x_wconf 87' lang='lat' dir='ltr'><strong>Domino</strong></span> <span class='ocrx_word' id='word_1_75' title='bbox 599 815 671 865; x_wconf 89' lang='lat' dir='ltr'><strong>esse,</strong></span> <span class='ocrx_word' id='word_1_76' title='bbox 683 816 744 856; x_wconf 91' lang='lat' dir='ltr'><strong>cum</strong></span> <span class='ocrx_word' id='word_1_77' title='bbox 758 798 860 855; x_wconf 91' lang='lat' dir='ltr'><strong>eumin</strong></span> <span class='ocrx_word' id='word_1_78' title='bbox 872 798 938 870; x_wconf 90' lang='lat' dir='ltr'><strong>hap·</strong></span> <span class='ocrx_word' id='word_1_79' title='bbox 992 801 1096 873; x_wconf 84' lang='lat' dir='ltr'><strong>bpteris</strong></span> <span class='ocrx_word' id='word_1_80' title='bbox 1111 805 1140 857; x_wconf 90' lang='lat' dir='ltr'><strong>et</strong></span> <span class='ocrx_word' id='word_1_81' title='bbox 1154 799 1336 859; x_wconf 70' lang='lat' dir='ltr'><strong>archontibus</strong></span> <span class='ocrx_word' id='word_1_82' title='bbox 1350 799 1363 836; x_wconf 81' lang='lat'>⁸</span> <span class='ocrx_word' id='word_1_83' title='bbox 1375 797 1476 872; x_wconf 84' lang='lat' dir='ltr'><strong>papuli</strong></span> <span class='ocrx_word' id='word_1_84' title='bbox 1491 796 1554 868; x_wconf 73' lang='lat' dir='ltr'><strong>ileo.</strong></span> <span class='ocrx_word' id='word_1_85' title='bbox 1566 811 1608 867; x_wconf 95' lang='grc' dir='ltr'>ιιι,</span> <span class='ocrx_word' id='word_1_86' title='bbox 1621 798 1677 868; x_wconf 82' lang='lat' dir='ltr'><strong>rt).</strong></span> <span class='ocrx_word' id='word_1_87' title='bbox 1688 798 1760 855; x_wconf 82' lang='lat' dir='ltr'><strong>Nam</strong></span> <span class='ocrx_word' id='word_1_88' title='bbox 1774 806 1799 856; x_wconf 88' lang='lat' dir='ltr'><strong>at</strong></span> 
     </span>
     <span class='ocr_line' id='line_1_7' title="bbox 145 886 1800 960; baseline 0.001 -16"><span class='ocrx_word' id='word_1_89' title='bbox 145 888 252 945; x_wconf 89' lang='lat' dir='ltr'><strong>tismate</strong></span> <span class='ocrx_word' id='word_1_90' title='bbox 267 888 279 927; x_wconf 86' lang='lat'>³</span> <span class='ocrx_word' id='word_1_91' title='bbox 293 887 438 944; x_wconf 86' lang='lat' dir='ltr'><strong>induerint.</strong></span> <span class='ocrx_word' id='word_1_92' title='bbox 463 889 521 946; x_wconf 93' lang='lat' dir='ltr'><strong>lloc</strong></span> <span class='ocrx_word' id='word_1_93' title='bbox 543 888 659 960; x_wconf 89' lang='lat' dir='ltr'><strong>denique</strong></span> <span class='ocrx_word' id='word_1_94' title='bbox 677 889 787 960; x_wconf 72' lang='lat' dir='ltr'><strong>ingenio</strong></span> <span class='ocrx_word' id='word_1_95' title='bbox 807 889 886 947; x_wconf 86' lang='lat' dir='ltr'><strong>etiem</strong></span> <span class='ocrx_word' id='word_1_96' title='bbox 910 891 938 947; x_wconf 90' lang='lat' dir='ltr'><strong>in</strong></span> <span class='ocrx_word' id='word_1_97' title='bbox 993 890 1181 953; x_wconf 79' lang='lat' dir='ltr'><strong>tumultuator</strong></span> <span class='ocrx_word' id='word_1_98' title='bbox 1190 893 1259 953; x_wconf 83' lang='lat' dir='ltr'><strong>eunt</strong></span> <span class='ocrx_word' id='word_1_99' title='bbox 1268 891 1361 960; x_wconf 83' lang='lat' dir='ltr'><strong>pentes</strong></span> <span class='ocrx_word' id='word_1_100' title='bbox 1371 887 1459 958; x_wconf 79' lang='lat' dir='ltr'><strong>(Prot.</strong></span> <span class='ocrx_word' id='word_1_101' title='bbox 1468 886 1497 956; x_wconf 92' lang='grc' dir='ltr'><strong>ιι)</strong></span> <span class='ocrx_word' id='word_1_102' title='bbox 1508 888 1537 942; x_wconf 93' lang='lat' dir='ltr'><strong>in</strong></span> <span class='ocrx_word' id='word_1_103' title='bbox 1546 901 1665 958; x_wconf 88' lang='lat' dir='ltr'><strong>persona</strong></span> <span class='ocrx_word' id='word_1_104' title='bbox 1673 887 1800 960; x_wconf 71' lang='lat' dir='ltr'><strong>chaun</strong></span> 
     </span>
     <span class='ocr_line' id='line_1_8' title="bbox 144 977 1799 1055; baseline 0 -18"><span class='ocrx_word' id='word_1_105' title='bbox 144 977 290 1052; x_wconf 77' lang='lat' dir='ltr'><strong>colloquiis</strong></span> <span class='ocrx_word' id='word_1_106' title='bbox 305 993 378 1049; x_wconf 83' lang='lat' dir='ltr'><strong>saepe</strong></span> <span class='ocrx_word' id='word_1_107' title='bbox 393 988 501 1034; x_wconf 88' lang='lat' dir='ltr'><strong>nostros</strong></span> <span class='ocrx_word' id='word_1_108' title='bbox 523 977 648 1049; x_wconf 81' lang='lat' dir='ltr'><strong>decipere</strong></span> <span class='ocrx_word' id='word_1_109' title='bbox 665 987 839 1045; x_wconf 90' lang='lat' dir='ltr'><strong>consuerunt,</strong></span> <span class='ocrx_word' id='word_1_110' title='bbox 861 978 939 1050; x_wconf 86' lang='lat' dir='ltr'><strong>quasi</strong></span> <span class='ocrx_word' id='word_1_111' title='bbox 990 983 1093 1055; x_wconf 86' lang='lat' dir='ltr'><strong>pepuli</strong></span> <span class='ocrx_word' id='word_1_112' title='bbox 1105 981 1239 1040; x_wconf 83' lang='lat' dir='ltr'><strong>meditati</strong></span> <span class='ocrx_word' id='word_1_113' title='bbox 1252 985 1320 1039; x_wconf 85' lang='lat' dir='ltr'><strong>runt</strong></span> <span class='ocrx_word' id='word_1_114' title='bbox 1330 979 1433 1037; x_wconf 75' lang='lat' dir='ltr'><strong>trunio</strong></span> <span class='ocrx_word' id='word_1_115' title='bbox 1447 977 1474 1033; x_wconf 89' lang='lat' dir='ltr'><strong>in</strong></span> <span class='ocrx_word' id='word_1_116' title='bbox 1488 992 1604 1047; x_wconf 83' lang='lat' dir='ltr'><strong>persona</strong></span> <span class='ocrx_word' id='word_1_117' title='bbox 1619 977 1799 1045; x_wconf 61' lang='lat' dir='ltr'><strong>lsraelem</strong></span> 
     </span>
     <span class='ocr_line' id='line_1_9' title="bbox 144 1066 1799 1142; baseline 0 -17"><span class='ocrx_word' id='word_1_118' title='bbox 144 1075 171 1126; x_wconf 91' lang='lat' dir='ltr'><strong>et</strong></span> <span class='ocrx_word' id='word_1_119' title='bbox 195 1068 247 1141; x_wconf 91' lang='lat' dir='ltr'><strong>ipsi</strong></span> <span class='ocrx_word' id='word_1_120' title='bbox 267 1067 493 1124; x_wconf 78' lang='lat' dir='ltr'><strong>resurrectionem</strong></span> <span class='ocrx_word' id='word_1_121' title='bbox 519 1067 608 1124; x_wconf 88' lang='lat' dir='ltr'><strong>carnis</strong></span> <span class='ocrx_word' id='word_1_122' title='bbox 632 1069 782 1126; x_wconf 82' lang='lat' dir='ltr'><strong>admittent</strong></span> <span class='ocrx_word' id='word_1_123' title='bbox 808 1067 865 1134; x_wconf 78' lang='lat' dir='ltr'><strong>Vm,</strong></span> <span class='ocrx_word' id='word_1_124' title='bbox 891 1067 937 1123; x_wconf 94' lang='lat' dir='ltr'><strong>in·</strong></span> <span class='ocrx_word' id='word_1_125' title='bbox 994 1075 1095 1130; x_wconf 90' lang='lat' dir='ltr'><strong>terunt</strong></span> <span class='ocrx_word' id='word_1_126' title='bbox 1108 1086 1185 1142; x_wconf 78' lang='lat' dir='ltr'><strong>repes</strong></span> <span class='ocrx_word' id='word_1_127' title='bbox 1202 1074 1296 1133; x_wconf 80' lang='lat' dir='ltr'><strong>terrra,</strong></span> <span class='ocrx_word' id='word_1_128' title='bbox 1309 1068 1451 1127; x_wconf 76' lang='lat' dir='ltr'><strong>herodes:</strong></span> <span class='ocrx_word' id='word_1_129' title='bbox 1472 1070 1501 1123; x_wconf 94' lang='lat' dir='ltr'><strong>et</strong></span> <span class='ocrx_word' id='word_1_130' title='bbox 1515 1066 1668 1125; x_wconf 79' lang='lat' dir='ltr'><strong>arebertus</strong></span> <span class='ocrx_word' id='word_1_131' title='bbox 1684 1082 1799 1140; x_wconf 80' lang='lat' dir='ltr'><strong>conpre-</strong></span> 
     </span>
     <span class='ocr_line' id='line_1_10' title="bbox 144 1155 1798 1234; baseline 0.001 -19"><span class='ocrx_word' id='word_1_132' title='bbox 144 1156 251 1231; x_wconf 85' lang='lat' dir='ltr'><strong>quiunt,</strong></span> <span class='ocrx_word' id='word_1_133' title='bbox 266 1158 313 1231; x_wconf 91' lang='lat' dir='ltr'><strong>qui</strong></span> <span class='ocrx_word' id='word_1_134' title='bbox 327 1171 381 1214; x_wconf 91' lang='lat' dir='ltr'><strong>nen</strong></span> <span class='ocrx_word' id='word_1_135' title='bbox 395 1156 423 1213; x_wconf 88' lang='lat' dir='ltr'><strong>in</strong></span> <span class='ocrx_word' id='word_1_136' title='bbox 435 1158 486 1214; x_wconf 90' lang='lat' dir='ltr'><strong>hac</strong></span> <span class='ocrx_word' id='word_1_137' title='bbox 499 1173 580 1214; x_wconf 87' lang='lat' dir='ltr'><strong>carne</strong></span> <span class='ocrx_word' id='word_1_138' title='bbox 600 1159 788 1217; x_wconf 82' lang='lat' dir='ltr'><strong>resurrexerit:</strong></span> <span class='ocrx_word' id='word_1_139' title='bbox 805 1175 838 1215; x_wconf 91' lang='lat' dir='ltr'><strong>ne</strong></span> <span class='ocrx_word' id='word_1_140' title='bbox 853 1155 934 1219; x_wconf 64' lang='lat'><strong>82!</strong></span> <span class='ocrx_word' id='word_1_141' title='bbox 993 1161 1054 1234; x_wconf 80' lang='lat' dir='ltr'><strong>poti</strong></span> <span class='ocrx_word' id='word_1_142' title='bbox 1067 1165 1135 1217; x_wconf 85' lang='lat' dir='ltr'><strong>runt</strong></span> <span class='ocrx_word' id='word_1_143' title='bbox 1149 1162 1181 1216; x_wconf 86' lang='lat' dir='ltr'><strong>in</strong></span> <span class='ocrx_word' id='word_1_144' title='bbox 1196 1175 1298 1225; x_wconf 85' lang='lat' dir='ltr'><strong>unum,</strong></span> <span class='ocrx_word' id='word_1_145' title='bbox 1313 1161 1392 1218; x_wconf 80' lang='lat' dir='ltr'><strong>huna</strong></span> <span class='ocrx_word' id='word_1_146' title='bbox 1405 1163 1432 1213; x_wconf 92' lang='lat' dir='ltr'><strong>at</strong></span> <span class='ocrx_word' id='word_1_147' title='bbox 1451 1155 1553 1227; x_wconf 85' lang='lat' dir='ltr'><strong>Caiphs</strong></span> <span class='ocrx_word' id='word_1_148' title='bbox 1575 1172 1581 1213; x_wconf 93' lang='lat'>:</span> <span class='ocrx_word' id='word_1_149' title='bbox 1600 1156 1734 1215; x_wconf 68' lang='lat' dir='ltr'><strong>ademere</strong></span> <span class='ocrx_word' id='word_1_150' title='bbox 1747 1159 1798 1217; x_wconf 72' lang='lat' dir='ltr'><strong>ee</strong></span> 
     </span>
     <span class='ocr_line' id='line_1_11' title="bbox 143 1245 1798 1321; baseline 0.001 -18"><span class='ocrx_word' id='word_1_151' title='bbox 143 1246 235 1303; x_wconf 89' lang='lat' dir='ltr'><strong>statim</strong></span> <span class='ocrx_word' id='word_1_152' title='bbox 248 1246 309 1303; x_wconf 91' lang='lat' dir='ltr'><strong>illos</strong></span> <span class='ocrx_word' id='word_1_153' title='bbox 323 1248 484 1321; x_wconf 85' lang='lat' dir='ltr'><strong>percutiant,</strong></span> <span class='ocrx_word' id='word_1_154' title='bbox 500 1247 523 1303; x_wconf 89' lang='lat' dir='ltr'><strong>si</strong></span> <span class='ocrx_word' id='word_1_155' title='bbox 541 1249 769 1306; x_wconf 70' lang='lat' dir='ltr'><strong>resurrectionem</strong></span> <span class='ocrx_word' id='word_1_156' title='bbox 784 1247 872 1306; x_wconf 89' lang='lat' dir='ltr'><strong>statim</strong></span> <span class='ocrx_word' id='word_1_157' title='bbox 892 1250 939 1304; x_wconf 89' lang='lat' dir='ltr'><strong>ah-</strong></span> <span class='ocrx_word' id='word_1_158' title='bbox 993 1252 1119 1317; x_wconf 89' lang='lat' dir='ltr'><strong>mt&#39;num,</strong></span> <span class='ocrx_word' id='word_1_159' title='bbox 1129 1253 1157 1305; x_wconf 90' lang='lat' dir='ltr'><strong>et</strong></span> <span class='ocrx_word' id='word_1_160' title='bbox 1169 1248 1305 1309; x_wconf 78' lang='lat' dir='ltr'><strong>aduersus</strong></span> <span class='ocrx_word' id='word_1_161' title='bbox 1316 1247 1460 1305; x_wconf 81' lang='lat' dir='ltr'><strong>Christum</strong></span> <span class='ocrx_word' id='word_1_162' title='bbox 1471 1247 1542 1318; x_wconf 79' lang='lat' dir='ltr'><strong>ejus,</strong></span> <span class='ocrx_word' id='word_1_163' title='bbox 1553 1245 1597 1316; x_wconf 90' lang='lat' dir='ltr'><strong>qui</strong></span> <span class='ocrx_word' id='word_1_164' title='bbox 1613 1253 1643 1302; x_wconf 89' lang='lat' dir='ltr'><strong>et</strong></span> <span class='ocrx_word' id='word_1_165' title='bbox 1655 1247 1723 1315; x_wconf 75' lang='lat' dir='ltr'><strong>(teu.</strong></span> <span class='ocrx_word' id='word_1_166' title='bbox 1734 1247 1798 1319; x_wconf 83' lang='grc' dir='ltr'>ιιι)</span> 
     </span>
     <span class='ocr_line' id='line_1_12' title="bbox 144 1333 1800 1411; baseline -0.001 -18"><span class='ocrx_word' id='word_1_167' title='bbox 144 1337 263 1395; x_wconf 89' lang='lat' dir='ltr'><strong>nuerint.</strong></span> <span class='ocrx_word' id='word_1_168' title='bbox 296 1337 387 1393; x_wconf 80' lang='lat' dir='ltr'><strong>Tacite</strong></span> <span class='ocrx_word' id='word_1_169' title='bbox 423 1344 522 1404; x_wconf 88' lang='lat' dir='ltr'><strong>autem,</strong></span> <span class='ocrx_word' id='word_1_170' title='bbox 556 1338 705 1394; x_wconf 86' lang='lat' dir='ltr'><strong>secundum</strong></span> <span class='ocrx_word' id='word_1_171' title='bbox 746 1337 939 1395; x_wconf 88' lang='lat' dir='ltr'><strong>censcientiam</strong></span> <span class='ocrx_word' id='word_1_172' title='bbox 995 1344 1133 1411; x_wconf 85' lang='lat' dir='ltr'><strong>tanquam</strong></span> <span class='ocrx_word' id='word_1_173' title='bbox 1156 1338 1214 1395; x_wconf 85' lang='lat' dir='ltr'><strong>ouis</strong></span> <span class='ocrx_word' id='word_1_174' title='bbox 1234 1336 1271 1395; x_wconf 80' lang='lat' dir='ltr'><strong>ad</strong></span> <span class='ocrx_word' id='word_1_175' title='bbox 1288 1335 1498 1409; x_wconf 66' lang='lat' dir='ltr'><strong>joculationem</strong></span> <span class='ocrx_word' id='word_1_176' title='bbox 1516 1333 1529 1373; x_wconf 84' lang='lat'><strong>⁹</strong></span> <span class='ocrx_word' id='word_1_177' title='bbox 1544 1333 1684 1391; x_wconf 75' lang='lat' dir='ltr'><strong>morene</strong></span> <span class='ocrx_word' id='word_1_178' title='bbox 1709 1340 1751 1395; x_wconf 85' lang='lat' dir='ltr'><strong>est</strong></span> <span class='ocrx_word' id='word_1_179' title='bbox 1771 1339 1800 1393; x_wconf 85' lang='lat' dir='ltr'><strong>st</strong></span> 
     </span>
     <span class='ocr_line' id='line_1_13' title="bbox 144 1422 1796 1501; baseline -0.003 -16"><span class='ocrx_word' id='word_1_180' title='bbox 144 1442 232 1498; x_wconf 83' lang='lat' dir='ltr'><strong>suam,</strong></span> <span class='ocrx_word' id='word_1_181' title='bbox 247 1428 298 1485; x_wconf 90' lang='lat' dir='ltr'><strong>hec</strong></span> <span class='ocrx_word' id='word_1_182' title='bbox 312 1427 449 1485; x_wconf 89' lang='lat' dir='ltr'><strong>sentiunt:</strong></span> <span class='ocrx_word' id='word_1_183' title='bbox 465 1428 513 1483; x_wconf 82' lang='lat' dir='ltr'><strong>Vae</strong></span> <span class='ocrx_word' id='word_1_184' title='bbox 526 1427 574 1500; x_wconf 91' lang='lat' dir='ltr'><strong>qui</strong></span> <span class='ocrx_word' id='word_1_185' title='bbox 591 1443 656 1495; x_wconf 95' lang='lat' dir='ltr'><strong>non,</strong></span> <span class='ocrx_word' id='word_1_186' title='bbox 672 1427 736 1484; x_wconf 88' lang='lat' dir='ltr'><strong>dum</strong></span> <span class='ocrx_word' id='word_1_187' title='bbox 754 1429 780 1483; x_wconf 90' lang='lat' dir='ltr'><strong>in</strong></span> <span class='ocrx_word' id='word_1_188' title='bbox 794 1442 874 1485; x_wconf 91' lang='lat' dir='ltr'><strong>carne</strong></span> <span class='ocrx_word' id='word_1_189' title='bbox 888 1434 938 1493; x_wconf 88' lang='lat' dir='ltr'><strong>eat,</strong></span> <span class='ocrx_word' id='word_1_190' title='bbox 995 1433 1132 1501; x_wconf 88' lang='lat' dir='ltr'><strong>tanquam</strong></span> <span class='ocrx_word' id='word_1_191' title='bbox 1142 1443 1230 1498; x_wconf 82' lang='lat' dir='ltr'><strong>apnus</strong></span> <span class='ocrx_word' id='word_1_192' title='bbox 1240 1429 1309 1484; x_wconf 89' lang='lat' dir='ltr'><strong>ante</strong></span> <span class='ocrx_word' id='word_1_193' title='bbox 1321 1425 1482 1483; x_wconf 74' lang='lat' dir='ltr'><strong>tondentem</strong></span> <span class='ocrx_word' id='word_1_194' title='bbox 1494 1423 1526 1490; x_wconf 87' lang='lat'><strong>¹⁰,</strong></span> <span class='ocrx_word' id='word_1_195' title='bbox 1536 1422 1640 1489; x_wconf 85' lang='lat' dir='ltr'><strong>scilicet</strong></span> <span class='ocrx_word' id='word_1_196' title='bbox 1649 1423 1796 1493; x_wconf 74' lang='lat' dir='ltr'><strong>Herodem,</strong></span> 
     </span>
     <span class='ocr_line' id='line_1_14' title="bbox 144 1510 1799 1588; baseline -0.004 -13"><span class='ocrx_word' id='word_1_197' title='bbox 144 1516 302 1588; x_wconf 77' lang='lat' dir='ltr'><strong>cognoverit</strong></span> <span class='ocrx_word' id='word_1_198' title='bbox 313 1531 412 1573; x_wconf 89' lang='lat' dir='ltr'><strong>arcana</strong></span> <span class='ocrx_word' id='word_1_199' title='bbox 426 1514 557 1575; x_wconf 80' lang='lat' dir='ltr'><strong>hererico</strong></span> <span class='ocrx_word' id='word_1_200' title='bbox 571 1518 649 1588; x_wconf 80' lang='grc'>(89);</span> <span class='ocrx_word' id='word_1_201' title='bbox 665 1517 717 1574; x_wconf 91' lang='lat' dir='ltr'><strong>hoc</strong></span> <span class='ocrx_word' id='word_1_202' title='bbox 730 1515 854 1573; x_wconf 81' lang='lat' dir='ltr'><strong>estasim</strong></span> <span class='ocrx_word' id='word_1_203' title='bbox 867 1514 939 1586; x_wconf 90' lang='lat' dir='ltr'><strong>apud</strong></span> <span class='ocrx_word' id='word_1_204' title='bbox 993 1521 1142 1584; x_wconf 79' lang='lat' dir='ltr'><strong>cinereae,</strong></span> <span class='ocrx_word' id='word_1_205' title='bbox 1158 1517 1200 1573; x_wconf 84' lang='lat' dir='ltr'><strong>ric</strong></span> <span class='ocrx_word' id='word_1_206' title='bbox 1212 1531 1272 1575; x_wconf 88' lang='lat' dir='ltr'><strong>nen</strong></span> <span class='ocrx_word' id='word_1_207' title='bbox 1289 1515 1405 1586; x_wconf 88' lang='lat' dir='ltr'><strong>aperuit</strong></span> <span class='ocrx_word' id='word_1_208' title='bbox 1428 1528 1457 1570; x_wconf 87' lang='lat' dir='ltr'><strong>es</strong></span> <span class='ocrx_word' id='word_1_209' title='bbox 1472 1527 1571 1579; x_wconf 85' lang='lat' dir='ltr'><strong>suum,</strong></span> <span class='ocrx_word' id='word_1_210' title='bbox 1586 1510 1704 1569; x_wconf 80' lang='lat' dir='ltr'><strong>aeream</strong></span> <span class='ocrx_word' id='word_1_211' title='bbox 1715 1528 1799 1569; x_wconf 83' lang='lat' dir='ltr'><strong>suum</strong></span> 
     </span>
     <span class='ocr_line' id='line_1_15' title="bbox 147 1599 1798 1681; baseline -0.004 -15"><span class='ocrx_word' id='word_1_212' title='bbox 147 1604 211 1666; x_wconf 84' lang='lat' dir='ltr'><strong>illes</strong></span> <span class='ocrx_word' id='word_1_213' title='bbox 227 1608 402 1666; x_wconf 89' lang='lat' dir='ltr'><strong>resurrectio.</strong></span> <span class='ocrx_word' id='word_1_214' title='bbox 417 1606 473 1665; x_wconf 85' lang='lat' dir='ltr'><strong>Sed</strong></span> <span class='ocrx_word' id='word_1_215' title='bbox 487 1615 514 1662; x_wconf 89' lang='lat' dir='ltr'><strong>at</strong></span> <span class='ocrx_word' id='word_1_216' title='bbox 526 1607 647 1677; x_wconf 86' lang='lat' dir='ltr'><strong>plerique</strong></span> <span class='ocrx_word' id='word_1_217' title='bbox 661 1607 694 1660; x_wconf 92' lang='lat' dir='ltr'><strong>ah</strong></span> <span class='ocrx_word' id='word_1_218' title='bbox 709 1620 823 1661; x_wconf 81' lang='lat' dir='ltr'><strong>excessu</strong></span> <span class='ocrx_word' id='word_1_219' title='bbox 843 1603 939 1660; x_wconf 82' lang='lat' dir='ltr'><strong>animm</strong></span> <span class='ocrx_word' id='word_1_220' title='bbox 993 1623 1100 1681; x_wconf 82' lang='lat' dir='ltr'><strong>ponens</strong></span> <span class='ocrx_word' id='word_1_221' title='bbox 1116 1604 1153 1663; x_wconf 79' lang='lat' dir='ltr'><strong>art</strong></span> <span class='ocrx_word' id='word_1_222' title='bbox 1165 1605 1290 1676; x_wconf 77' lang='lat' dir='ltr'><strong>napetto,</strong></span> <span class='ocrx_word' id='word_1_223' title='bbox 1300 1599 1385 1667; x_wconf 56' lang='grc' dir='ltr'><strong>δυ</strong></span> <span class='ocrx_word' id='word_1_224' title='bbox 1396 1605 1425 1662; x_wconf 93' lang='lat' dir='ltr'><strong>et</strong></span> <span class='ocrx_word' id='word_1_225' title='bbox 1439 1600 1577 1665; x_wconf 71' lang='lat' dir='ltr'><strong>moestus</strong></span> <span class='ocrx_word' id='word_1_226' title='bbox 1592 1599 1629 1661; x_wconf 77' lang='lat' dir='ltr'><strong>ud</strong></span> <span class='ocrx_word' id='word_1_227' title='bbox 1639 1599 1662 1649; x_wconf 75' lang='lat'><strong>¹⁸</strong></span> <span class='ocrx_word' id='word_1_228' title='bbox 1677 1600 1798 1673; x_wconf 78' lang='lat' dir='ltr'><strong>putasae,</strong></span> 
     </span>
     <span class='ocr_line' id='line_1_16' title="bbox 146 1690 1797 1767; baseline -0.001 -17"><span class='ocrx_word' id='word_1_229' title='bbox 146 1696 374 1753; x_wconf 88' lang='lat' dir='ltr'><strong>resurrectionem</strong></span> <span class='ocrx_word' id='word_1_230' title='bbox 393 1694 572 1761; x_wconf 81' lang='lat' dir='ltr'><strong>vindicantes,</strong></span> <span class='ocrx_word' id='word_1_231' title='bbox 587 1695 620 1750; x_wconf 83' lang='lat' dir='ltr'><strong>de</strong></span> <span class='ocrx_word' id='word_1_232' title='bbox 648 1694 775 1766; x_wconf 84' lang='lat' dir='ltr'><strong>sepulcra</strong></span> <span class='ocrx_word' id='word_1_233' title='bbox 796 1694 886 1763; x_wconf 79' lang='lat' dir='ltr'><strong>entre,</strong></span> <span class='ocrx_word' id='word_1_234' title='bbox 905 1692 939 1748; x_wconf 93' lang='lat' dir='ltr'><strong>de</strong></span> <span class='ocrx_word' id='word_1_235' title='bbox 999 1700 1027 1755; x_wconf 89' lang='lat' dir='ltr'><strong>et</strong></span> <span class='ocrx_word' id='word_1_236' title='bbox 1040 1696 1145 1766; x_wconf 72' lang='lat' dir='ltr'><strong>sarman</strong></span> <span class='ocrx_word' id='word_1_237' title='bbox 1159 1710 1219 1751; x_wconf 91' lang='lat' dir='ltr'><strong>nen</strong></span> <span class='ocrx_word' id='word_1_238' title='bbox 1240 1696 1370 1752; x_wconf 83' lang='lat' dir='ltr'><strong>evertens</strong></span> <span class='ocrx_word' id='word_1_239' title='bbox 1388 1708 1407 1755; x_wconf 90' lang='lat' dir='ltr'><strong>o</strong></span> <span class='ocrx_word' id='word_1_240' title='bbox 1422 1691 1622 1767; x_wconf 75' lang='lat' dir='ltr'><strong>sputaminum</strong></span> <span class='ocrx_word' id='word_1_241' title='bbox 1636 1691 1747 1763; x_wconf 62' lang='lat' dir='ltr'><strong>inculti</strong></span> <span class='ocrx_word' id='word_1_242' title='bbox 1761 1690 1797 1758; x_wconf 70' lang='lat' dir='ltr'><strong>lit</strong></span> 
     </span>
     <span class='ocr_line' id='line_1_17' title="bbox 146 1778 1799 1858; baseline -0.002 -18"><span class='ocrx_word' id='word_1_243' title='bbox 146 1784 246 1855; x_wconf 78' lang='lat' dir='ltr'><strong>seculo</strong></span> <span class='ocrx_word' id='word_1_244' title='bbox 274 1784 389 1843; x_wconf 85' lang='lat' dir='ltr'><strong>evadere</strong></span> <span class='ocrx_word' id='word_1_245' title='bbox 411 1781 647 1853; x_wconf 86' lang='lat' dir='ltr'><strong>interpretantur:</strong></span> <span class='ocrx_word' id='word_1_246' title='bbox 668 1784 733 1852; x_wconf 90' lang='lat' dir='ltr'><strong>quia</strong></span> <span class='ocrx_word' id='word_1_247' title='bbox 761 1790 789 1839; x_wconf 91' lang='lat' dir='ltr'><strong>et</strong></span> <span class='ocrx_word' id='word_1_248' title='bbox 815 1783 945 1839; x_wconf 79' lang='lat' dir='ltr'><strong>seculum</strong></span> <span class='ocrx_word' id='word_1_249' title='bbox 997 1783 1154 1858; x_wconf 76' lang='lat' dir='ltr'><strong>deputatus</strong></span> <span class='ocrx_word' id='word_1_250' title='bbox 1167 1781 1247 1838; x_wconf 88' lang='lat' dir='ltr'><strong>etiam</strong></span> <span class='ocrx_word' id='word_1_251' title='bbox 1257 1783 1336 1838; x_wconf 87' lang='lat' dir='ltr'><strong>inter</strong></span> <span class='ocrx_word' id='word_1_252' title='bbox 1345 1780 1625 1855; x_wconf 75' lang='lat' dir='ltr'><strong>iniquos;protessur</strong></span> <span class='ocrx_word' id='word_1_253' title='bbox 1639 1778 1727 1852; x_wconf 80' lang='lat' dir='ltr'><strong>(Prot.</strong></span> <span class='ocrx_word' id='word_1_254' title='bbox 1739 1781 1799 1850; x_wconf 75' lang='lat' dir='ltr'><strong>xm)</strong></span> 
     </span>
     <span class='ocr_line' id='line_1_18' title="bbox 120 1869 1800 1947; baseline -0.002 -16"><span class='ocrx_word' id='word_1_255' title='bbox 120 1881 311 1947; x_wconf 64' lang='lat' dir='ltr'><strong>,mortuorum</strong></span> <span class='ocrx_word' id='word_1_256' title='bbox 323 1873 358 1927; x_wconf 89' lang='lat' dir='ltr'><strong>sit</strong></span> <span class='ocrx_word' id='word_1_257' title='bbox 370 1870 561 1937; x_wconf 87' lang='lat' dir='ltr'><strong>habitaculum,</strong></span> <span class='ocrx_word' id='word_1_258' title='bbox 576 1871 603 1927; x_wconf 90' lang='lat' dir='ltr'><strong>id</strong></span> <span class='ocrx_word' id='word_1_259' title='bbox 616 1879 658 1929; x_wconf 82' lang='lat' dir='ltr'><strong>est</strong></span> <span class='ocrx_word' id='word_1_260' title='bbox 669 1871 849 1946; x_wconf 78' lang='lat' dir='ltr'><strong>ignorantium</strong></span> <span class='ocrx_word' id='word_1_261' title='bbox 858 1872 945 1929; x_wconf 86' lang='lat' dir='ltr'><strong>Deum</strong></span> <span class='ocrx_word' id='word_1_262' title='bbox 997 1888 1103 1932; x_wconf 76' lang='lat' dir='ltr'><strong>nunus</strong></span> <span class='ocrx_word' id='word_1_263' title='bbox 1126 1875 1154 1930; x_wconf 88' lang='lat' dir='ltr'><strong>et</strong></span> <span class='ocrx_word' id='word_1_264' title='bbox 1171 1872 1268 1945; x_wconf 64' lang='lat' dir='ltr'><strong>pedem</strong></span> <span class='ocrx_word' id='word_1_265' title='bbox 1283 1876 1389 1930; x_wconf 85' lang='lat' dir='ltr'><strong>sortem</strong></span> <span class='ocrx_word' id='word_1_266' title='bbox 1411 1884 1507 1941; x_wconf 87' lang='lat' dir='ltr'><strong>passus</strong></span> <span class='ocrx_word' id='word_1_267' title='bbox 1526 1871 1558 1926; x_wconf 90' lang='lat' dir='ltr'><strong>in</strong></span> <span class='ocrx_word' id='word_1_268' title='bbox 1578 1869 1800 1939; x_wconf 77' lang='lat' dir='ltr'><strong>uestimentmet</strong></span> 
     </span>
     <span class='ocr_line' id='line_1_19' title="bbox 144 1957 1798 2035; baseline 0 -18"><span class='ocrx_word' id='word_1_269' title='bbox 144 1961 194 2018; x_wconf 91' lang='lat' dir='ltr'><strong>llel</strong></span> <span class='ocrx_word' id='word_1_270' title='bbox 221 1962 301 2016; x_wconf 88' lang='lat' dir='ltr'><strong>etiam</strong></span> <span class='ocrx_word' id='word_1_271' title='bbox 328 1960 362 2015; x_wconf 89' lang='lat' dir='ltr'><strong>de</strong></span> <span class='ocrx_word' id='word_1_272' title='bbox 388 1958 448 2029; x_wconf 86' lang='lat' dir='ltr'><strong>ipso</strong></span> <span class='ocrx_word' id='word_1_273' title='bbox 474 1974 599 2032; x_wconf 89' lang='lat' dir='ltr'><strong>corpore,</strong></span> <span class='ocrx_word' id='word_1_274' title='bbox 615 1960 679 2032; x_wconf 85' lang='lat' dir='ltr'><strong>quia</strong></span> <span class='ocrx_word' id='word_1_275' title='bbox 701 1968 728 2019; x_wconf 88' lang='lat' dir='ltr'><strong>et</strong></span> <span class='ocrx_word' id='word_1_276' title='bbox 754 1977 855 2034; x_wconf 89' lang='lat' dir='ltr'><strong>corpus</strong></span> <span class='ocrx_word' id='word_1_277' title='bbox 882 1960 944 2018; x_wconf 86' lang='lat' dir='ltr'><strong>vice</strong></span> <span class='ocrx_word' id='word_1_278' title='bbox 999 1970 1079 2035; x_wconf 84' lang='lat' dir='ltr'><strong>petus</strong></span> <span class='ocrx_word' id='word_1_279' title='bbox 1093 1969 1248 2031; x_wconf 87' lang='lat' dir='ltr'><strong>amaros,et</strong></span> <span class='ocrx_word' id='word_1_280' title='bbox 1261 1959 1379 2031; x_wconf 85' lang='lat' dir='ltr'><strong>capitum</strong></span> <span class='ocrx_word' id='word_1_281' title='bbox 1393 1957 1563 2018; x_wconf 86' lang='lat' dir='ltr'><strong>irridentium</strong></span> <span class='ocrx_word' id='word_1_282' title='bbox 1576 1966 1677 2030; x_wconf 80' lang='lat' dir='ltr'><strong>nutus3</strong></span> <span class='ocrx_word' id='word_1_283' title='bbox 1693 1957 1798 2034; x_wconf 76' lang='lat' dir='ltr'><strong>triqints</strong></span> 
     </span>
     <span class='ocr_line' id='line_1_20' title="bbox 145 2047 1798 2126; baseline -0.001 -22"><span class='ocrx_word' id='word_1_284' title='bbox 145 2049 265 2120; x_wconf 86' lang='lat' dir='ltr'><strong>sepulcri</strong></span> <span class='ocrx_word' id='word_1_285' title='bbox 280 2048 435 2106; x_wconf 88' lang='lat' dir='ltr'><strong>conclusam</strong></span> <span class='ocrx_word' id='word_1_286' title='bbox 448 2049 564 2107; x_wconf 85' lang='lat' dir='ltr'><strong>animam</strong></span> <span class='ocrx_word' id='word_1_287' title='bbox 578 2049 607 2106; x_wconf 93' lang='lat' dir='ltr'><strong>in</strong></span> <span class='ocrx_word' id='word_1_288' title='bbox 626 2052 764 2109; x_wconf 78' lang='lat' dir='ltr'><strong>secularis</strong></span> <span class='ocrx_word' id='word_1_289' title='bbox 777 2053 839 2112; x_wconf 80' lang='lat' dir='ltr'><strong>ritae</strong></span> <span class='ocrx_word' id='word_1_290' title='bbox 858 2060 945 2108; x_wconf 90' lang='lat' dir='ltr'><strong>morte</strong></span> <span class='ocrx_word' id='word_1_291' title='bbox 998 2051 1131 2126; x_wconf 74' lang='lat' dir='ltr'><strong>argenteio</strong></span> <span class='ocrx_word' id='word_1_292' title='bbox 1164 2050 1260 2121; x_wconf 75' lang='lat' dir='ltr'><strong>(doch.</strong></span> <span class='ocrx_word' id='word_1_293' title='bbox 1288 2064 1329 2121; x_wconf 77' lang='lat' dir='ltr'><strong>xl,</strong></span> <span class='ocrx_word' id='word_1_294' title='bbox 1345 2050 1390 2119; x_wconf 70' lang='lat' dir='ltr'><strong>lt)</strong></span> <span class='ocrx_word' id='word_1_295' title='bbox 1414 2047 1583 2120; x_wconf 67' lang='lat' dir='ltr'><strong>adtrahatur</strong></span> <span class='ocrx_word' id='word_1_296' title='bbox 1609 2064 1625 2103; x_wconf 86' lang='lat' dir='ltr'><strong>a</strong></span> <span class='ocrx_word' id='word_1_297' title='bbox 1648 2047 1798 2120; x_wconf 78' lang='lat' dir='ltr'><strong>proditore.</strong></span> 
     </span>
     <span class='ocr_line' id='line_1_21' title="bbox 145 2134 1800 2212; baseline -0.002 -17"><span class='ocrx_word' id='word_1_298' title='bbox 145 2137 265 2195; x_wconf 87' lang='lat' dir='ltr'><strong>detineat</strong></span> <span class='ocrx_word' id='word_1_299' title='bbox 275 2137 298 2198; x_wconf 85' lang='lat'><strong>¹.</strong></span> <span class='ocrx_word' id='word_1_300' title='bbox 997 2138 1065 2208; x_wconf 87' lang='lat' dir='ltr'><strong>Qoae</strong></span> <span class='ocrx_word' id='word_1_301' title='bbox 1080 2140 1125 2196; x_wconf 91' lang='lat' dir='ltr'><strong>hic</strong></span> <span class='ocrx_word' id='word_1_302' title='bbox 1144 2138 1239 2212; x_wconf 72' lang='lat' dir='ltr'><strong>figurae</strong></span> <span class='ocrx_word' id='word_1_303' title='bbox 1259 2136 1330 2208; x_wconf 87' lang='lat' dir='ltr'><strong>apud</strong></span> <span class='ocrx_word' id='word_1_304' title='bbox 1349 2136 1475 2203; x_wconf 63' lang='lat' dir='ltr'><strong>Esaiatrrr‘.¹</strong></span> <span class='ocrx_word' id='word_1_305' title='bbox 1490 2151 1552 2210; x_wconf 76' lang='lat' dir='ltr'><strong>quse</strong></span> <span class='ocrx_word' id='word_1_306' title='bbox 1571 2134 1707 2207; x_wconf 79' lang='lat' dir='ltr'><strong>imagines</strong></span> <span class='ocrx_word' id='word_1_307' title='bbox 1727 2135 1800 2209; x_wconf 82' lang='lat' dir='ltr'><strong>apud</strong></span> 
     </span>
     <span class='ocr_line' id='line_1_22' title="bbox 998 2224 1800 2301; baseline -0.002 -16"><span class='ocrx_word' id='word_1_308' title='bbox 998 2229 1106 2289; x_wconf 71' lang='lat' dir='ltr'><strong>Dauid?</strong></span> <span class='ocrx_word' id='word_1_309' title='bbox 1119 2244 1179 2301; x_wconf 85' lang='lat' dir='ltr'><strong>quae</strong></span> <span class='ocrx_word' id='word_1_310' title='bbox 1192 2226 1333 2299; x_wconf 74' lang='lat' dir='ltr'><strong>aenipmns</strong></span> <span class='ocrx_word' id='word_1_311' title='bbox 1355 2226 1426 2298; x_wconf 87' lang='lat' dir='ltr'><strong>apud</strong></span> <span class='ocrx_word' id='word_1_312' title='bbox 1447 2224 1595 2282; x_wconf 85' lang='lat' dir='ltr'><strong>leremiara</strong></span> <span class='ocrx_word' id='word_1_313' title='bbox 1608 2225 1680 2299; x_wconf 86' lang='grc'>(99),</span> <span class='ocrx_word' id='word_1_314' title='bbox 1696 2240 1730 2283; x_wconf 84' lang='lat' dir='ltr'><strong>ae</strong></span> <span class='ocrx_word' id='word_1_315' title='bbox 1746 2225 1800 2284; x_wconf 88' lang='lat' dir='ltr'><strong>rir-</strong></span> 
     </span>
     <span class='ocr_line' id='line_1_23' title="bbox 435 2281 1800 2390; baseline -0.005 -13"><span class='ocrx_word' id='word_1_316' title='bbox 435 2281 549 2339; x_wconf 59' lang='lat' dir='ltr'>CAPUT</span> <span class='ocrx_word' id='word_1_317' title='bbox 578 2283 645 2337; x_wconf 67' lang='lat' dir='ltr'><strong>xx·</strong></span> <span class='ocrx_word' id='word_1_318' title='bbox 996 2327 1068 2377; x_wconf 87' lang='lat' dir='ltr'><strong>tutes</strong></span> <span class='ocrx_word' id='word_1_319' title='bbox 1090 2317 1200 2390; x_wconf 87' lang='lat' dir='ltr'><strong>quidem</strong></span> <span class='ocrx_word' id='word_1_320' title='bbox 1224 2318 1283 2386; x_wconf 88' lang='lat' dir='ltr'><strong>ejus</strong></span> <span class='ocrx_word' id='word_1_321' title='bbox 1306 2330 1354 2386; x_wconf 92' lang='lat' dir='ltr'><strong>per</strong></span> <span class='ocrx_word' id='word_1_322' title='bbox 1380 2312 1521 2386; x_wconf 83' lang='lat' dir='ltr'><strong>parabolas</strong></span> <span class='ocrx_word' id='word_1_323' title='bbox 1545 2313 1666 2385; x_wconf 84' lang='lat' dir='ltr'><strong>prolatos</strong></span> <span class='ocrx_word' id='word_1_324' title='bbox 1687 2313 1731 2370; x_wconf 70' lang='lat'><strong>¹³²</strong></span> <span class='ocrx_word' id='word_1_325' title='bbox 1746 2314 1800 2377; x_wconf 79' lang='lat' dir='ltr'><strong>sut</strong></span> 
     </span>
    </p>

    <p class='ocr_par' dir='ltr' id='par_1_3' title="bbox 137 2403 1801 3460">
     <span class='ocr_line' id='line_1_24' title="bbox 180 2403 1801 2479; baseline -0.002 -16"><span class='ocrx_word' id='word_1_326' title='bbox 180 2406 222 2463; x_wconf 89' lang='lat' dir='ltr'><strong>Oh</strong></span> <span class='ocrx_word' id='word_1_327' title='bbox 244 2405 403 2475; x_wconf 83' lang='lat' dir='ltr'><strong>hujusmodi</strong></span> <span class='ocrx_word' id='word_1_328' title='bbox 429 2406 512 2478; x_wconf 78' lang='lat' dir='ltr'><strong>igitur</strong></span> <span class='ocrx_word' id='word_1_329' title='bbox 536 2405 716 2474; x_wconf 86' lang='lat' dir='ltr'><strong>conjecturas,</strong></span> <span class='ocrx_word' id='word_1_330' title='bbox 742 2404 857 2476; x_wconf 87' lang='lat' dir='ltr'><strong>primam</strong></span> <span class='ocrx_word' id='word_1_331' title='bbox 874 2419 943 2474; x_wconf 77' lang='grc' dir='ltr'>ιιι-</span> <span class='ocrx_word' id='word_1_332' title='bbox 995 2407 1126 2479; x_wconf 86' lang='lat' dir='ltr'><strong>numquid</strong></span> <span class='ocrx_word' id='word_1_333' title='bbox 1141 2406 1264 2474; x_wconf 83' lang='lat' dir='ltr'><strong>nec(lro.</strong></span> <span class='ocrx_word' id='word_1_334' title='bbox 1277 2419 1369 2476; x_wconf 79' lang='lat' dir='ltr'><strong>xxxv,</strong></span> <span class='ocrx_word' id='word_1_335' title='bbox 1381 2404 1409 2474; x_wconf 82' lang='lat' dir='ltr'><strong>t)</strong></span> <span class='ocrx_word' id='word_1_336' title='bbox 1425 2403 1499 2460; x_wconf 86' lang='lat' dir='ltr'><strong>oceli</strong></span> <span class='ocrx_word' id='word_1_337' title='bbox 1508 2404 1652 2476; x_wconf 69' lang='lat' dir='ltr'><strong>patefacti</strong></span> <span class='ocrx_word' id='word_1_338' title='bbox 1665 2407 1801 2461; x_wconf 78' lang='lat' dir='ltr'><strong>suntcre-</strong></span> 
     </span>
     <span class='ocr_line' id='line_1_25' title="bbox 143 2492 1799 2568; baseline -0.001 -18"><span class='ocrx_word' id='word_1_339' title='bbox 143 2493 321 2552; x_wconf 77' lang='lat' dir='ltr'><strong>structionem</strong></span> <span class='ocrx_word' id='word_1_340' title='bbox 339 2508 434 2549; x_wconf 91' lang='lat' dir='ltr'><strong>eorum</strong></span> <span class='ocrx_word' id='word_1_341' title='bbox 467 2492 614 2564; x_wconf 88' lang='lat' dir='ltr'><strong>depellam,</strong></span> <span class='ocrx_word' id='word_1_342' title='bbox 646 2508 701 2564; x_wconf 84' lang='lat' dir='ltr'><strong>quo</strong></span> <span class='ocrx_word' id='word_1_343' title='bbox 726 2493 823 2550; x_wconf 86' lang='lat' dir='ltr'><strong>rolant</strong></span> <span class='ocrx_word' id='word_1_344' title='bbox 849 2492 940 2548; x_wconf 88' lang='lat' dir='ltr'><strong>omnia</strong></span> <span class='ocrx_word' id='word_1_345' title='bbox 995 2513 1104 2568; x_wconf 81' lang='lat' dir='ltr'><strong>cerum,</strong></span> <span class='ocrx_word' id='word_1_346' title='bbox 1118 2494 1322 2555; x_wconf 85' lang='lat' dir='ltr'><strong>accinctoruit</strong></span> <span class='ocrx_word' id='word_1_347' title='bbox 1341 2494 1611 2566; x_wconf 83' lang='lat' dir='ltr'><strong>tinpuamutorum,</strong></span> <span class='ocrx_word' id='word_1_348' title='bbox 1626 2506 1799 2549; x_wconf 84' lang='lat' dir='ltr'><strong>necmanur</strong></span> 
     </span>
     <span class='ocr_line' id='line_1_26' title="bbox 144 2579 1798 2657; baseline -0.002 -16"><span class='ocrx_word' id='word_1_349' title='bbox 144 2582 294 2657; x_wconf 86' lang='lat' dir='ltr'><strong>prophetas</strong></span> <span class='ocrx_word' id='word_1_350' title='bbox 320 2597 370 2656; x_wconf 90' lang='lat' dir='ltr'><strong>per</strong></span> <span class='ocrx_word' id='word_1_351' title='bbox 401 2581 535 2654; x_wconf 80' lang='lat' dir='ltr'><strong>imagines</strong></span> <span class='ocrx_word' id='word_1_352' title='bbox 566 2580 754 2645; x_wconf 88' lang='lat' dir='ltr'><strong>concionatos:</strong></span> <span class='ocrx_word' id='word_1_353' title='bbox 779 2581 887 2654; x_wconf 90' lang='lat' dir='ltr'><strong>quando</strong></span> <span class='ocrx_word' id='word_1_354' title='bbox 919 2581 942 2638; x_wconf 88' lang='lat' dir='ltr'><strong>si</strong></span> <span class='ocrx_word' id='word_1_355' title='bbox 994 2586 1083 2647; x_wconf 79' lang='lat' dir='ltr'><strong>aridae</strong></span> <span class='ocrx_word' id='word_1_356' title='bbox 1103 2589 1131 2648; x_wconf 88' lang='lat' dir='ltr'><strong>et</strong></span> <span class='ocrx_word' id='word_1_357' title='bbox 1153 2600 1247 2657; x_wconf 77' lang='lat' dir='ltr'><strong>pensu</strong></span> <span class='ocrx_word' id='word_1_358' title='bbox 1267 2583 1404 2649; x_wconf 77' lang='lat' dir='ltr'><strong>dissoluto</strong></span> <span class='ocrx_word' id='word_1_359' title='bbox 1426 2581 1694 2648; x_wconf 66' lang='lat' dir='ltr'><strong>recommunicare</strong></span> <span class='ocrx_word' id='word_1_360' title='bbox 1716 2579 1798 2639; x_wconf 88' lang='lat' dir='ltr'><strong>clau·</strong></span> 
     </span>
     <span class='ocr_line' id='line_1_27' title="bbox 140 2668 1799 2748; baseline -0.001 -19"><span class='ocrx_word' id='word_1_361' title='bbox 140 2671 179 2729; x_wconf 84' lang='lat' dir='ltr'><strong>ita</strong></span> <span class='ocrx_word' id='word_1_362' title='bbox 192 2679 274 2740; x_wconf 87' lang='lat' dir='ltr'><strong>esset,</strong></span> <span class='ocrx_word' id='word_1_363' title='bbox 302 2687 336 2727; x_wconf 96' lang='lat' dir='ltr'><strong>ne</strong></span> <span class='ocrx_word' id='word_1_364' title='bbox 358 2670 426 2742; x_wconf 81' lang='lat' dir='ltr'><strong>ipsse</strong></span> <span class='ocrx_word' id='word_1_365' title='bbox 448 2671 558 2744; x_wconf 88' lang='lat' dir='ltr'><strong>quidem</strong></span> <span class='ocrx_word' id='word_1_366' title='bbox 581 2671 713 2744; x_wconf 76' lang='lat' dir='ltr'><strong>imagines</strong></span> <span class='ocrx_word' id='word_1_367' title='bbox 737 2671 867 2744; x_wconf 76' lang='lat' dir='ltr'><strong>distingui</strong></span> <span class='ocrx_word' id='word_1_368' title='bbox 890 2687 944 2744; x_wconf 87' lang='lat' dir='ltr'><strong>po·</strong></span> <span class='ocrx_word' id='word_1_369' title='bbox 995 2677 1025 2735; x_wconf 82' lang='lat' dir='ltr'><strong>di</strong></span> <span class='ocrx_word' id='word_1_370' title='bbox 1036 2676 1060 2714; x_wconf 84' lang='lat'><strong>¹¹</strong></span> <span class='ocrx_word' id='word_1_371' title='bbox 1073 2675 1133 2748; x_wconf 85' lang='lat' dir='ltr'><strong>(ll)</strong></span> <span class='ocrx_word' id='word_1_372' title='bbox 1147 2675 1288 2735; x_wconf 81' lang='lat' dir='ltr'><strong>satiarunt</strong></span> <span class='ocrx_word' id='word_1_373' title='bbox 1301 2677 1337 2731; x_wconf 89' lang='lat' dir='ltr'><strong>ut</strong></span> <span class='ocrx_word' id='word_1_374' title='bbox 1351 2669 1544 2740; x_wconf 73' lang='lat' dir='ltr'><strong>cemuleuae</strong></span> <span class='ocrx_word' id='word_1_375' title='bbox 1558 2670 1609 2729; x_wconf 83' lang='lat' dir='ltr'><strong>etsi</strong></span> <span class='ocrx_word' id='word_1_376' title='bbox 1621 2669 1676 2742; x_wconf 87' lang='lat' dir='ltr'><strong>ipsi</strong></span> <span class='ocrx_word' id='word_1_377' title='bbox 1687 2669 1711 2708; x_wconf 88' lang='lat'><strong>¹⁵</strong></span> <span class='ocrx_word' id='word_1_378' title='bbox 1719 2668 1799 2743; x_wconf 86' lang='lat' dir='ltr'><strong>spiri·</strong></span> 
     </span>
     <span class='ocr_line' id='line_1_28' title="bbox 145 2758 1799 2836; baseline -0.002 -20"><span class='ocrx_word' id='word_1_379' title='bbox 145 2761 272 2829; x_wconf 89' lang='lat' dir='ltr'><strong>tuissent,</strong></span> <span class='ocrx_word' id='word_1_380' title='bbox 288 2762 314 2816; x_wconf 86' lang='lat' dir='ltr'><strong>si</strong></span> <span class='ocrx_word' id='word_1_381' title='bbox 328 2776 383 2817; x_wconf 94' lang='lat' dir='ltr'><strong>non</strong></span> <span class='ocrx_word' id='word_1_382' title='bbox 401 2770 428 2818; x_wconf 90' lang='lat' dir='ltr'><strong>et</strong></span> <span class='ocrx_word' id='word_1_383' title='bbox 446 2762 570 2819; x_wconf 83' lang='lat' dir='ltr'><strong>ueritates</strong></span> <span class='ocrx_word' id='word_1_384' title='bbox 593 2761 743 2832; x_wconf 74' lang='lat' dir='ltr'><strong>praedicatae</strong></span> <span class='ocrx_word' id='word_1_385' title='bbox 767 2761 893 2831; x_wconf 88' lang='lat' dir='ltr'><strong>luissent,</strong></span> <span class='ocrx_word' id='word_1_386' title='bbox 907 2778 938 2818; x_wconf 86' lang='lat' dir='ltr'><strong>ex</strong></span> <span class='ocrx_word' id='word_1_387' title='bbox 994 2764 1085 2822; x_wconf 85' lang='lat' dir='ltr'><strong>taliter</strong></span> <span class='ocrx_word' id='word_1_388' title='bbox 1104 2779 1211 2836; x_wconf 88' lang='lat' dir='ltr'><strong>quoque</strong></span> <span class='ocrx_word' id='word_1_389' title='bbox 1233 2761 1405 2833; x_wconf 86' lang='lat' dir='ltr'><strong>interpretari</strong></span> <span class='ocrx_word' id='word_1_390' title='bbox 1429 2761 1550 2817; x_wconf 86' lang='lat' dir='ltr'><strong>solemus</strong></span> <span class='ocrx_word' id='word_1_391' title='bbox 1568 2761 1634 2830; x_wconf 87' lang='lat' dir='ltr'><strong>(ill),</strong></span> <span class='ocrx_word' id='word_1_392' title='bbox 1648 2758 1799 2819; x_wconf 87' lang='lat' dir='ltr'><strong>secundum</strong></span> 
     </span>
     <span class='ocr_line' id='line_1_29' title="bbox 141 2828 1799 2927; baseline -0.002 -20"><span class='ocrx_word' id='word_1_393' title='bbox 141 2851 240 2927; x_wconf 88' lang='lat' dir='ltr'><strong>quibus</strong></span> <span class='ocrx_word' id='word_1_394' title='bbox 267 2849 400 2923; x_wconf 72' lang='lat' dir='ltr'><strong>imagines</strong></span> <span class='ocrx_word' id='word_1_395' title='bbox 427 2849 622 2927; x_wconf 77' lang='lat' dir='ltr'><strong>deliniarentur</strong></span> <span class='ocrx_word' id='word_1_396' title='bbox 644 2851 666 2906; x_wconf 90' lang='lat'><strong>⁵.</strong></span> <span class='ocrx_word' id='word_1_397' title='bbox 694 2851 783 2923; x_wconf 75' lang='lat' dir='ltr'><strong>hique</strong></span> <span class='ocrx_word' id='word_1_398' title='bbox 809 2851 885 2917; x_wconf 88' lang='lat' dir='ltr'><strong>adeo,</strong></span> <span class='ocrx_word' id='word_1_399' title='bbox 915 2849 939 2906; x_wconf 84' lang='lat' dir='ltr'><strong>ei</strong></span> <span class='ocrx_word' id='word_1_400' title='bbox 954 2828 976 2908; x_wconf 73' lang='grc' dir='ltr'><strong>ῧ</strong></span> <span class='ocrx_word' id='word_1_401' title='bbox 990 2853 1218 2924; x_wconf 78' lang='lat' dir='ltr'><strong>comparationem</strong></span> <span class='ocrx_word' id='word_1_402' title='bbox 1240 2850 1396 2909; x_wconf 87' lang='lat' dir='ltr'><strong>animalium</strong></span> <span class='ocrx_word' id='word_1_403' title='bbox 1416 2849 1544 2913; x_wconf 83' lang='lat' dir='ltr'><strong>uitiorum</strong></span> <span class='ocrx_word' id='word_1_404' title='bbox 1566 2846 1628 2923; x_wconf 76' lang='lat' dir='ltr'><strong>(ti.)</strong></span> <span class='ocrx_word' id='word_1_405' title='bbox 1648 2846 1799 2907; x_wconf 83' lang='lat' dir='ltr'><strong>aDomino</strong></span> 
     </span>
     <span class='ocr_line' id='line_1_30' title="bbox 139 2935 1796 3014; baseline -0.001 -15"><span class='ocrx_word' id='word_1_406' title='bbox 139 2953 230 2999; x_wconf 78' lang='lat' dir='ltr'><strong>emnia</strong></span> <span class='ocrx_word' id='word_1_407' title='bbox 244 2937 351 3010; x_wconf 81' lang='lat' dir='ltr'><strong>figurae,</strong></span> <span class='ocrx_word' id='word_1_408' title='bbox 381 2937 445 3010; x_wconf 91' lang='lat' dir='ltr'><strong>quid</strong></span> <span class='ocrx_word' id='word_1_409' title='bbox 472 2940 523 2994; x_wconf 90' lang='lat' dir='ltr'><strong>erit</strong></span> <span class='ocrx_word' id='word_1_410' title='bbox 538 2937 616 3005; x_wconf 91' lang='lat' dir='ltr'><strong>illud,</strong></span> <span class='ocrx_word' id='word_1_411' title='bbox 634 2939 711 3008; x_wconf 85' lang='lat' dir='ltr'><strong>cujus</strong></span> <span class='ocrx_word' id='word_1_412' title='bbox 740 2938 856 3011; x_wconf 78' lang='lat' dir='ltr'><strong>itquraet</strong></span> <span class='ocrx_word' id='word_1_413' title='bbox 870 2955 936 3011; x_wconf 92' lang='lat' dir='ltr'><strong>quo·</strong></span> <span class='ocrx_word' id='word_1_414' title='bbox 988 2942 1209 3014; x_wconf 65' lang='lat' dir='ltr'><strong>remediatorum</strong></span> <span class='ocrx_word' id='word_1_415' title='bbox 1224 2957 1288 2998; x_wconf 92' lang='lat' dir='ltr'><strong>curn</strong></span> <span class='ocrx_word' id='word_1_416' title='bbox 1313 2949 1403 2998; x_wconf 83' lang='lat' dir='ltr'><strong>nmen</strong></span> <span class='ocrx_word' id='word_1_417' title='bbox 1425 2946 1452 2996; x_wconf 87' lang='lat' dir='ltr'><strong>ot</strong></span> <span class='ocrx_word' id='word_1_418' title='bbox 1475 2935 1622 3005; x_wconf 72' lang='lat' dir='ltr'><strong>carnaliter</strong></span> <span class='ocrx_word' id='word_1_419' title='bbox 1643 2935 1796 3009; x_wconf 70' lang='lat' dir='ltr'><strong>adimpleta</strong></span> 
     </span>
     <span class='ocr_line' id='line_1_31' title="bbox 139 3025 1796 3101; baseline -0.002 -16"><span class='ocrx_word' id='word_1_420' title='bbox 139 3029 222 3086; x_wconf 91' lang='lat' dir='ltr'><strong>modo</strong></span> <span class='ocrx_word' id='word_1_421' title='bbox 237 3029 375 3101; x_wconf 90' lang='lat' dir='ltr'><strong>speculum</strong></span> <span class='ocrx_word' id='word_1_422' title='bbox 398 3027 540 3094; x_wconf 90' lang='lat' dir='ltr'><strong>obtendes,</strong></span> <span class='ocrx_word' id='word_1_423' title='bbox 558 3027 581 3083; x_wconf 85' lang='lat' dir='ltr'><strong>si</strong></span> <span class='ocrx_word' id='word_1_424' title='bbox 605 3042 740 3100; x_wconf 87' lang='lat' dir='ltr'><strong>nusquam</strong></span> <span class='ocrx_word' id='word_1_425' title='bbox 767 3035 809 3085; x_wconf 86' lang='lat' dir='ltr'><strong>est</strong></span> <span class='ocrx_word' id='word_1_426' title='bbox 824 3028 935 3086; x_wconf 88' lang='lat' dir='ltr'><strong>lacies‘l</strong></span> <span class='ocrx_word' id='word_1_427' title='bbox 988 3039 1062 3096; x_wconf 87' lang='lat' dir='ltr'><strong>sunt,</strong></span> <span class='ocrx_word' id='word_1_428' title='bbox 1086 3031 1235 3091; x_wconf 75' lang='lat' dir='ltr'><strong>emendant</strong></span> <span class='ocrx_word' id='word_1_429' title='bbox 1261 3030 1409 3101; x_wconf 82' lang='lat' dir='ltr'><strong>prophetes</strong></span> <span class='ocrx_word' id='word_1_430' title='bbox 1437 3027 1467 3082; x_wconf 87' lang='lat' dir='ltr'><strong>ia</strong></span> <span class='ocrx_word' id='word_1_431' title='bbox 1494 3033 1640 3098; x_wconf 86' lang='lat' dir='ltr'><strong>utramque</strong></span> <span class='ocrx_word' id='word_1_432' title='bbox 1673 3025 1796 3099; x_wconf 87' lang='lat' dir='ltr'><strong>speciem</strong></span> 
     </span>
     <span class='ocr_line' id='line_1_32' title="bbox 140 3115 1800 3194; baseline -0.001 -20"><span class='ocrx_word' id='word_1_433' title='bbox 140 3116 215 3174; x_wconf 81' lang='lat' dir='ltr'><strong>hdco</strong></span> <span class='ocrx_word' id='word_1_434' title='bbox 232 3124 390 3174; x_wconf 87' lang='lat' dir='ltr'><strong>autemnon</strong></span> <span class='ocrx_word' id='word_1_435' title='bbox 411 3117 500 3173; x_wconf 87' lang='lat' dir='ltr'><strong>omnia</strong></span> <span class='ocrx_word' id='word_1_436' title='bbox 516 3115 656 3188; x_wconf 75' lang='lat' dir='ltr'><strong>imagines,</strong></span> <span class='ocrx_word' id='word_1_437' title='bbox 672 3117 720 3173; x_wconf 88' lang='lat' dir='ltr'><strong>sed</strong></span> <span class='ocrx_word' id='word_1_438' title='bbox 743 3128 770 3174; x_wconf 85' lang='lat' dir='ltr'><strong>et</strong></span> <span class='ocrx_word' id='word_1_439' title='bbox 783 3117 931 3187; x_wconf 78' lang='lat' dir='ltr'><strong>ueritates3</strong></span> <span class='ocrx_word' id='word_1_440' title='bbox 988 3121 1170 3194; x_wconf 54' lang='lat' dir='ltr'><strong>predicarem</strong></span> <span class='ocrx_word' id='word_1_441' title='bbox 1188 3119 1263 3177; x_wconf 85' lang='lat' dir='ltr'><strong>salvo</strong></span> <span class='ocrx_word' id='word_1_442' title='bbox 1286 3133 1318 3175; x_wconf 92' lang='lat' dir='ltr'><strong>eo</strong></span> <span class='ocrx_word' id='word_1_443' title='bbox 1339 3116 1411 3190; x_wconf 92' lang='lat' dir='ltr'><strong>quod</strong></span> <span class='ocrx_word' id='word_1_444' title='bbox 1434 3116 1458 3155; x_wconf 76' lang='lat'><strong>¹¹</strong></span> <span class='ocrx_word' id='word_1_445' title='bbox 1480 3115 1574 3189; x_wconf 86' lang='lat' dir='ltr'><strong>plures</strong></span> <span class='ocrx_word' id='word_1_446' title='bbox 1597 3130 1678 3172; x_wconf 86' lang='lat' dir='ltr'><strong>voces</strong></span> <span class='ocrx_word' id='word_1_447' title='bbox 1705 3129 1800 3173; x_wconf 83' lang='lat' dir='ltr'><strong>eorum</strong></span> 
     </span>
     <span class='ocr_line' id='line_1_33' title="bbox 139 3201 1799 3281; baseline -0.003 -17"><span class='ocrx_word' id='word_1_448' title='bbox 139 3223 191 3265; x_wconf 90' lang='lat' dir='ltr'><strong>nec</strong></span> <span class='ocrx_word' id='word_1_449' title='bbox 205 3207 295 3265; x_wconf 88' lang='lat' dir='ltr'><strong>omnia</strong></span> <span class='ocrx_word' id='word_1_450' title='bbox 309 3206 423 3279; x_wconf 86' lang='lat' dir='ltr'><strong>umbrae,</strong></span> <span class='ocrx_word' id='word_1_451' title='bbox 439 3206 488 3263; x_wconf 90' lang='lat' dir='ltr'><strong>sed</strong></span> <span class='ocrx_word' id='word_1_452' title='bbox 507 3215 534 3263; x_wconf 89' lang='lat' dir='ltr'><strong>et</strong></span> <span class='ocrx_word' id='word_1_453' title='bbox 556 3221 690 3278; x_wconf 88' lang='lat' dir='ltr'><strong>corpora:</strong></span> <span class='ocrx_word' id='word_1_454' title='bbox 719 3215 750 3263; x_wconf 93' lang='lat' dir='ltr'><strong>ut</strong></span> <span class='ocrx_word' id='word_1_455' title='bbox 772 3206 826 3261; x_wconf 77' lang='grc' dir='ltr'><strong>ἰι9</strong></span> <span class='ocrx_word' id='word_1_456' title='bbox 845 3208 932 3279; x_wconf 88' lang='lat' dir='ltr'><strong>ipsura</strong></span> <span class='ocrx_word' id='word_1_457' title='bbox 987 3209 1068 3265; x_wconf 86' lang='lat' dir='ltr'><strong>nudae</strong></span> <span class='ocrx_word' id='word_1_458' title='bbox 1082 3217 1109 3267; x_wconf 93' lang='lat' dir='ltr'><strong>et</strong></span> <span class='ocrx_word' id='word_1_459' title='bbox 1127 3207 1273 3281; x_wconf 81' lang='lat' dir='ltr'><strong>shnplices,</strong></span> <span class='ocrx_word' id='word_1_460' title='bbox 1289 3213 1317 3263; x_wconf 87' lang='lat' dir='ltr'><strong>et</strong></span> <span class='ocrx_word' id='word_1_461' title='bbox 1330 3205 1364 3261; x_wconf 90' lang='lat' dir='ltr'><strong>ab</strong></span> <span class='ocrx_word' id='word_1_462' title='bbox 1386 3203 1461 3261; x_wconf 93' lang='lat' dir='ltr'><strong>omni</strong></span> <span class='ocrx_word' id='word_1_463' title='bbox 1480 3202 1618 3279; x_wconf 74' lang='lat' dir='ltr'><strong>allegoria</strong></span> <span class='ocrx_word' id='word_1_464' title='bbox 1640 3201 1734 3261; x_wconf 88' lang='lat' dir='ltr'><strong>nubilo</strong></span> <span class='ocrx_word' id='word_1_465' title='bbox 1748 3218 1799 3277; x_wconf 93' lang='lat' dir='ltr'><strong>pu·</strong></span> 
     </span>
     <span class='ocr_line' id='line_1_34' title="bbox 137 3289 1795 3369; baseline -0.002 -18"><span class='ocrx_word' id='word_1_466' title='bbox 137 3311 249 3369; x_wconf 87' lang='lat' dir='ltr'><strong>quoque</strong></span> <span class='ocrx_word' id='word_1_467' title='bbox 262 3294 406 3353; x_wconf 84' lang='lat' dir='ltr'><strong>Dominum</strong></span> <span class='ocrx_word' id='word_1_468' title='bbox 431 3294 580 3368; x_wconf 78' lang='lat' dir='ltr'><strong>insigniore</strong></span> <span class='ocrx_word' id='word_1_469' title='bbox 605 3310 722 3368; x_wconf 82' lang='lat' dir='ltr'><strong>quaeque</strong></span> <span class='ocrx_word' id='word_1_470' title='bbox 745 3296 806 3353; x_wconf 89' lang='lat' dir='ltr'><strong>luca</strong></span> <span class='ocrx_word' id='word_1_471' title='bbox 833 3297 935 3353; x_wconf 88' lang='lat' dir='ltr'><strong>clarius</strong></span> <span class='ocrx_word' id='word_1_472' title='bbox 986 3313 1025 3353; x_wconf 86' lang='lat' dir='ltr'><strong>rae</strong></span> <span class='ocrx_word' id='word_1_473' title='bbox 1038 3297 1148 3354; x_wconf 91' lang='lat' dir='ltr'><strong>delendi</strong></span> <span class='ocrx_word' id='word_1_474' title='bbox 1168 3296 1274 3369; x_wconf 89' lang='lat' dir='ltr'><strong>possint</strong></span> <span class='ocrx_word' id='word_1_475' title='bbox 1287 3295 1309 3334; x_wconf 83' lang='lat'><strong>¹¹</strong></span> <span class='ocrx_word' id='word_1_476' title='bbox 1327 3312 1334 3350; x_wconf 92' lang='lat'>:</span> <span class='ocrx_word' id='word_1_477' title='bbox 1355 3302 1384 3349; x_wconf 88' lang='lat' dir='ltr'><strong>ut</strong></span> <span class='ocrx_word' id='word_1_478' title='bbox 1397 3308 1457 3349; x_wconf 90' lang='lat' dir='ltr'><strong>cum</strong></span> <span class='ocrx_word' id='word_1_479' title='bbox 1480 3291 1567 3349; x_wconf 81' lang='lat' dir='ltr'><strong>exitus</strong></span> <span class='ocrx_word' id='word_1_480' title='bbox 1590 3290 1712 3365; x_wconf 74' lang='lat' dir='ltr'><strong>gentium</strong></span> <span class='ocrx_word' id='word_1_481' title='bbox 1739 3289 1795 3361; x_wconf 80' lang='grc'>(99)</span> 
     </span>
     <span class='ocr_line' id='line_1_35' title="bbox 137 3378 1795 3460; baseline -0.006 -16"><span class='ocrx_word' id='word_1_482' title='bbox 137 3385 357 3460; x_wconf 73' lang='lat' dir='ltr'><strong>praedicarentur.</strong></span> <span class='ocrx_word' id='word_1_483' title='bbox 383 3386 456 3442; x_wconf 87' lang='lat' dir='ltr'><strong>Nem</strong></span> <span class='ocrx_word' id='word_1_484' title='bbox 488 3392 516 3440; x_wconf 92' lang='lat' dir='ltr'><strong>et</strong></span> <span class='ocrx_word' id='word_1_485' title='bbox 538 3383 616 3457; x_wconf 77' lang='lat' dir='ltr'><strong>uirgo</strong></span> <span class='ocrx_word' id='word_1_486' title='bbox 634 3385 760 3456; x_wconf 86' lang='lat' dir='ltr'><strong>coacepit</strong></span> <span class='ocrx_word' id='word_1_487' title='bbox 789 3384 817 3441; x_wconf 92' lang='lat' dir='ltr'><strong>in</strong></span> <span class='ocrx_word' id='word_1_488' title='bbox 844 3392 931 3452; x_wconf 78' lang='lat' dir='ltr'><strong>utero,</strong></span> <span class='ocrx_word' id='word_1_489' title='bbox 987 3385 1141 3442; x_wconf 82' lang='lat' dir='ltr'><strong>sturbium</strong></span> <span class='ocrx_word' id='word_1_490' title='bbox 1162 3391 1289 3442; x_wconf 89' lang='lat' dir='ltr'><strong>resonant</strong></span> <span class='ocrx_word' id='word_1_491' title='bbox 1314 3384 1380 3455; x_wconf 82' lang='lat' dir='ltr'><strong>(lea.</strong></span> <span class='ocrx_word' id='word_1_492' title='bbox 1396 3381 1475 3453; x_wconf 78' lang='grc' dir='ltr'>ιιι),</span> <span class='ocrx_word' id='word_1_493' title='bbox 1489 3379 1563 3453; x_wconf 74' lang='lat' dir='ltr'><strong>Tyri,</strong></span> <span class='ocrx_word' id='word_1_494' title='bbox 1581 3387 1609 3437; x_wconf 92' lang='lat' dir='ltr'><strong>et</strong></span> <span class='ocrx_word' id='word_1_495' title='bbox 1630 3378 1754 3455; x_wconf 67' lang='lat' dir='ltr'><strong>egypti,</strong></span> <span class='ocrx_word' id='word_1_496' title='bbox 1768 3386 1795 3435; x_wconf 89' lang='lat' dir='ltr'><strong>et</strong></span> 
     </span>
    </p>
   </div>
   <div class='ocr_carea' id='block_1_3' title="bbox 825 3482 1109 3548">
    <p class='ocr_par' dir='ltr' id='par_1_4' title="bbox 825 3482 1109 3548">
     <span class='ocr_line' id='line_1_36' title="bbox 825 3482 1109 3548; baseline 0.004 -4"><span class='ocrx_word' id='word_1_497' title='bbox 825 3482 923 3545; x_wconf 80' lang='lat' dir='ltr'><strong>Variae</strong></span> <span class='ocrx_word' id='word_1_498' title='bbox 950 3486 1109 3548; x_wconf 87' lang='lat' dir='ltr'><strong>lectiones.</strong></span> 
     </span>
    </p>
   </div>
   <div class='ocr_carea' id='block_1_4' title="bbox 133 3572 1796 3936">
    <p class='ocr_par' dir='ltr' id='par_1_5' title="bbox 133 3572 1796 3936">
     <span class='ocr_line' id='line_1_37' title="bbox 179 3572 1796 3655; baseline -0.004 -16"><span class='ocrx_word' id='word_1_499' title='bbox 179 3581 341 3639; x_wconf 83' lang='lat' dir='ltr'><strong>²Dealbatis</strong></span> <span class='ocrx_word' id='word_1_500' title='bbox 354 3581 432 3637; x_wconf 87' lang='lat' dir='ltr'><strong>abest</strong></span> <span class='ocrx_word' id='word_1_501' title='bbox 447 3598 464 3637; x_wconf 88' lang='lat' dir='ltr'><strong>a</strong></span> <span class='ocrx_word' id='word_1_502' title='bbox 479 3581 540 3651; x_wconf 84' lang='lat' dir='ltr'><strong>Ilip.</strong></span> <span class='ocrx_word' id='word_1_503' title='bbox 563 3581 626 3637; x_wconf 83' lang='lat' dir='ltr'><strong>Vere.</strong></span> <span class='ocrx_word' id='word_1_504' title='bbox 643 3579 655 3617; x_wconf 81' lang='lat'>³</span> <span class='ocrx_word' id='word_1_505' title='bbox 672 3579 737 3634; x_wconf 86' lang='lat' dir='ltr'><strong>Cum</strong></span> <span class='ocrx_word' id='word_1_506' title='bbox 753 3579 884 3650; x_wconf 82' lang='lat' dir='ltr'><strong>baptisma</strong></span> <span class='ocrx_word' id='word_1_507' title='bbox 904 3581 991 3639; x_wconf 87' lang='lat' dir='ltr'><strong>llben.</strong></span> <span class='ocrx_word' id='word_1_508' title='bbox 1007 3597 1069 3638; x_wconf 89' lang='lat' dir='ltr'><strong>cum</strong></span> <span class='ocrx_word' id='word_1_509' title='bbox 1083 3597 1142 3637; x_wconf 87' lang='lat' dir='ltr'><strong>eam</strong></span> <span class='ocrx_word' id='word_1_510' title='bbox 1157 3579 1316 3651; x_wconf 80' lang='lat' dir='ltr'><strong>baptismate</strong></span> <span class='ocrx_word' id='word_1_511' title='bbox 1338 3581 1383 3638; x_wconf 90' lang='lat' dir='ltr'><strong>oet</strong></span> <span class='ocrx_word' id='word_1_512' title='bbox 1404 3575 1537 3648; x_wconf 88' lang='lat' dir='ltr'><strong>baptismo</strong></span> <span class='ocrx_word' id='word_1_513' title='bbox 1559 3575 1626 3655; x_wconf 77' lang='lat' dir='ltr'><strong>tun.</strong></span> <span class='ocrx_word' id='word_1_514' title='bbox 1639 3574 1663 3654; x_wconf 33' lang='lat'><strong>‚¹</strong></span> <span class='ocrx_word' id='word_1_515' title='bbox 1684 3572 1796 3641; x_wconf 63' lang='lat' dir='ltr'><strong>Dem-</strong></span> 
     </span>
     <span class='ocr_line' id='line_1_38' title="bbox 137 3645 1792 3734; baseline -0.004 -23"><span class='ocrx_word' id='word_1_516' title='bbox 137 3652 183 3711; x_wconf 85' lang='lat' dir='ltr'><strong>bat</strong></span> <span class='ocrx_word' id='word_1_517' title='bbox 205 3657 271 3710; x_wconf 88' lang='lat' dir='ltr'><strong>Par.</strong></span> <span class='ocrx_word' id='word_1_518' title='bbox 296 3654 308 3692; x_wconf 84' lang='lat'><strong>⁵</strong></span> <span class='ocrx_word' id='word_1_519' title='bbox 331 3652 538 3707; x_wconf 86' lang='lat' dir='ltr'><strong>Delineareotur</strong></span> <span class='ocrx_word' id='word_1_520' title='bbox 559 3652 627 3708; x_wconf 79' lang='lat' dir='ltr'><strong>tan.</strong></span> <span class='ocrx_word' id='word_1_521' title='bbox 651 3650 664 3688; x_wconf 80' lang='lat'><strong>⁶</strong></span> <span class='ocrx_word' id='word_1_522' title='bbox 688 3652 716 3704; x_wconf 97' lang='lat' dir='ltr'><strong>ln</strong></span> <span class='ocrx_word' id='word_1_523' title='bbox 738 3650 816 3717; x_wconf 83' lang='lat' dir='ltr'><strong>abest</strong></span> <span class='ocrx_word' id='word_1_524' title='bbox 839 3668 857 3707; x_wconf 89' lang='lat' dir='ltr'><strong>o</strong></span> <span class='ocrx_word' id='word_1_525' title='bbox 880 3653 939 3734; x_wconf 80' lang='lat' dir='ltr'><strong>llt&#39;p.</strong></span> <span class='ocrx_word' id='word_1_526' title='bbox 970 3653 1032 3711; x_wconf 80' lang='lat' dir='ltr'><strong>Vere.</strong></span> <span class='ocrx_word' id='word_1_527' title='bbox 1057 3654 1068 3691; x_wconf 88' lang='lat'><strong>¹</strong></span> <span class='ocrx_word' id='word_1_528' title='bbox 1093 3653 1237 3709; x_wconf 87' lang='lat' dir='ltr'><strong>Dominum</strong></span> <span class='ocrx_word' id='word_1_529' title='bbox 1259 3651 1347 3709; x_wconf 85' lang='lat' dir='ltr'><strong>llben.</strong></span> <span class='ocrx_word' id='word_1_530' title='bbox 1373 3649 1458 3707; x_wconf 87' lang='lat' dir='ltr'><strong>Semi.</strong></span> <span class='ocrx_word' id='word_1_531' title='bbox 1489 3649 1501 3685; x_wconf 82' lang='lat'>⁸</span> <span class='ocrx_word' id='word_1_532' title='bbox 1529 3645 1792 3716; x_wconf 80' lang='lat' dir='ltr'><strong>urincrprnusltlrerr</strong></span> 
     </span>
     <span class='ocr_line' id='line_1_39' title="bbox 137 3718 1793 3794; baseline -0.006 -12"><span class='ocrx_word' id='word_1_533' title='bbox 137 3725 223 3782; x_wconf 80' lang='lat' dir='ltr'><strong>sent.</strong></span> <span class='ocrx_word' id='word_1_534' title='bbox 240 3725 252 3763; x_wconf 83' lang='lat'>⁹</span> <span class='ocrx_word' id='word_1_535' title='bbox 267 3723 408 3778; x_wconf 84' lang='lat' dir='ltr'><strong>victimam</strong></span> <span class='ocrx_word' id='word_1_536' title='bbox 423 3725 509 3779; x_wconf 79' lang='lat' dir='ltr'><strong>Fron.</strong></span> <span class='ocrx_word' id='word_1_537' title='bbox 528 3720 600 3776; x_wconf 88' lang='lat' dir='ltr'><strong>¹⁰Se</strong></span> <span class='ocrx_word' id='word_1_538' title='bbox 617 3720 680 3777; x_wconf 83' lang='lat' dir='ltr'><strong>odd.</strong></span> <span class='ocrx_word' id='word_1_539' title='bbox 694 3720 755 3779; x_wconf 87' lang='lat' dir='ltr'><strong>alii.</strong></span> <span class='ocrx_word' id='word_1_540' title='bbox 783 3721 805 3760; x_wconf 95' lang='lat'><strong>¹¹</strong></span> <span class='ocrx_word' id='word_1_541' title='bbox 830 3723 860 3779; x_wconf 90' lang='lat' dir='ltr'><strong>ln</strong></span> <span class='ocrx_word' id='word_1_542' title='bbox 881 3725 935 3780; x_wconf 83' lang='lat' dir='ltr'><strong>atti</strong></span> <span class='ocrx_word' id='word_1_543' title='bbox 959 3724 982 3761; x_wconf 89' lang='lat'><strong>¹¹</strong></span> <span class='ocrx_word' id='word_1_544' title='bbox 1004 3724 1135 3779; x_wconf 86' lang='lat' dir='ltr'><strong>Foeditatc</strong></span> <span class='ocrx_word' id='word_1_545' title='bbox 1157 3723 1337 3794; x_wconf 88' lang='lat' dir='ltr'><strong>sputaminum</strong></span> <span class='ocrx_word' id='word_1_546' title='bbox 1361 3722 1421 3778; x_wconf 88' lang='lat' dir='ltr'><strong>cod.</strong></span> <span class='ocrx_word' id='word_1_547' title='bbox 1445 3718 1545 3775; x_wconf 84' lang='lat' dir='ltr'><strong>Pitboe.</strong></span> <span class='ocrx_word' id='word_1_548' title='bbox 1566 3719 1646 3773; x_wconf 86' lang='lat' dir='ltr'><strong>Pam.</strong></span> <span class='ocrx_word' id='word_1_549' title='bbox 1674 3719 1793 3783; x_wconf 67' lang='lat' dir='ltr'><strong>frama</strong></span> 
     </span>
     <span class='ocr_line' id='line_1_40' title="bbox 135 3788 1789 3864; baseline -0.002 -14"><span class='ocrx_word' id='word_1_550' title='bbox 135 3794 333 3864; x_wconf 89' lang='lat' dir='ltr'><strong>spumaminum</strong></span> <span class='ocrx_word' id='word_1_551' title='bbox 349 3793 445 3848; x_wconf 80' lang='lat' dir='ltr'><strong>iaculis</strong></span> <span class='ocrx_word' id='word_1_552' title='bbox 460 3795 525 3848; x_wconf 85' lang='lat' dir='ltr'><strong>tun.</strong></span> <span class='ocrx_word' id='word_1_553' title='bbox 543 3792 663 3847; x_wconf 81' lang='lat' dir='ltr'><strong>tarditate</strong></span> <span class='ocrx_word' id='word_1_554' title='bbox 678 3801 817 3861; x_wconf 88' lang='lat' dir='ltr'><strong>sputorum</strong></span> <span class='ocrx_word' id='word_1_555' title='bbox 832 3796 924 3850; x_wconf 75' lang='lat' dir='ltr'><strong>Paris.</strong></span> <span class='ocrx_word' id='word_1_556' title='bbox 941 3794 965 3834; x_wconf 85' lang='lat'><strong>¹³</strong></span> <span class='ocrx_word' id='word_1_557' title='bbox 986 3794 1115 3851; x_wconf 83' lang='lat' dir='ltr'><strong>Praeiatos</strong></span> <span class='ocrx_word' id='word_1_558' title='bbox 1129 3795 1192 3852; x_wconf 85' lang='lat' dir='ltr'><strong>atii.</strong></span> <span class='ocrx_word' id='word_1_559' title='bbox 1208 3793 1231 3833; x_wconf 88' lang='lat'><strong>¹¹</strong></span> <span class='ocrx_word' id='word_1_560' title='bbox 1244 3794 1321 3851; x_wconf 83' lang='lat' dir='ltr'><strong>clodi</strong></span> <span class='ocrx_word' id='word_1_561' title='bbox 1344 3797 1430 3850; x_wconf 84' lang='lat' dir='ltr'><strong>Fran.</strong></span> <span class='ocrx_word' id='word_1_562' title='bbox 1447 3790 1470 3829; x_wconf 92' lang='lat'><strong>¹⁵</strong></span> <span class='ocrx_word' id='word_1_563' title='bbox 1490 3791 1521 3845; x_wconf 84' lang='lat' dir='ltr'><strong>Et</strong></span> <span class='ocrx_word' id='word_1_564' title='bbox 1544 3788 1596 3861; x_wconf 88' lang='lat' dir='ltr'><strong>ipsi</strong></span> <span class='ocrx_word' id='word_1_565' title='bbox 1619 3789 1705 3844; x_wconf 67' lang='lat' dir='ltr'><strong>dhan.</strong></span> <span class='ocrx_word' id='word_1_566' title='bbox 1730 3789 1789 3861; x_wconf 76' lang='lat' dir='ltr'><strong>nep.</strong></span> 
     </span>
     <span class='ocr_line' id='line_1_41' title="bbox 133 3863 1029 3936; baseline 0.001 -16"><span class='ocrx_word' id='word_1_567' title='bbox 133 3864 187 3936; x_wconf 86' lang='lat' dir='ltr'><strong>ipsi</strong></span> <span class='ocrx_word' id='word_1_568' title='bbox 211 3865 288 3922; x_wconf 83' lang='lat' dir='ltr'><strong>decet</strong></span> <span class='ocrx_word' id='word_1_569' title='bbox 303 3865 378 3920; x_wconf 79' lang='lat' dir='ltr'><strong>sent</strong></span> <span class='ocrx_word' id='word_1_570' title='bbox 394 3863 417 3902; x_wconf 83' lang='lat'><strong>¹⁶</strong></span> <span class='ocrx_word' id='word_1_571' title='bbox 431 3864 494 3931; x_wconf 82' lang='lat' dir='ltr'><strong>Quo</strong></span> <span class='ocrx_word' id='word_1_572' title='bbox 510 3865 569 3933; x_wconf 81' lang='lat' dir='ltr'><strong>llip.</strong></span> <span class='ocrx_word' id='word_1_573' title='bbox 591 3865 654 3920; x_wconf 81' lang='lat' dir='ltr'><strong>terr.</strong></span> <span class='ocrx_word' id='word_1_574' title='bbox 672 3864 694 3902; x_wconf 84' lang='lat'><strong>¹¹</strong></span> <span class='ocrx_word' id='word_1_575' title='bbox 709 3865 826 3920; x_wconf 87' lang='lat' dir='ltr'><strong>Possunt</strong></span> <span class='ocrx_word' id='word_1_576' title='bbox 839 3865 928 3922; x_wconf 89' lang='lat' dir='ltr'><strong>llben.</strong></span> <span class='ocrx_word' id='word_1_577' title='bbox 944 3867 1029 3923; x_wconf 87' lang='lat' dir='ltr'><strong>Seml.</strong></span> 
     </span>
    </p>
   </div>
   <div class='ocr_carea' id='block_1_5' title="bbox 125 3963 1793 5690">
    <p class='ocr_par' dir='ltr' id='par_1_6' title="bbox 833 3963 1085 4029">
     <span class='ocr_line' id='line_1_42' title="bbox 833 3963 1085 4029; baseline 0 -3"><span class='ocrx_word' id='word_1_578' title='bbox 833 3963 1085 4029; x_wconf 83' lang='lat' dir='ltr'><strong>Commentarius.</strong></span> 
     </span>
    </p>

    <p class='ocr_par' dir='ltr' id='par_1_7' title="bbox 129 4035 1789 4810">
     <span class='ocr_line' id='line_1_43' title="bbox 133 4035 1789 4133; baseline 0.002 -38"><span class='ocrx_word' id='word_1_579' title='bbox 133 4039 214 4108; x_wconf 88' lang='lat' dir='ltr'><strong>letus,</strong></span> <span class='ocrx_word' id='word_1_580' title='bbox 238 4039 312 4115; x_wconf 89' lang='lat' dir='ltr'><strong>iique</strong></span> <span class='ocrx_word' id='word_1_581' title='bbox 340 4040 459 4098; x_wconf 80' lang='lat' dir='ltr'><strong>haerrtici</strong></span> <span class='ocrx_word' id='word_1_582' title='bbox 486 4039 532 4112; x_wconf 91' lang='lat' dir='ltr'><strong>qui</strong></span> <span class='ocrx_word' id='word_1_583' title='bbox 560 4043 732 4116; x_wconf 84' lang='lat' dir='ltr'><strong>spiritaliter</strong></span> <span class='ocrx_word' id='word_1_584' title='bbox 758 4044 820 4116; x_wconf 86' lang='lat' dir='ltr'><strong>ipsa</strong></span> <span class='ocrx_word' id='word_1_585' title='bbox 846 4046 934 4100; x_wconf 87' lang='lat' dir='ltr'><strong>etiam</strong></span> <span class='ocrx_word' id='word_1_586' title='bbox 987 4045 1063 4133; x_wconf 75' lang='lat' dir='ltr'><strong>qiuta</strong></span> <span class='ocrx_word' id='word_1_587' title='bbox 1091 4053 1291 4119; x_wconf 72' lang='lat' dir='ltr'><strong>argenteorum,</strong></span> <span class='ocrx_word' id='word_1_588' title='bbox 1316 4041 1349 4098; x_wconf 88' lang='lat' dir='ltr'><strong>de</strong></span> <span class='ocrx_word' id='word_1_589' title='bbox 1377 4039 1475 4111; x_wconf 86' lang='lat' dir='ltr'><strong>quihus</strong></span> <span class='ocrx_word' id='word_1_590' title='bbox 1505 4035 1658 4119; x_wconf 79' lang='lat' dir='ltr'><strong>Zacharias.</strong></span> <span class='ocrx_word' id='word_1_591' title='bbox 1684 4036 1789 4099; x_wconf 69' lang='lat' dir='ltr'><strong>Eadem</strong></span> 
     </span>
     <span class='ocr_line' id='line_1_44' title="bbox 134 4107 1789 4187; baseline -0.003 -19"><span class='ocrx_word' id='word_1_592' title='bbox 134 4117 255 4170; x_wconf 89' lang='lat' dir='ltr'><strong>mortem</strong></span> <span class='ocrx_word' id='word_1_593' title='bbox 279 4113 495 4185; x_wconf 83' lang='lat' dir='ltr'><strong>intellipendom</strong></span> <span class='ocrx_word' id='word_1_594' title='bbox 516 4113 719 4171; x_wconf 81' lang='lat' dir='ltr'><strong>asseverabant.</strong></span> <span class='ocrx_word' id='word_1_595' title='bbox 743 4112 935 4172; x_wconf 72' lang='lat' dir='ltr'><strong>tentabantur</strong></span> <span class='ocrx_word' id='word_1_596' title='bbox 988 4117 1094 4177; x_wconf 78' lang='lat' dir='ltr'><strong>licentia</strong></span> <span class='ocrx_word' id='word_1_597' title='bbox 1121 4131 1187 4172; x_wconf 91' lang='lat' dir='ltr'><strong>usus</strong></span> <span class='ocrx_word' id='word_1_598' title='bbox 1215 4124 1257 4172; x_wconf 89' lang='lat' dir='ltr'><strong>est</strong></span> <span class='ocrx_word' id='word_1_599' title='bbox 1283 4115 1314 4175; x_wconf 84' lang='lat' dir='ltr'><strong>B.</strong></span> <span class='ocrx_word' id='word_1_600' title='bbox 1340 4112 1480 4169; x_wconf 82' lang='lat' dir='ltr'><strong>blatthmus</strong></span> <span class='ocrx_word' id='word_1_601' title='bbox 1508 4107 1684 4187; x_wconf 73' lang='lat' dir='ltr'><strong>evangehsta,</strong></span> <span class='ocrx_word' id='word_1_602' title='bbox 1709 4108 1789 4180; x_wconf 76' lang='lat' dir='ltr'><strong>cuins</strong></span> 
     </span>
     <span class='ocr_line' id='line_1_45' title="bbox 133 4184 1404 4260; baseline -0.001 -20"><span class='ocrx_word' id='word_1_603' title='bbox 133 4184 223 4240; x_wconf 82' lang='lat' dir='ltr'><strong>verbis</strong></span> <span class='ocrx_word' id='word_1_604' title='bbox 234 4185 357 4256; x_wconf 77' lang='lat' dir='ltr'><strong>Apostoli</strong></span> <span class='ocrx_word' id='word_1_605' title='bbox 368 4187 447 4241; x_wconf 83' lang='lat' dir='ltr'><strong>Rom.</strong></span> <span class='ocrx_word' id='word_1_606' title='bbox 460 4201 508 4241; x_wconf 85' lang='lat' dir='ltr'><strong>ur:</strong></span> <span class='ocrx_word' id='word_1_607' title='bbox 524 4186 568 4242; x_wconf 81' lang='lat' dir='ltr'><strong>rin</strong></span> <span class='ocrx_word' id='word_1_608' title='bbox 577 4187 716 4258; x_wconf 81' lang='lat' dir='ltr'><strong>ipnerotis</strong></span> <span class='ocrx_word' id='word_1_609' title='bbox 731 4188 851 4257; x_wconf 77' lang='lat' dir='ltr'><strong>fratres,</strong></span> <span class='ocrx_word' id='word_1_610' title='bbox 867 4190 934 4260; x_wconf 85' lang='lat' dir='ltr'><strong>quio</strong></span> <span class='ocrx_word' id='word_1_611' title='bbox 987 4191 1086 4247; x_wconf 88' lang='lat' dir='ltr'><strong>testum</strong></span> <span class='ocrx_word' id='word_1_612' title='bbox 1099 4188 1179 4245; x_wconf 90' lang='lat' dir='ltr'><strong>hodic</strong></span> <span class='ocrx_word' id='word_1_613' title='bbox 1193 4186 1323 4255; x_wconf 83' lang='lat' dir='ltr'><strong>colimus,</strong></span> <span class='ocrx_word' id='word_1_614' title='bbox 1334 4185 1404 4240; x_wconf 85' lang='lat' dir='ltr'><strong>Eun.</strong></span> 
     </span>
     <span class='ocr_line' id='line_1_46' title="bbox 133 4251 1788 4384; baseline -0.002 -72"><span class='ocrx_word' id='word_1_615' title='bbox 133 4259 302 4340; x_wconf 80' lang='lat' dir='ltr'><strong>quicumque</strong></span> <span class='ocrx_word' id='word_1_616' title='bbox 324 4256 464 4384; x_wconf 45' lang='lat' dir='ltr'><strong>baptizati</strong></span> <span class='ocrx_word' id='word_1_617' title='bbox 477 4273 577 4314; x_wconf 79' lang='lat' dir='ltr'><strong>anneus</strong></span> <span class='ocrx_word' id='word_1_618' title='bbox 614 4259 646 4313; x_wconf 88' lang='lat' dir='ltr'><strong>in</strong></span> <span class='ocrx_word' id='word_1_619' title='bbox 668 4257 777 4315; x_wconf 76' lang='lat' dir='ltr'><strong>Christo</strong></span> <span class='ocrx_word' id='word_1_620' title='bbox 802 4260 876 4324; x_wconf 78' lang='lat' dir='ltr'><strong>teau,</strong></span> <span class='ocrx_word' id='word_1_621' title='bbox 901 4261 972 4352; x_wconf 71' lang='lat' dir='ltr'><strong>inu</strong></span> <span class='ocrx_word' id='word_1_622' title='bbox 1023 4259 1081 4332; x_wconf 82' lang='lat' dir='ltr'><strong>(er)</strong></span> <span class='ocrx_word' id='word_1_623' title='bbox 1099 4261 1165 4329; x_wconf 74' lang='grc' dir='ltr'><strong>Ωιι</strong></span> <span class='ocrx_word' id='word_1_624' title='bbox 1175 4260 1228 4317; x_wconf 85' lang='lat' dir='ltr'><strong>etei</strong></span> <span class='ocrx_word' id='word_1_625' title='bbox 1237 4256 1410 4331; x_wconf 84' lang='lat' dir='ltr'><strong>spiritaliter</strong></span> <span class='ocrx_word' id='word_1_626' title='bbox 1423 4267 1529 4328; x_wconf 81' lang='lat' dir='ltr'><strong>quoque</strong></span> <span class='ocrx_word' id='word_1_627' title='bbox 1539 4253 1599 4309; x_wconf 86' lang='lat' dir='ltr'><strong>inte</strong></span> <span class='ocrx_word' id='word_1_628' title='bbox 1637 4251 1732 4308; x_wconf 83' lang='lat' dir='ltr'><strong>reteri</strong></span> <span class='ocrx_word' id='word_1_629' title='bbox 1743 4266 1788 4309; x_wconf 78' lang='lat' dir='ltr'><strong>aa·</strong></span> 
     </span>
     <span class='ocr_line' id='line_1_47' title="bbox 132 4322 1788 4403; baseline -0.004 -20"><span class='ocrx_word' id='word_1_630' title='bbox 132 4331 223 4385; x_wconf 89' lang='lat' dir='ltr'><strong>morte</strong></span> <span class='ocrx_word' id='word_1_631' title='bbox 247 4329 337 4401; x_wconf 75' lang='lat' dir='ltr'><strong>ipsius</strong></span> <span class='ocrx_word' id='word_1_632' title='bbox 375 4330 495 4400; x_wconf 83' lang='lat' dir='ltr'><strong>optinoti</strong></span> <span class='ocrx_word' id='word_1_633' title='bbox 523 4334 647 4386; x_wconf 78' lang='lat' dir='ltr'><strong>ereneus?</strong></span> <span class='ocrx_word' id='word_1_634' title='bbox 669 4330 833 4403; x_wconf 80' lang='lat' dir='ltr'><strong>Consepulti</strong></span> <span class='ocrx_word' id='word_1_635' title='bbox 856 4332 934 4389; x_wconf 83' lang='lat' dir='ltr'><strong>enim</strong></span> <span class='ocrx_word' id='word_1_636' title='bbox 989 4332 1088 4391; x_wconf 76' lang='lat' dir='ltr'><strong>amar.</strong></span> <span class='ocrx_word' id='word_1_637' title='bbox 1100 4331 1144 4389; x_wconf 86' lang='lat' dir='ltr'><strong>Sic</strong></span> <span class='ocrx_word' id='word_1_638' title='bbox 1158 4334 1225 4387; x_wconf 91' lang='lat' dir='ltr'><strong>inter</strong></span> <span class='ocrx_word' id='word_1_639' title='bbox 1245 4336 1348 4386; x_wconf 87' lang='lat' dir='ltr'><strong>retatus</strong></span> <span class='ocrx_word' id='word_1_640' title='bbox 1361 4334 1402 4383; x_wconf 87' lang='lat' dir='ltr'><strong>cst</strong></span> <span class='ocrx_word' id='word_1_641' title='bbox 1411 4326 1510 4381; x_wconf 77' lang='lat' dir='ltr'><strong>Paulus</strong></span> <span class='ocrx_word' id='word_1_642' title='bbox 1524 4325 1560 4380; x_wconf 85' lang='lat' dir='ltr'><strong>od</strong></span> <span class='ocrx_word' id='word_1_643' title='bbox 1571 4324 1608 4387; x_wconf 84' lang='lat' dir='ltr'><strong>ile</strong></span> <span class='ocrx_word' id='word_1_644' title='bbox 1643 4322 1788 4391; x_wconf 72' lang='lat' dir='ltr'><strong>.th,alln-</strong></span> 
     </span>
     <span class='ocr_line' id='line_1_48' title="bbox 131 4347 1788 4478; baseline -0.003 -23"><span class='ocrx_word' id='word_1_645' title='bbox 131 4414 232 4456; x_wconf 84' lang='lat' dir='ltr'><strong>sumus</strong></span> <span class='ocrx_word' id='word_1_646' title='bbox 246 4415 310 4456; x_wconf 92' lang='lat' dir='ltr'><strong>eum</strong></span> <span class='ocrx_word' id='word_1_647' title='bbox 325 4400 376 4457; x_wconf 88' lang='lat' dir='ltr'><strong>illo</strong></span> <span class='ocrx_word' id='word_1_648' title='bbox 386 4415 436 4472; x_wconf 89' lang='lat' dir='ltr'><strong>per</strong></span> <span class='ocrx_word' id='word_1_649' title='bbox 445 4400 618 4473; x_wconf 84' lang='lat' dir='ltr'><strong>baptismum</strong></span> <span class='ocrx_word' id='word_1_650' title='bbox 632 4403 663 4459; x_wconf 85' lang='lat' dir='ltr'><strong>in</strong></span> <span class='ocrx_word' id='word_1_651' title='bbox 674 4406 805 4463; x_wconf 88' lang='lat' dir='ltr'><strong>martem,</strong></span> <span class='ocrx_word' id='word_1_652' title='bbox 815 4404 859 4468; x_wconf 89' lang='lat' dir='ltr'><strong>nt,</strong></span> <span class='ocrx_word' id='word_1_653' title='bbox 871 4419 934 4475; x_wconf 79' lang='lat' dir='ltr'><strong>que</strong></span> <span class='ocrx_word' id='word_1_654' title='bbox 988 4404 1054 4465; x_wconf 87' lang='lat' dir='ltr'><strong>deus</strong></span> <span class='ocrx_word' id='word_1_655' title='bbox 1066 4404 1099 4459; x_wconf 90' lang='lat' dir='ltr'><strong>ad</strong></span> <span class='ocrx_word' id='word_1_656' title='bbox 1119 4404 1206 4460; x_wconf 87' lang='lat' dir='ltr'><strong>locum</strong></span> <span class='ocrx_word' id='word_1_657' title='bbox 1220 4347 1305 4467; x_wconf 48' lang='lat' dir='ltr'><strong>gaia,</strong></span> <span class='ocrx_word' id='word_1_658' title='bbox 1318 4416 1378 4471; x_wconf 88' lang='lat' dir='ltr'><strong>cap.</strong></span> <span class='ocrx_word' id='word_1_659' title='bbox 1394 4400 1427 4458; x_wconf 80' lang='lat'><strong>53</strong></span> <span class='ocrx_word' id='word_1_660' title='bbox 1444 4414 1451 4452; x_wconf 81' lang='grc' dir='ltr'><strong>ι</strong></span> <span class='ocrx_word' id='word_1_661' title='bbox 1468 4398 1587 4469; x_wconf 87' lang='lat' dir='ltr'><strong>Propter</strong></span> <span class='ocrx_word' id='word_1_662' title='bbox 1600 4393 1675 4468; x_wconf 84' lang='lat' dir='ltr'><strong>quod</strong></span> <span class='ocrx_word' id='word_1_663' title='bbox 1685 4395 1788 4478; x_wconf 57' lang='lat' dir='ltr'><strong>rentief</strong></span> 
     </span>
     <span class='ocr_line' id='line_1_49' title="bbox 131 4465 1786 4544; baseline -0.002 -18"><span class='ocrx_word' id='word_1_664' title='bbox 131 4472 212 4530; x_wconf 88' lang='lat' dir='ltr'><strong>mode</strong></span> <span class='ocrx_word' id='word_1_665' title='bbox 227 4471 356 4527; x_wconf 79' lang='lat' dir='ltr'><strong>Christus</strong></span> <span class='ocrx_word' id='word_1_666' title='bbox 366 4473 528 4529; x_wconf 76' lang='lat' dir='ltr'><strong>resurrexit</strong></span> <span class='ocrx_word' id='word_1_667' title='bbox 544 4490 561 4527; x_wconf 92' lang='lat' dir='ltr'><strong>a</strong></span> <span class='ocrx_word' id='word_1_668' title='bbox 576 4474 705 4540; x_wconf 84' lang='lat' dir='ltr'><strong>mortuis,</strong></span> <span class='ocrx_word' id='word_1_669' title='bbox 720 4482 771 4527; x_wconf 87' lang='lat' dir='ltr'><strong>etc.</strong></span> <span class='ocrx_word' id='word_1_670' title='bbox 789 4473 855 4541; x_wconf 85' lang='lat' dir='ltr'><strong>Cup.</strong></span> <span class='ocrx_word' id='word_1_671' title='bbox 872 4489 929 4544; x_wconf 90' lang='lat' dir='ltr'><strong>seq.</strong></span> <span class='ocrx_word' id='word_1_672' title='bbox 984 4492 1030 4532; x_wconf 82' lang='lat' dir='ltr'><strong>sne</strong></span> <span class='ocrx_word' id='word_1_673' title='bbox 1043 4491 1156 4542; x_wconf 85' lang='lat' dir='ltr'><strong>monus,</strong></span> <span class='ocrx_word' id='word_1_674' title='bbox 1173 4483 1226 4529; x_wconf 88' lang='lat' dir='ltr'><strong>eta.</strong></span> <span class='ocrx_word' id='word_1_675' title='bbox 1241 4472 1294 4528; x_wconf 91' lang='lat' dir='ltr'><strong>Uhi</strong></span> <span class='ocrx_word' id='word_1_676' title='bbox 1313 4485 1367 4526; x_wconf 93' lang='lat' dir='ltr'><strong>nen</strong></span> <span class='ocrx_word' id='word_1_677' title='bbox 1381 4471 1439 4526; x_wconf 87' lang='lat' dir='ltr'><strong>sine</strong></span> <span class='ocrx_word' id='word_1_678' title='bbox 1463 4467 1619 4536; x_wconf 87' lang='lat' dir='ltr'><strong>metaphora</strong></span> <span class='ocrx_word' id='word_1_679' title='bbox 1631 4465 1722 4532; x_wconf 90' lang='lat' dir='ltr'><strong>stadu,</strong></span> <span class='ocrx_word' id='word_1_680' title='bbox 1741 4480 1786 4523; x_wconf 88' lang='lat' dir='ltr'><strong>cut</strong></span> 
     </span>
     <span class='ocr_line' id='line_1_50' title="bbox 133 4537 1784 4624; baseline -0.002 -28"><span class='ocrx_word' id='word_1_681' title='bbox 133 4557 166 4597; x_wconf 91' lang='lat' dir='ltr'><strong>ea</strong></span> <span class='ocrx_word' id='word_1_682' title='bbox 180 4542 284 4597; x_wconf 83' lang='lat' dir='ltr'><strong>refutat.</strong></span> <span class='ocrx_word' id='word_1_683' title='bbox 299 4543 339 4596; x_wconf 92' lang='lat' dir='ltr'><strong>llli</strong></span> <span class='ocrx_word' id='word_1_684' title='bbox 355 4553 442 4597; x_wconf 84' lang='lat' dir='ltr'><strong>autent</strong></span> <span class='ocrx_word' id='word_1_685' title='bbox 468 4544 595 4611; x_wconf 73' lang='lat' dir='ltr'><strong>heretici,</strong></span> <span class='ocrx_word' id='word_1_686' title='bbox 613 4545 786 4614; x_wconf 77' lang='lat' dir='ltr'><strong>llpmenaeurn</strong></span> <span class='ocrx_word' id='word_1_687' title='bbox 815 4543 877 4599; x_wconf 90' lang='lat' dir='ltr'><strong>dico</strong></span> <span class='ocrx_word' id='word_1_688' title='bbox 901 4551 930 4599; x_wconf 91' lang='lat' dir='ltr'><strong>et</strong></span> <span class='ocrx_word' id='word_1_689' title='bbox 984 4547 1146 4620; x_wconf 85' lang='lat' dir='ltr'><strong>plerumque</strong></span> <span class='ocrx_word' id='word_1_690' title='bbox 1161 4545 1243 4601; x_wconf 86' lang='lat' dir='ltr'><strong>instet</strong></span> <span class='ocrx_word' id='word_1_691' title='bbox 1261 4541 1416 4624; x_wconf 77' lang='lat' dir='ltr'><strong>Apostolus,</strong></span> <span class='ocrx_word' id='word_1_692' title='bbox 1433 4550 1461 4595; x_wconf 89' lang='lat' dir='ltr'><strong>et</strong></span> <span class='ocrx_word' id='word_1_693' title='bbox 1475 4538 1578 4595; x_wconf 91' lang='lat' dir='ltr'><strong>erudite</strong></span> <span class='ocrx_word' id='word_1_694' title='bbox 1592 4537 1678 4592; x_wconf 82' lang='lat' dir='ltr'><strong>Taher</strong></span> <span class='ocrx_word' id='word_1_695' title='bbox 1693 4537 1720 4591; x_wconf 94' lang='lat' dir='ltr'><strong>in</strong></span> <span class='ocrx_word' id='word_1_696' title='bbox 1734 4552 1784 4593; x_wconf 90' lang='lat' dir='ltr'><strong>suo</strong></span> 
     </span>
     <span class='ocr_line' id='line_1_51' title="bbox 132 4607 1782 4690; baseline -0.002 -23"><span class='ocrx_word' id='word_1_697' title='bbox 132 4612 277 4682; x_wconf 88' lang='lat' dir='ltr'><strong>Philetum,</strong></span> <span class='ocrx_word' id='word_1_698' title='bbox 293 4614 339 4686; x_wconf 88' lang='lat' dir='ltr'><strong>qui</strong></span> <span class='ocrx_word' id='word_1_699' title='bbox 358 4617 508 4675; x_wconf 75' lang='lat' dir='ltr'><strong>speritate</strong></span> <span class='ocrx_word' id='word_1_700' title='bbox 527 4614 691 4678; x_wconf 84' lang='lat' dir='ltr'><strong>exciderant,</strong></span> <span class='ocrx_word' id='word_1_701' title='bbox 709 4614 929 4671; x_wconf 88' lang='lat' dir='ltr'><strong>resurrectionem</strong></span> <span class='ocrx_word' id='word_1_702' title='bbox 983 4617 1142 4690; x_wconf 80' lang='lat' dir='ltr'><strong>Agoniatico</strong></span> <span class='ocrx_word' id='word_1_703' title='bbox 1159 4636 1165 4672; x_wconf 93' lang='lat'>:</span> <span class='ocrx_word' id='word_1_704' title='bbox 1182 4632 1236 4672; x_wconf 91' lang='lat' dir='ltr'><strong>non</strong></span> <span class='ocrx_word' id='word_1_705' title='bbox 1255 4631 1328 4670; x_wconf 90' lang='lat' dir='ltr'><strong>enrm</strong></span> <span class='ocrx_word' id='word_1_706' title='bbox 1346 4614 1473 4684; x_wconf 91' lang='lat' dir='ltr'><strong>loquitur,</strong></span> <span class='ocrx_word' id='word_1_707' title='bbox 1489 4611 1542 4666; x_wconf 91' lang='lat' dir='ltr'><strong>ime</strong></span> <span class='ocrx_word' id='word_1_708' title='bbox 1564 4625 1614 4667; x_wconf 87' lang='lat' dir='ltr'><strong>uec</strong></span> <span class='ocrx_word' id='word_1_709' title='bbox 1634 4607 1732 4690; x_wconf 78' lang='lat' dir='ltr'><strong>elludit</strong></span> <span class='ocrx_word' id='word_1_710' title='bbox 1750 4609 1782 4663; x_wconf 90' lang='lat' dir='ltr'><strong>ad</strong></span> 
     </span>
     <span class='ocr_line' id='line_1_52' title="bbox 129 4679 1781 4810; baseline -0.001 -72"><span class='ocrx_word' id='word_1_711' title='bbox 129 4683 184 4810; x_wconf 53' lang='lat' dir='ltr'><strong>{aar</strong></span> <span class='ocrx_word' id='word_1_712' title='bbox 199 4685 293 4741; x_wconf 88' lang='lat' dir='ltr'><strong>lectam</strong></span> <span class='ocrx_word' id='word_1_713' title='bbox 305 4685 476 4741; x_wconf 78' lang='lat' dir='ltr'><strong>adfirmabant</strong></span> <span class='ocrx_word' id='word_1_714' title='bbox 489 4695 557 4741; x_wconf 88' lang='lat' dir='ltr'><strong>teste</strong></span> <span class='ocrx_word' id='word_1_715' title='bbox 571 4685 600 4739; x_wconf 87' lang='grc' dir='ltr'><strong>Β.</strong></span> <span class='ocrx_word' id='word_1_716' title='bbox 616 4685 760 4757; x_wconf 80' lang='lat' dir='ltr'><strong>Apostolo,</strong></span> <span class='ocrx_word' id='word_1_717' title='bbox 776 4686 799 4740; x_wconf 96' lang='lat' dir='ltr'><strong>ll</strong></span> <span class='ocrx_word' id='word_1_718' title='bbox 811 4686 880 4742; x_wconf 90' lang='lat' dir='ltr'><strong>Tim.</strong></span> <span class='ocrx_word' id='word_1_719' title='bbox 897 4703 927 4744; x_wconf 88' lang='grc' dir='ltr'><strong>ιι.</strong></span> <span class='ocrx_word' id='word_1_720' title='bbox 982 4689 1148 4746; x_wconf 87' lang='lat' dir='ltr'><strong>debilitatem</strong></span> <span class='ocrx_word' id='word_1_721' title='bbox 1162 4703 1195 4742; x_wconf 85' lang='lat' dir='ltr'><strong>ex</strong></span> <span class='ocrx_word' id='word_1_722' title='bbox 1215 4689 1320 4752; x_wconf 90' lang='lat' dir='ltr'><strong>morbo,</strong></span> <span class='ocrx_word' id='word_1_723' title='bbox 1334 4685 1383 4740; x_wconf 88' lang='lat' dir='ltr'><strong>aad</strong></span> <span class='ocrx_word' id='word_1_724' title='bbox 1405 4699 1438 4739; x_wconf 84' lang='lat' dir='ltr'><strong>ex</strong></span> <span class='ocrx_word' id='word_1_725' title='bbox 1457 4696 1549 4753; x_wconf 81' lang='lat' dir='ltr'><strong>pugna</strong></span> <span class='ocrx_word' id='word_1_726' title='bbox 1563 4688 1590 4736; x_wconf 94' lang='lat' dir='ltr'><strong>et</strong></span> <span class='ocrx_word' id='word_1_727' title='bbox 1612 4679 1781 4760; x_wconf 78' lang='lat' dir='ltr'><strong>lassitudine,</strong></span> 
     </span>
    </p>

    <p class='ocr_par' dir='ltr' id='par_1_8' title="bbox 129 4753 1782 4903">
     <span class='ocr_line' id='line_1_53' title="bbox 153 4753 1782 4833; baseline -0.003 -21"><span class='ocrx_word' id='word_1_728' title='bbox 153 4759 351 4813; x_wconf 84' lang='lat' dir='ltr'><strong>recreationem</strong></span> <span class='ocrx_word' id='word_1_729' title='bbox 381 4757 530 4813; x_wconf 87' lang='lat' dir='ltr'><strong>liberorum</strong></span> <span class='ocrx_word' id='word_1_730' title='bbox 556 4757 780 4813; x_wconf 87' lang='lat' dir='ltr'><strong>resurrectionem</strong></span> <span class='ocrx_word' id='word_1_731' title='bbox 808 4760 929 4831; x_wconf 88' lang='lat' dir='ltr'><strong>appella·</strong></span> <span class='ocrx_word' id='word_1_732' title='bbox 983 4761 1129 4817; x_wconf 86' lang='lat' dir='ltr'><strong>adhortans</strong></span> <span class='ocrx_word' id='word_1_733' title='bbox 1151 4767 1179 4814; x_wconf 92' lang='lat' dir='ltr'><strong>ut</strong></span> <span class='ocrx_word' id='word_1_734' title='bbox 1207 4758 1234 4814; x_wconf 94' lang='lat' dir='ltr'><strong>id</strong></span> <span class='ocrx_word' id='word_1_735' title='bbox 1269 4758 1427 4822; x_wconf 87' lang='lat' dir='ltr'><strong>laceremus,</strong></span> <span class='ocrx_word' id='word_1_736' title='bbox 1447 4754 1521 4826; x_wconf 89' lang='lat' dir='ltr'><strong>quod</strong></span> <span class='ocrx_word' id='word_1_737' title='bbox 1554 4760 1657 4833; x_wconf 78' lang='lat' dir='ltr'><strong>strenui</strong></span> <span class='ocrx_word' id='word_1_738' title='bbox 1673 4753 1782 4832; x_wconf 29' lang='lat' dir='ltr'><strong>&#39;agonis</strong></span> 
     </span>
     <span class='ocr_line' id='line_1_54' title="bbox 129 4826 1781 4903; baseline -0.001 -20"><span class='ocrx_word' id='word_1_739' title='bbox 129 4826 203 4883; x_wconf 86' lang='lat' dir='ltr'><strong>bant.</strong></span> <span class='ocrx_word' id='word_1_740' title='bbox 223 4829 262 4883; x_wconf 87' lang='lat' dir='ltr'><strong>La</strong></span> <span class='ocrx_word' id='word_1_741' title='bbox 278 4829 325 4885; x_wconf 86' lang='lat' dir='ltr'><strong>Pa.</strong></span> <span class='ocrx_word' id='word_1_742' title='bbox 982 4839 1040 4901; x_wconf 80' lang='lat' dir='ltr'><strong>stre,</strong></span> <span class='ocrx_word' id='word_1_743' title='bbox 1058 4830 1104 4903; x_wconf 92' lang='lat' dir='ltr'><strong>qui</strong></span> <span class='ocrx_word' id='word_1_744' title='bbox 1123 4831 1295 4901; x_wconf 85' lang='lat' dir='ltr'><strong>quantumvis</strong></span> <span class='ocrx_word' id='word_1_745' title='bbox 1314 4827 1428 4902; x_wconf 77' lang='lat' dir='ltr'><strong>fatigati,</strong></span> <span class='ocrx_word' id='word_1_746' title='bbox 1444 4826 1528 4882; x_wconf 81' lang='lat' dir='ltr'><strong>sortes</strong></span> <span class='ocrx_word' id='word_1_747' title='bbox 1544 4832 1571 4880; x_wconf 88' lang='lat' dir='ltr'><strong>et</strong></span> <span class='ocrx_word' id='word_1_748' title='bbox 1588 4831 1703 4881; x_wconf 84' lang='lat' dir='ltr'><strong>ruterrru</strong></span> <span class='ocrx_word' id='word_1_749' title='bbox 1717 4838 1781 4896; x_wconf 85' lang='lat' dir='ltr'><strong>par·</strong></span> 
     </span>
    </p>

    <p class='ocr_par' dir='ltr' id='par_1_9' title="bbox 126 4899 1793 5472">
     <span class='ocr_line' id='line_1_55' title="bbox 166 4899 1199 4979; baseline 0.003 -26"><span class='ocrx_word' id='word_1_750' title='bbox 166 4900 225 4979; x_wconf 84' lang='grc'>(89)</span> <span class='ocrx_word' id='word_1_751' title='bbox 242 4899 406 4970; x_wconf 78' lang='lat' dir='ltr'><strong>deprenderit</strong></span> <span class='ocrx_word' id='word_1_752' title='bbox 418 4914 525 4954; x_wconf 88' lang='lat' dir='ltr'><strong>arcana</strong></span> <span class='ocrx_word' id='word_1_753' title='bbox 534 4899 678 4958; x_wconf 77' lang='lat' dir='ltr'><strong>heretica.</strong></span> <span class='ocrx_word' id='word_1_754' title='bbox 692 4899 826 4970; x_wconf 86' lang='lat' dir='ltr'><strong>Quoniam</strong></span> <span class='ocrx_word' id='word_1_755' title='bbox 840 4902 928 4957; x_wconf 68' lang='lat' dir='ltr'><strong>haere·</strong></span> <span class='ocrx_word' id='word_1_756' title='bbox 980 4903 1118 4960; x_wconf 71' lang='lat' dir='ltr'><strong>suebant.</strong></span> <span class='ocrx_word' id='word_1_757' title='bbox 1135 4903 1199 4957; x_wconf 78' lang='lat' dir='ltr'><strong>Luc.</strong></span> 
     </span>
     <span class='ocr_line' id='line_1_56' title="bbox 129 4966 1793 5055; baseline 0.004 -32"><span class='ocrx_word' id='word_1_758' title='bbox 129 4967 289 5049; x_wconf 25' lang='lat' dir='ltr'><strong>tterumagis</strong></span> <span class='ocrx_word' id='word_1_759' title='bbox 316 4969 430 5025; x_wconf 87' lang='lat' dir='ltr'><strong>oderunt</strong></span> <span class='ocrx_word' id='word_1_760' title='bbox 459 4968 544 5025; x_wconf 91' lang='lat' dir='ltr'><strong>lucem</strong></span> <span class='ocrx_word' id='word_1_761' title='bbox 567 4987 648 5042; x_wconf 83' lang='lat' dir='ltr'><strong>qaam</strong></span> <span class='ocrx_word' id='word_1_762' title='bbox 675 4972 810 5055; x_wconf 68' lang='lat' dir='ltr'><strong>tenebras²</strong></span> <span class='ocrx_word' id='word_1_763' title='bbox 831 4989 928 5029; x_wconf 88' lang='lat' dir='ltr'><strong>arcana</strong></span> <span class='ocrx_word' id='word_1_764' title='bbox 1017 4974 1077 5044; x_wconf 86' lang='grc'>(99)</span> <span class='ocrx_word' id='word_1_765' title='bbox 1091 4975 1272 5030; x_wconf 77' lang='lat' dir='ltr'><strong>Animalinm</strong></span> <span class='ocrx_word' id='word_1_766' title='bbox 1293 4973 1443 5034; x_wconf 85' lang='lat' dir='ltr'><strong>uitiorum,</strong></span> <span class='ocrx_word' id='word_1_767' title='bbox 1460 4968 1576 5037; x_wconf 71' lang='grc' dir='ltr'>ψυχαῖσι.</span> <span class='ocrx_word' id='word_1_768' title='bbox 1591 4966 1673 5046; x_wconf 48' lang='grc'>1919),</span> <span class='ocrx_word' id='word_1_769' title='bbox 1790 5024 1793 5029; x_wconf 91' lang='lat'><strong>.</strong></span> 
     </span>
     <span class='ocr_line' id='line_1_57' title="bbox 128 5034 1779 5118; baseline -0.002 -22"><span class='ocrx_word' id='word_1_770' title='bbox 128 5040 270 5096; x_wconf 77' lang='lat' dir='ltr'><strong>uadrdone</strong></span> <span class='ocrx_word' id='word_1_771' title='bbox 282 5048 308 5095; x_wconf 91' lang='lat' dir='ltr'><strong>et</strong></span> <span class='ocrx_word' id='word_1_772' title='bbox 328 5041 469 5095; x_wconf 87' lang='lat' dir='ltr'><strong>tenebrosa</strong></span> <span class='ocrx_word' id='word_1_773' title='bbox 496 5052 616 5113; x_wconf 79' lang='lat' dir='ltr'><strong>utuntur,</strong></span> <span class='ocrx_word' id='word_1_774' title='bbox 635 5044 771 5110; x_wconf 82' lang='lat' dir='ltr'><strong>varitiae,</strong></span> <span class='ocrx_word' id='word_1_775' title='bbox 788 5061 811 5098; x_wconf 89' lang='lat' dir='ltr'><strong>sr</strong></span> <span class='ocrx_word' id='word_1_776' title='bbox 842 5046 927 5116; x_wconf 89' lang='lat' dir='ltr'><strong>turpi·</strong></span> <span class='ocrx_word' id='word_1_777' title='bbox 1016 5046 1072 5117; x_wconf 86' lang='grc'>(93)</span> <span class='ocrx_word' id='word_1_778' title='bbox 1090 5049 1121 5104; x_wconf 88' lang='lat' dir='ltr'><strong>llt</strong></span> <span class='ocrx_word' id='word_1_779' title='bbox 1137 5062 1202 5102; x_wconf 87' lang='lat' dir='ltr'><strong>eum</strong></span> <span class='ocrx_word' id='word_1_780' title='bbox 1219 5048 1316 5103; x_wconf 79' lang='lat' dir='ltr'><strong>exitus</strong></span> <span class='ocrx_word' id='word_1_781' title='bbox 1339 5044 1479 5115; x_wconf 79' lang='lat' dir='ltr'><strong>pendium,</strong></span> <span class='ocrx_word' id='word_1_782' title='bbox 1494 5047 1546 5096; x_wconf 89' lang='lat' dir='ltr'><strong>etc.</strong></span> <span class='ocrx_word' id='word_1_783' title='bbox 1562 5036 1690 5118; x_wconf 75' lang='lat' dir='ltr'><strong>lntelhqrt</strong></span> <span class='ocrx_word' id='word_1_784' title='bbox 1706 5034 1779 5091; x_wconf 83' lang='lat' dir='ltr'><strong>hand</strong></span> 
     </span>
     <span class='ocr_line' id='line_1_58' title="bbox 128 5109 1777 5189; baseline -0.003 -22"><span class='ocrx_word' id='word_1_785' title='bbox 128 5109 250 5168; x_wconf 88' lang='lat' dir='ltr'><strong>tudinem</strong></span> <span class='ocrx_word' id='word_1_786' title='bbox 275 5126 351 5166; x_wconf 86' lang='lat' dir='ltr'><strong>suern</strong></span> <span class='ocrx_word' id='word_1_787' title='bbox 374 5110 504 5177; x_wconf 86' lang='lat' dir='ltr'><strong>revolent,</strong></span> <span class='ocrx_word' id='word_1_788' title='bbox 526 5128 678 5170; x_wconf 85' lang='lat' dir='ltr'><strong>commenta</strong></span> <span class='ocrx_word' id='word_1_789' title='bbox 698 5130 748 5171; x_wconf 91' lang='lat' dir='ltr'><strong>sua</strong></span> <span class='ocrx_word' id='word_1_790' title='bbox 774 5119 872 5172; x_wconf 83' lang='lat' dir='ltr'><strong>abeant</strong></span> <span class='ocrx_word' id='word_1_791' title='bbox 898 5116 926 5170; x_wconf 88' lang='lat' dir='ltr'><strong>in</strong></span> <span class='ocrx_word' id='word_1_792' title='bbox 979 5116 1062 5171; x_wconf 88' lang='lat' dir='ltr'><strong>dubie</strong></span> <span class='ocrx_word' id='word_1_793' title='bbox 1084 5116 1190 5189; x_wconf 68' lang='lat' dir='ltr'><strong>issima,</strong></span> <span class='ocrx_word' id='word_1_794' title='bbox 1216 5118 1262 5171; x_wconf 88' lang='lat' dir='ltr'><strong>ubi</strong></span> <span class='ocrx_word' id='word_1_795' title='bbox 1286 5115 1373 5171; x_wconf 85' lang='lat' dir='ltr'><strong>exitus</strong></span> <span class='ocrx_word' id='word_1_796' title='bbox 1396 5115 1454 5170; x_wconf 88' lang='lat' dir='ltr'><strong>sire</strong></span> <span class='ocrx_word' id='word_1_797' title='bbox 1478 5111 1558 5167; x_wconf 83' lang='lat' dir='ltr'><strong>exitia</strong></span> <span class='ocrx_word' id='word_1_798' title='bbox 1584 5110 1777 5179; x_wconf 75' lang='lat' dir='ltr'><strong>praedicuntur,</strong></span> 
     </span>
     <span class='ocr_line' id='line_1_59' title="bbox 127 5178 1776 5261; baseline -0.004 -20"><span class='ocrx_word' id='word_1_799' title='bbox 127 5181 226 5241; x_wconf 84' lang='lat' dir='ltr'><strong>tumea.</strong></span> <span class='ocrx_word' id='word_1_800' title='bbox 243 5182 296 5251; x_wconf 85' lang='lat' dir='ltr'><strong>Qui</strong></span> <span class='ocrx_word' id='word_1_801' title='bbox 314 5198 379 5238; x_wconf 86' lang='lat' dir='ltr'><strong>vcro</strong></span> <span class='ocrx_word' id='word_1_802' title='bbox 398 5199 494 5238; x_wconf 87' lang='lat' dir='ltr'><strong>arcana</strong></span> <span class='ocrx_word' id='word_1_803' title='bbox 510 5184 554 5240; x_wconf 90' lang='lat' dir='ltr'><strong>illa</strong></span> <span class='ocrx_word' id='word_1_804' title='bbox 569 5188 653 5240; x_wconf 84' lang='lat' dir='ltr'><strong>semri</strong></span> <span class='ocrx_word' id='word_1_805' title='bbox 674 5187 812 5253; x_wconf 87' lang='lat' dir='ltr'><strong>detexerit,</strong></span> <span class='ocrx_word' id='word_1_806' title='bbox 835 5187 925 5243; x_wconf 85' lang='lat' dir='ltr'><strong>ricto·</strong></span> <span class='ocrx_word' id='word_1_807' title='bbox 979 5188 1053 5257; x_wconf 82' lang='lat' dir='ltr'><strong>Tyri,</strong></span> <span class='ocrx_word' id='word_1_808' title='bbox 1077 5203 1137 5259; x_wconf 87' lang='lat' dir='ltr'><strong>cap.</strong></span> <span class='ocrx_word' id='word_1_809' title='bbox 1162 5191 1207 5260; x_wconf 81' lang='grc'>93,</span> <span class='ocrx_word' id='word_1_810' title='bbox 1230 5195 1258 5242; x_wconf 91' lang='lat' dir='ltr'><strong>et</strong></span> <span class='ocrx_word' id='word_1_811' title='bbox 1280 5186 1397 5261; x_wconf 75' lang='lat' dir='ltr'><strong>AEqypti.</strong></span> <span class='ocrx_word' id='word_1_812' title='bbox 1418 5202 1479 5255; x_wconf 88' lang='lat' dir='ltr'><strong>cap.</strong></span> <span class='ocrx_word' id='word_1_813' title='bbox 1502 5187 1547 5248; x_wconf 81' lang='lat' dir='ltr'><strong>ae,</strong></span> <span class='ocrx_word' id='word_1_814' title='bbox 1569 5187 1596 5236; x_wconf 89' lang='lat' dir='ltr'><strong>ct</strong></span> <span class='ocrx_word' id='word_1_815' title='bbox 1618 5178 1776 5261; x_wconf 77' lang='lat' dir='ltr'><strong>Rabylonis,</strong></span> 
     </span>
     <span class='ocr_line' id='line_1_60' title="bbox 127 5250 1777 5332; baseline -0.003 -21"><span class='ocrx_word' id='word_1_816' title='bbox 127 5253 195 5311; x_wconf 81' lang='lat' dir='ltr'><strong>rtem</strong></span> <span class='ocrx_word' id='word_1_817' title='bbox 214 5255 337 5326; x_wconf 87' lang='lat' dir='ltr'><strong>adeptum</strong></span> <span class='ocrx_word' id='word_1_818' title='bbox 356 5255 534 5312; x_wconf 87' lang='lat' dir='ltr'><strong>secenlidat:</strong></span> <span class='ocrx_word' id='word_1_819' title='bbox 562 5259 678 5314; x_wconf 83' lang='lat' dir='ltr'><strong>lraereses</strong></span> <span class='ocrx_word' id='word_1_820' title='bbox 706 5261 777 5312; x_wconf 90' lang='lat' dir='ltr'><strong>enim</strong></span> <span class='ocrx_word' id='word_1_821' title='bbox 810 5259 926 5312; x_wconf 86' lang='lat' dir='ltr'><strong>demon·</strong></span> <span class='ocrx_word' id='word_1_822' title='bbox 977 5262 1140 5327; x_wconf 78' lang='lat' dir='ltr'><strong>crp.13,et</strong></span> <span class='ocrx_word' id='word_1_823' title='bbox 1165 5261 1479 5330; x_wconf 79' lang='lat' dir='ltr'><strong>ldrrmarre‚cap.hl,et</strong></span> <span class='ocrx_word' id='word_1_824' title='bbox 1504 5253 1611 5312; x_wconf 86' lang='lat' dir='ltr'><strong>narium</strong></span> <span class='ocrx_word' id='word_1_825' title='bbox 1633 5250 1777 5332; x_wconf 69' lang='lat' dir='ltr'><strong>Carthagi-</strong></span> 
     </span>
     <span class='ocr_line' id='line_1_61' title="bbox 127 5323 1777 5403; baseline -0.004 -20"><span class='ocrx_word' id='word_1_826' title='bbox 127 5334 227 5384; x_wconf 84' lang='lat' dir='ltr'><strong>atrasse</strong></span> <span class='ocrx_word' id='word_1_827' title='bbox 242 5328 339 5383; x_wconf 82' lang='lat' dir='ltr'><strong>vicisse</strong></span> <span class='ocrx_word' id='word_1_828' title='bbox 354 5334 404 5381; x_wconf 87' lang='lat' dir='ltr'><strong>est.</strong></span> <span class='ocrx_word' id='word_1_829' title='bbox 421 5330 452 5382; x_wconf 95' lang='lat' dir='ltr'><strong>ld</strong></span> <span class='ocrx_word' id='word_1_830' title='bbox 466 5329 647 5384; x_wconf 87' lang='lat' dir='ltr'><strong>Tertullianus</strong></span> <span class='ocrx_word' id='word_1_831' title='bbox 667 5331 746 5384; x_wconf 89' lang='lat' dir='ltr'><strong>docet</strong></span> <span class='ocrx_word' id='word_1_832' title='bbox 761 5344 820 5400; x_wconf 90' lang='lat' dir='ltr'><strong>cap.</strong></span> <span class='ocrx_word' id='word_1_833' title='bbox 836 5332 863 5395; x_wconf 87' lang='grc'><strong>3,</strong></span> <span class='ocrx_word' id='word_1_834' title='bbox 876 5329 924 5384; x_wconf 89' lang='lat' dir='ltr'><strong>lih.</strong></span> <span class='ocrx_word' id='word_1_835' title='bbox 979 5330 1124 5398; x_wconf 87' lang='lat' dir='ltr'><strong>niensium,</strong></span> <span class='ocrx_word' id='word_1_836' title='bbox 1141 5334 1212 5401; x_wconf 88' lang='lat' dir='ltr'><strong>quod</strong></span> <span class='ocrx_word' id='word_1_837' title='bbox 1237 5331 1298 5402; x_wconf 72' lang='lat' dir='ltr'><strong>lego</strong></span> <span class='ocrx_word' id='word_1_838' title='bbox 1321 5347 1353 5384; x_wconf 88' lang='lat' dir='ltr'><strong>err</strong></span> <span class='ocrx_word' id='word_1_839' title='bbox 1379 5331 1458 5399; x_wconf 63' lang='grc' dir='ltr'>ιιι).</span> <span class='ocrx_word' id='word_1_840' title='bbox 1477 5326 1539 5383; x_wconf 89' lang='lat' dir='ltr'><strong>cad.</strong></span> <span class='ocrx_word' id='word_1_841' title='bbox 1560 5339 1609 5395; x_wconf 89' lang='lat' dir='ltr'><strong>pro</strong></span> <span class='ocrx_word' id='word_1_842' title='bbox 1628 5323 1777 5403; x_wconf 65' lang='lat' dir='ltr'><strong>(Jerthagr-</strong></span> 
     </span>
     <span class='ocr_line' id='line_1_62' title="bbox 126 5395 1777 5472; baseline -0.006 -15"><span class='ocrx_word' id='word_1_843' title='bbox 126 5399 190 5457; x_wconf 82' lang='lat' dir='ltr'><strong>odr.</strong></span> <span class='ocrx_word' id='word_1_844' title='bbox 210 5400 435 5458; x_wconf 86' lang='lat' dir='ltr'><strong>Valentinianae.</strong></span> <span class='ocrx_word' id='word_1_845' title='bbox 452 5400 491 5454; x_wconf 84' lang='lat' dir='ltr'><strong>La</strong></span> <span class='ocrx_word' id='word_1_846' title='bbox 506 5401 555 5456; x_wconf 84' lang='lat' dir='ltr'><strong>l‘n.</strong></span> <span class='ocrx_word' id='word_1_847' title='bbox 977 5403 1111 5468; x_wconf 84' lang='lat' dir='ltr'><strong>nausiam,</strong></span> <span class='ocrx_word' id='word_1_848' title='bbox 1127 5402 1201 5458; x_wconf 92' lang='lat' dir='ltr'><strong>dicto</strong></span> <span class='ocrx_word' id='word_1_849' title='bbox 1215 5418 1274 5472; x_wconf 88' lang='lat' dir='ltr'><strong>cap.</strong></span> <span class='ocrx_word' id='word_1_850' title='bbox 1291 5404 1335 5468; x_wconf 81' lang='lat'><strong>23,</strong></span> <span class='ocrx_word' id='word_1_851' title='bbox 1352 5401 1398 5456; x_wconf 89' lang='lat' dir='ltr'><strong>ubi</strong></span> <span class='ocrx_word' id='word_1_852' title='bbox 1410 5401 1487 5469; x_wconf 84' lang='lat' dir='ltr'><strong>juxte</strong></span> <span class='ocrx_word' id='word_1_853' title='bbox 1501 5397 1579 5452; x_wconf 79' lang='lat' dir='ltr'><strong>Lxx</strong></span> <span class='ocrx_word' id='word_1_854' title='bbox 1592 5395 1690 5465; x_wconf 67' lang='lat' dir='ltr'><strong>ugrum</strong></span> <span class='ocrx_word' id='word_1_855' title='bbox 1703 5396 1777 5449; x_wconf 76' lang='grc' dir='ltr'>ιιιιῖι</span> 
     </span>
    </p>

    <p class='ocr_par' dir='ltr' id='par_1_10' title="bbox 125 5465 1775 5690">
     <span class='ocr_line' id='line_1_63' title="bbox 163 5465 1775 5598; baseline -0.004 -68"><span class='ocrx_word' id='word_1_856' title='bbox 163 5471 223 5544; x_wconf 87' lang='grc'>(99)</span> <span class='ocrx_word' id='word_1_857' title='bbox 238 5472 317 5547; x_wconf 78' lang='lat' dir='ltr'><strong>Apud</strong></span> <span class='ocrx_word' id='word_1_858' title='bbox 332 5474 494 5551; x_wconf 74' lang='lat' dir='ltr'><strong>tenemium.</strong></span> <span class='ocrx_word' id='word_1_859' title='bbox 516 5469 575 5551; x_wconf 79' lang='lat' dir='ltr'><strong>lllie</strong></span> <span class='ocrx_word' id='word_1_860' title='bbox 597 5466 717 5551; x_wconf 79' lang='lat' dir='ltr'><strong>prolecto</strong></span> <span class='ocrx_word' id='word_1_861' title='bbox 731 5469 925 5598; x_wconf 71' lang='lat' dir='ltr'><strong>ieremiasdpo·</strong></span> <span class='ocrx_word' id='word_1_862' title='bbox 977 5469 1146 5547; x_wconf 71' lang='grc' dir='ltr'>Καρχηδόνος,</span> <span class='ocrx_word' id='word_1_863' title='bbox 1166 5474 1193 5528; x_wconf 92' lang='lat' dir='ltr'><strong>id</strong></span> <span class='ocrx_word' id='word_1_864' title='bbox 1211 5483 1261 5542; x_wconf 85' lang='lat' dir='ltr'><strong>est,</strong></span> <span class='ocrx_word' id='word_1_865' title='bbox 1277 5487 1362 5529; x_wconf 85' lang='lat' dir='ltr'><strong>naver</strong></span> <span class='ocrx_word' id='word_1_866' title='bbox 1384 5468 1574 5543; x_wconf 80' lang='lat' dir='ltr'><strong>cortbopt&#39;nt&#39;s,</strong></span> <span class='ocrx_word' id='word_1_867' title='bbox 1589 5479 1685 5548; x_wconf 72' lang='lat' dir='ltr'><strong>praee</strong></span> <span class='ocrx_word' id='word_1_868' title='bbox 1700 5465 1775 5537; x_wconf 88' lang='lat' dir='ltr'><strong>qued</strong></span> 
     </span>
     <span class='ocr_line' id='line_1_64' title="bbox 128 5537 1773 5616; baseline -0.005 -15"><span class='ocrx_word' id='word_1_869' title='bbox 128 5542 202 5601; x_wconf 81' lang='lat' dir='ltr'><strong>uitur</strong></span> <span class='ocrx_word' id='word_1_870' title='bbox 227 5558 276 5614; x_wconf 92' lang='lat' dir='ltr'><strong>pre</strong></span> <span class='ocrx_word' id='word_1_871' title='bbox 303 5543 447 5608; x_wconf 83' lang='lat' dir='ltr'><strong>Zacharia;</strong></span> <span class='ocrx_word' id='word_1_872' title='bbox 476 5556 505 5594; x_wconf 82' lang='lat' dir='ltr'><strong>tn</strong></span> <span class='ocrx_word' id='word_1_873' title='bbox 535 5539 655 5596; x_wconf 89' lang='lat' dir='ltr'><strong>lrsenrm</strong></span> <span class='ocrx_word' id='word_1_874' title='bbox 683 5556 744 5611; x_wconf 83' lang='lat' dir='ltr'><strong>quse</strong></span> <span class='ocrx_word' id='word_1_875' title='bbox 772 5556 858 5608; x_wconf 77' lang='lat' dir='ltr'><strong>praee</strong></span> <span class='ocrx_word' id='word_1_876' title='bbox 878 5549 925 5597; x_wconf 90' lang='lat' dir='ltr'><strong>unt</strong></span> <span class='ocrx_word' id='word_1_877' title='bbox 977 5551 1049 5616; x_wconf 82' lang='lat' dir='ltr'><strong>apud</strong></span> <span class='ocrx_word' id='word_1_878' title='bbox 1075 5545 1156 5602; x_wconf 87' lang='lat' dir='ltr'><strong>llehr.</strong></span> <span class='ocrx_word' id='word_1_879' title='bbox 1175 5562 1259 5603; x_wconf 87' lang='lat' dir='ltr'><strong>naves</strong></span> <span class='ocrx_word' id='word_1_880' title='bbox 1279 5543 1400 5611; x_wconf 85' lang='lat' dir='ltr'><strong>Tharais,</strong></span> <span class='ocrx_word' id='word_1_881' title='bbox 1416 5542 1444 5600; x_wconf 93' lang='lat' dir='ltr'><strong>id</strong></span> <span class='ocrx_word' id='word_1_882' title='bbox 1467 5551 1508 5599; x_wconf 85' lang='lat' dir='ltr'><strong>ast</strong></span> <span class='ocrx_word' id='word_1_883' title='bbox 1533 5544 1715 5608; x_wconf 69' lang='lat' dir='ltr'><strong>mariarum</strong></span> <span class='ocrx_word' id='word_1_884' title='bbox 1740 5537 1773 5594; x_wconf 74' lang='lat' dir='ltr'><strong>B.</strong></span> 
     </span>
     <span class='ocr_line' id='line_1_65' title="bbox 125 5608 1773 5690; baseline -0.004 -19"><span class='ocrx_word' id='word_1_885' title='bbox 125 5612 202 5671; x_wconf 80' lang='lat' dir='ltr'><strong>nulla</strong></span> <span class='ocrx_word' id='word_1_886' title='bbox 223 5613 308 5670; x_wconf 83' lang='lat' dir='ltr'><strong>uerba</strong></span> <span class='ocrx_word' id='word_1_887' title='bbox 335 5614 452 5671; x_wconf 77' lang='lat' dir='ltr'><strong>ciuntur</strong></span> <span class='ocrx_word' id='word_1_888' title='bbox 471 5610 605 5684; x_wconf 69' lang='lat' dir='ltr'><strong>ieremias,</strong></span> <span class='ocrx_word' id='word_1_889' title='bbox 628 5611 676 5668; x_wconf 85' lang='lat' dir='ltr'><strong>sad</strong></span> <span class='ocrx_word' id='word_1_890' title='bbox 700 5612 800 5670; x_wconf 79' lang='lat' dir='ltr'><strong>mando</strong></span> <span class='ocrx_word' id='word_1_891' title='bbox 822 5611 852 5671; x_wconf 87' lang='lat' dir='ltr'><strong>fit</strong></span> <span class='ocrx_word' id='word_1_892' title='bbox 873 5614 922 5671; x_wconf 90' lang='lat' dir='ltr'><strong>tri·</strong></span> <span class='ocrx_word' id='word_1_893' title='bbox 976 5616 1170 5690; x_wconf 83' lang='lat' dir='ltr'><strong>llierouymum</strong></span> <span class='ocrx_word' id='word_1_894' title='bbox 1185 5634 1193 5673; x_wconf 84' lang='lat' dir='ltr'><strong>r</strong></span> <span class='ocrx_word' id='word_1_895' title='bbox 1208 5633 1287 5688; x_wconf 88' lang='lat' dir='ltr'><strong>quam</strong></span> <span class='ocrx_word' id='word_1_896' title='bbox 1301 5631 1396 5673; x_wconf 83' lang='lat' dir='ltr'><strong>rocem</strong></span> <span class='ocrx_word' id='word_1_897' title='bbox 1413 5614 1495 5671; x_wconf 85' lang='lat' dir='ltr'><strong>etiarn</strong></span> <span class='ocrx_word' id='word_1_898' title='bbox 1512 5611 1601 5669; x_wconf 90' lang='lat' dir='ltr'><strong>solent</strong></span> <span class='ocrx_word' id='word_1_899' title='bbox 1612 5623 1694 5666; x_wconf 87' lang='lat' dir='ltr'><strong>more</strong></span> <span class='ocrx_word' id='word_1_900' title='bbox 1708 5608 1773 5665; x_wconf 89' lang='lat' dir='ltr'><strong>rad·</strong></span> 
     </span>
    </p>
   </div>
   <div class='ocr_carea' id='block_1_6' title="bbox 0 0 1924 6134">
    <p class='ocr_par' dir='ltr' id='par_1_11' title="bbox 0 0 1924 6134">
     <span class='ocr_line' id='line_1_66' title="bbox 0 0 1924 6134; baseline 0 5"><span class='ocrx_word' id='word_1_901' title='bbox 0 0 1924 6134; x_wconf 95' lang='lat' dir='ltr'><strong> </strong></span> 
     </span>
    </p>
   </div>
  </div>
 </body>
</html>
