3840 6134
112 352 116 363 Ι
175 258 228 326 ase
522 258 744 330 assumtum
762 264 895 332 orsum
914 264 997 336 arus
1015 271 1052 337 u.
1074 301 1107 318 -
1127 220 1241 334 saurus
1259 264 1283 341 1,
1301 244 1482 329 renuatur.
1767 250 1821 323 est

173 393 304 468 dispereo
313 404 357 450 eos
366 389 399 449 ie
412 390 523 451 uirtute
535 393 597 452 lue.
607 393 658 467 Qui
669 401 696 452 et
706 411 800 452 rursus
814 411 863 471 per
875 396 970 455 Iratam
984 414 1008 497 fl
1302 391 1417 452 CAPUT
1434 388 1536 451 xxti.

173 481 212 547 (u,
241 478 298 551 tt),
317 480 346 536 lu
372 479 541 538 exustionem
568 498 663 540 eorum
690 499 819 556 perorans
847 502 853 539 ε
880 488 970 562 Prop-
1059 490 1127 558 imo,
1143 487 1242 562 inquis,
1258 499 1339 559 spero
1353 482 1449 541 ehilfo
1462 481 1535 557 qued
1548 489 1574 538 et
1587 477 1675 554 ipson
1690 473 1773 535 feeiat
1786 472 1823 533 ed

175 573 217 626 ter
231 586 286 635 me,
302 569 399 642 iuquit,
415 570 474 628 hoee
487 573 567 643 facto
581 579 649 631 ruat
662 575 735 632 uobis
749 594 760 643 ‚·
778 576 810 631 iu
824 576 972 637 anxietate
1023 579 1206 639 testimouium
1221 574 1385 634 diversitatis
1398 588 1515 648 regnum
1527 570 1577 629 Dei
1599 576 1708 628 aeteme
1721 574 1748 625 et
1761 582 1822 625 ese·

173 658 330 715 dormietis.
347 659 418 716 Setis
431 674 509 727 rene,
525 661 547 715 si
562 661 619 717 baeo
633 678 687 718 non
701 671 810 735 propter
824 680 884 721 eum
899 668 971 738 pessi
1023 671 1099 727 lestis
1115 666 1304 742 possessionis.
1325 666 1469 729 Gastemm,
1493 669 1584 719 vester
1604 658 1728 716 Christus
1748 654 1821 729 pris-

173 755 248 813 sunt,
271 749 318 819 qui
346 758 456 820 propter
491 765 521 807 se
544 767 673 823 passuros
701 754 896 824 pronuntiarat,
921 756 970 813 sed
1025 759 1110 815 tinum
1123 766 1224 815 statum
1235 753 1333 812 iudeis
1346 753 1499 827 pollicetar,
1523 766 1556 807 es
1569 747 1741 805 restitutione
1758 754 1820 801 ter·

174 846 284 909 propter
306 838 441 894 Christum
469 839 518 895 Dei
544 840 665 896 ulterius.
694 843 793 913 Atquin
821 844 968 920 Christum,
1024 864 1070 914 rar,
1093 855 1120 902 et
1143 853 1204 918 post
1229 845 1374 900 decursum
1397 841 1470 906 uitus,
1489 838 1560 911 apud
1584 836 1686 893 inferos
1715 831 1822 891 insius
1837 844 1854 871 ⁹

173 925 294 1000 inquam,
317 927 436 983 alterius
454 928 503 983 Det
526 927 602 998 dicit,
613 924 637 984 'a
649 929 800 988 ’Creetmis
824 933 970 989 uirtutibus
1021 936 1139 1013 diprshoe
1153 932 1335 1007 refrigerium.
1350 932 1438 987 Deum
1453 927 1601 1001 optimum!
1618 926 1642 981 si
1656 921 1747 983 reddit
1760 922 1822 994 pla-

174 1024 201 1071 ut
220 1016 406 1086 potestatibus,
421 1024 451 1071 ot
466 1018 500 1073 eh
514 1016 622 1074 emulis
636 1018 663 1074 iu
677 1034 785 1078 ommia
799 1027 900 1078 ectum.
915 1020 971 1078 Sed
1023 1032 1112 1092 estus,
1128 1024 1202 1098 quod
1213 1030 1240 1079 et
1254 1020 1401 1079 abstulerat
1413 1019 1508 1075 iratus.
1528 1017 1552 1074 0
1577 1016 1666 1072 Deum
1681 1023 1759 1071 tuum
1775 1011 1823 1084 qui

173 1112 238 1163 ⁶⁰⁶⁸
250 1104 379 1163 d⁶f⁰¹¹⁸¹¹⁸
392 1106 574 1163 “militm
599 1105 728 1167 &0¹¹wa
745 1110 811 1181 (1⁸⁰-
832 1124 892 1176 tm,
917 1108 968 1182 9):
1022 1124 1049 1173 et
1063 1113 1142 1173 credit
1156 1122 1183 1170 et
1200 1119 1288 1177 most,
1312 1108 1406 1167 condit
1425 1107 1496 1164 mela
1519 1116 1547 1164 et
1567 1104 1643 1162 feeit·
1654 1098 1769 1187 paeanii
1798 1098 1824 1157 0

175 1192 281 1250 dtdsti
294 1199 362 1252 suut
373 1197 489 1269 pessimi
500 1197 973 1271 prorepultarujats3quisoilieet
1022 1203 1109 1259 Deum
1124 1200 1251 1259 etiamad
1275 1198 1375 1256 inferos
1396 1210 1485 1269 usque
1512 1190 1736 1251 misericordem!
1766 1188 1824 1247 Sed

174 1281 331 1352 subreptum
349 1297 410 1339 eum
431 1292 652 1341 emereretorant
666 1302 674 1343 :
690 1286 727 1342 et
751 1286 902 1361 locupletes
919 1303 971 1363 pro
1023 1293 1059 1349 de
1070 1292 1132 1349 sinu
1147 1289 1262 1349 Abrahoe
1278 1287 1336 1360 (58)
1358 1302 1407 1343 suo
1421 1295 1555 1358 tempore.
1581 1283 1623 1339 De
1650 1280 1825 1349 resitutione

173 1374 264 1428 uuorte
276 1374 354 1442 muer
368 1371 419 1442 qui
433 1371 537 1429 scilieet
561 1382 589 1430 et
609 1390 625 1429 a
647 1374 716 1429 lude
736 1374 909 1432 traditionem
923 1392 971 1432 re·
1024 1394 1087 1436 vero
1099 1380 1209 1445 ludseoe,
1229 1393 1312 1452 quem
1324 1384 1352 1433 st
1364 1374 1416 1446 ipsi
1430 1372 1527 1439 iudei,
1542 1372 1580 1428 its
1606 1378 1636 1428 ut
1649 1369 1823 1435 doeeribitur,

172 1457 324 1527 demetant,
337 1467 364 1513 et
385 1474 400 1513 a
420 1460 558 1518 militibus
578 1460 676 1518 falsum
691 1463 876 1519 testimouium
891 1464 972 1520 cada·
1022 1478 1143 1541 sperent,
1160 1468 1281 1524 locorum
1299 1471 1327 1521 et
1345 1464 1489 1536 regionum
1516 1460 1676 1518 nominibus
1702 1458 1822 1525 inducti,

173 1546 246 1601 veris
259 1547 391 1619 subrepti.
416 1548 511 1621 Igitur,
534 1560 581 1607 aut
604 1566 658 1607 nou
682 1560 793 1623 propter
807 1552 881 1608 iilum
895 1553 969 1609 soei·
1022 1556 1158 1630 quomodo
1179 1553 1329 1631 allegorice
1342 1551 1529 1624 interpretatio
1548 1550 1576 1606 io
1598 1549 1733 1606 Christum
1746 1557 1776 1605 et
1793 1546 1823 1604 in

174 1634 273 1692 derunt
294 1637 345 1692 ista
368 1638 492 1710 luderis3
511 1639 559 1695 sed
579 1639 726 1696 retinueris
753 1641 924 1712 conspirante
942 1641 968 1682 ⁶⁶
1021 1636 1180 1710 Ecclesiam,
1196 1651 1224 1700 et
1241 1643 1364 1698 habitum
1386 1648 1413 1697 et
1431 1641 1550 1698 fructum
1575 1640 1637 1711 eius
1661 1637 1824 1710 spiritaliter

174 1739 256 1780 sensu
284 1723 484 1797 Scripturamm
511 1741 574 1783 eum
605 1729 679 1784 exitu
708 1742 798 1783 rerum
825 1738 852 1784 et
866 1714 968 1785 *ordine
984 1706 1007 1787 Β
1022 1742 1169 1807 competet,
1186 1741 1214 1790 et
1225 1732 1339 1806 iugum
1355 1737 1396 1788 est
1417 1728 1554 1802 persequi,
1568 1736 1595 1787 et
1613 1727 1640 1783 io
1655 1726 1710 1785 elio
1738 1740 1825 1797 opere

173 1819 344 1882 lfmdllfflmi
359 1813 442 1870 81Μί
457 1824 566 1886 implet
579 1814 656 1886 iilum
670 1814 837 1887 ecciderunt,
854 1832 909 1873 uon
923 1831 974 1890 po-
1026 1823 1171 1898 digestum,
1186 1818 1259 1893 quod
1273 1818 1454 1884 inscribimus,
1477 1822 1513 1876 lle
1527 1833 1575 1891 spe
1596 1816 1725 1888 fidelium
1744 1813 1823 1888 (5⁹13

187 1900 227 1956 uit
250 1901 361 1958 Creator
384 1901 489 1968 ulcisci.
505 1902 557 1958 niti
581 1920 659 1960 tuum
682 1905 828 1973 Christum,
844 1922 972 1963 remuoe·
1026 1920 1053 1969 et
1066 1912 1093 1966 iu
1108 1909 1237 1983 praesenti
1250 1909 1291 1967 uel
1307 1923 1340 1965 eo
1356 1907 1483 1975 otiosum,
1503 1907 1570 1978 quie
1587 1920 1641 1962 uon
1655 1905 1689 1960 de
1705 1914 1825 1973 terrem,

175 1999 283 2045 mullus
297 1989 389 2062 Ρθῑίῑῐὸ
409 1990 517 2057 Mittit,
546 1992 570 2048 ai
584 1993 768 2051 aduersarium
797 1996 903 2052 Domini
930 1995 973 2051 sui
995 2044 1000 2055 .
1025 2000 1073 2057 sed
1087 2001 1121 2057 de
1136 1998 1243 2057 uestem
1253 1996 1431 2069 promissione
1446 1996 1481 2051 sit
1503 1994 1825 2068 questioiiemeteon·

174 2080 362 2151 peremissent.
378 2080 456 2137 Certe
469 2082 495 2137 si
513 2081 634 2139 nondum
654 2084 730 2139 veuit
751 2083 876 2142 Christos
890 2084 972 2140 Crea-
1027 2087 1172 2145 fitemuriu
1186 2096 1258 2145 terra
1268 2085 1347 2143 nobis
1357 2100 1473 2157 regouun
1483 2082 1689 2155 repromissum,
1701 2079 1751 2137 sed
1761 2086 1827 2135 ente

176 2168 252 2233 loris,
268 2177 382 2240 protelet·
397 2185 480 2240 qtlem
494 2171 552 2226 beet
573 2171 679 2242 passuri
703 2173 973 2244 pracanensium
1027 2179 1136 2243 eretum,
1151 2176 1200 2233 sed
1213 2175 1269 2232 alio
1282 2183 1354 2230 stetu
1364 2191 1372 2241 ;
1383 2179 1475 2243 utpote
1487 2180 1546 2242 post
1554 2169 1784 2227 resurrectionem
1796 2166 1826 2223 in

121 2254 124 2258 ’
174 2257 370 2330 saneritergo‚
386 2258 533 2329 patientur.
548 2258 641 2315 Etubi
664 2258 795 2315 tunelifia
815 2261 879 2317 Sion
896 2262 975 2317 dero·
1026 2266 1101 2322 mille
1116 2280 1211 2331 annos,
1225 2263 1372 2320 incivitate
1386 2260 1470 2317 divini
1486 2258 1737 2334 operisleruselem
1752 2257 1826 2314 eote

177 2344 331 2415 linquenda,
347 2360 409 2416 quae
423 2346 495 2402 nulla
513 2347 595 2403 bodie
609 2349 677 2404 estf
702 2348 748 2403 ubi
770 2348 895 2406 civitates
907 2365 974 2405 esu·
1027 2355 1115 2411 delata
1138 2356 1206 2426 (dlii,
1226 2367 1308 2421 quam
1336 2359 1362 2407 et
1387 2350 1533 2421 Apostolus
1559 2360 1675 2406 matrem
1700 2355 1825 2403 nostrum

80 2449 85 2457 ’
177 2435 279 2506 rendae,
297 2450 360 2506 quse
379 2436 434 2504 jaru
454 2437 482 2491 in
502 2434 636 2491 tumulis‘l
661 2436 708 2493 ubi
731 2437 865 2509 dispersio
887 2436 974 2496 355
1028 2459 1135 2499 sursum
1150 2442 1284 2514 designet,
1300 2448 1329 2497 et
1344 2440 1494 2513 politeuma
1509 2448 1642 2504 nostrum,
1656 2436 1686 2492 id
1700 2446 1753 2501 est,
1768 2452 1827 2492 mu·

176 2525 277 2593 gentis,
300 2538 364 2595 quae
383 2524 442 2594 jem
463 2524 602 2581 extorris?
619 2524 713 2581 hedde
738 2531 840 2582 statum
860 2526 972 2596 ludaeos,
1028 2530 1174 2601 nieipetum
1193 2531 1220 2585 io
1243 2529 1320 2586 coelis
1338 2544 1398 2585 esse
1416 2527 1603 2607 prqnontiaas,
1620 2525 1701 2583 elicui
1727 2525 1824 2596 utique

176 2626 258 2680 uuum
286 2611 410 2669 Christus
433 2612 570 2669 Crantoris
593 2611 722 2681 iuveniat,
742 2622 770 2671 et
795 2615 879 2672 elium
906 2632 973 2673 eon·
1028 2619 1130 2676 coelssti
1145 2618 1247 2676 civitati
1260 2616 1451 2688 sumdspuurt.
1462 2616 1586 2675 namet
1599 2613 1687 2673 ΒΜ
1700 2612 1827 2670 Raetiis!

177 2698 255 2756 tende
276 2701 392 2758 uenisse.
420 2703 478 2757 lam
506 2717 569 2759 sero
584 2703 663 2773 quefe
691 2710 743 2770 est,
758 2712 788 2760 ut
811 2715 861 2776 per·
875 2706 973 2761 eoelum
1027 2710 1102 2765 nouit
1117 2707 1227 2779 (desole
1253 2707 1366 2778 xnuru),
1390 2713 1418 2762 et
1451 2704 1590 2778 spostolus
1611 2704 1729 2760 loannes
1756 2701 1826 2757 sidit

150 2787 157 2875 '-
176 2782 255 2845 suum
270 2790 420 2857 admiserit,
440 2807 521 2862 quem
540 2791 568 2845 in
585 2800 654 2847 terre
675 2807 725 2848 soa
743 2801 815 2849 esset
828 2793 973 2864 iuteremp·
1027 2797 1124 2870 [Aper.
1139 2799 1199 2866 xrs),
1219 2796 1312 2869 etqui
1332 2793 1404 2866 apud
1422 2794 1504 2850 fidem
1518 2801 1639 2850 nostram
1665 2800 1716 2857 est,
1747 2804 1826 2848 nosse

176 2882 265 2957 torus,
281 2876 439 2935 borrestioro
464 2887 493 2934 et
514 2878 675 2953 gloriosiore
700 2882 777 2953 regui
797 2882 840 2938 sui
861 2883 972 2955 regione
1028 2885 1176 2958 prophetiae
1187 2898 1277 2940 sermo
1303 2890 1425 2949 testetur,
1450 2891 1478 2938 ut
1501 2882 1583 2938 etism
1599 2879 1715 2952 effigiem
1731 2879 1828 2936 eisita-

176 2964 285 3035 νὶοΙΙῆ,
299 2964 359 3038 ipsa
376 2966 437 3022 nula
451 2984 500 3023 sua
514 2978 540 3025 et
554 2983 617 3024 erce
630 2970 730 3025 edicula
740 2972 755 3025 ⁴?
766 2970 809 3025 An
824 2972 873 3027 boc
889 2972 975 3039 magis
989 2989 1012 3069 c
1025 2976 1063 3031 tis
1077 2982 1140 3031 ante
1153 2971 1422 3045 repraesentationem
1443 2973 1503 3042 ejus
1526 2977 1676 3043 conspectu
1703 2966 1825 3025 futuram

175 3052 334 3113 affectavit?
349 3056 430 3111 Plsoe
445 3056 518 3113 Deos
532 3057 557 3097 ⁶²
574 3055 683 3124 zelotes,
708 3066 796 3114 tamen
812 3058 884 3116 sicit.
899 3060 972 3115 Eru-
1027 3064 1054 3121 in
1082 3064 1192 3137 signum
1219 3061 1418 3135 praedicaverit.
1448 3059 1570 3131 Denique
1591 3057 1713 3129 proxime
1727 3058 1755 3095 ⁶⁸
1779 3048 1827 3111 εἰ·

176 3142 267 3210 belm·
280 3142 407 3219 ftlfiflfld
420 3144 479 3201 ⁰0⁰
493 3144 592 3201 mdis·
609 3142 679 3213 Quid
693 3147 815 3216 ὅνθηῦῑῦ
830 3148 864 3203 fb
878 3164 911 3205 00
923 3148 971 3221 (idi
1023 3163 1156 3227 punctum
1166 3150 1338 3208 estorianteli
1347 3147 1519 3220 expeditione
1529 3147 1597 3218 (dt).
1615 3146 1729 3202 Constm
1740 3145 1824 3203 enim.

176 3247 205 3287 se
220 3238 365 3309 promia
377 3248 432 3291 uon
453 3234 555 3291 saluit?
569 3234 624 3293 hot
643 3237 717 3295 euim
731 3253 777 3307 per
789 3237 971 3296 infirmitatem
1024 3232 1140 3301 dllinieis
1153 3255 1259 3312 quoque
1278 3240 1393 3295 testibus
1406 3236 1475 3309 (eut,
1493 3236 1520 3292 in
1531 3234 1628 3292 ludoea
1637 3250 1686 3305 per
1695 3233 1827 3304 diesqua·

179 3336 328 3394 oppressu!
349 3332 422 3380 este
439 3323 584 3384 virtutibus
601 3332 629 3382 et
647 3324 801 3383 homibus
825 3325 971 3396 Creatoris,
1026 3330 1152 3403 draginta
1166 3327 1306 3384 matutinis
1319 3327 1462 3384 momentis
1483 3325 1618 3382 civitatem
1642 3324 1677 3380 de
1692 3324 1765 3380 coelo
1779 3337 1829 3393 pe·

176 3419 221 3465 eut
235 3427 284 3482 per
306 3411 525 3484 malitiositatem,
539 3418 572 3470 al
596 3421 701 3471 tanturn
720 3412 774 3471 iilis
795 3414 906 3471 sceleris
920 3431 972 3487 pe·
1026 3419 1163 3489 pendisse,
1185 3415 1259 3471 ouini
1282 3416 1448 3472 moeniorum
1465 3413 1560 3470 habitu
1585 3421 1768 3471 evanescente
1793 3410 1829 3467 de

177 3500 269 3557 ticotie
281 3501 415 3575 infigeret.
1026 3505 1151 3578 profectu
1165 3503 1231 3570 diei,
1246 3511 1274 3560 et
1287 3503 1356 3560 elias
1375 3505 1410 3560 de
1426 3503 1550 3576 proximo
1562 3501 1672 3560 nulfum.
1693 3500 1771 3557 Hane
1783 3499 1829 3557 di-

118 3598 158 3678 ff
754 3624 757 3628 ’
855 3630 948 3694 Varia
963 3633 1118 3695 lectiones.

211 3757 236 3796 ⁶⁶
250 3758 283 3813 Et
299 3758 364 3815 odd.
376 3760 460 3817 Semi.
480 3760 503 3799 ⁶³
519 3761 594 3817 Deos
606 3761 702 3818 omitt.
718 3761 804 3820 seut.
820 3762 846 3803 ⁶⁸
861 3762 990 3819 Proxime
1013 3762 1094 3835 rejie.
1111 3760 1199 3819 utra.
1219 3760 1304 3818 Serui.
1327 3759 1439 3819 Oderth.

862 3886 1112 3950 Commentarius.

213 3990 271 4063 (58)
296 3990 349 4051 Sed
362 3991 396 4050 de
408 3992 477 4049 siau
492 3990 619 4048 diruite.
636 3990 787 4051 hliudit·ad
802 3993 850 4049 lib.
870 3992 903 4049 de
917 3996 974 4051 Pe·
1029 3992 1184 4049 Victorinus
1206 3990 1393 4058 Pictaviensis,
1416 3999 1444 4047 et
1459 3989 1620 4055 Lactantius,
1636 3996 1664 4046 et
1686 3987 1745 4047 r’ii.
1760 3987 1830 4070 flie-

179 4063 342 4143 redimam
357 4063 447 4133 potius
461 4063 493 4139 ad
508 4062 557 4116 lib.
573 4078 612 4134 iv,
627 4063 689 4145 ude.
706 4066 791 4148 llere
805 4081 865 4135 cap.
882 4067 913 4134 d,
929 4063 973 4120 ubi
1029 4078 1160 4146 rooymus
1173 4063 1201 4119 in
1221 4063 1320 4145 illaad
1344 4063 1439 4145 fesium
1458 4061 1629 4144 Praefatione,
1644 4070 1829 4185 compressium

176 4134 593 4278 titit'lhhlhtdhtl
608 4136 976 4275 lfttlirltsifhihih
1028 4134 1231 4271 liutadi,
1246 4133 1831 4285 dhlhihhhh,lihhidft

176 4283 310 4358 tormenta¹
345 4276 544 4358 describuntur,
571 4277 718 4335 osterideos
743 4279 818 4337 eliud
843 4295 905 4336 esso
929 4278 976 4335 io·
992 4276 1015 4353 n
1030 4294 1099 4361 sam,
1114 4279 1282 4358 Augustinus
1292 4277 1339 4333 lib.
1355 4293 1396 4333 xx
1411 4276 1444 4332 de
1458 4277 1585 4357 ‘Ciuitate
1598 4275 1657 4355 Dei,
1669 4272 1829 4355 opiniopqm

178 4346 262 4413 feros,
276 4348 349 4403 ahud
365 4364 454 4403 sinum
471 4344 595 4405 hbrehoe.
612 4349 680 4404 Pau.
1031 4352 1115 4405 tuisse
1134 4357 1171 4403 art
1192 4357 1328 4419 utcunque
1351 4345 1531 4411 tolerabilem,
1556 4363 1578 4400 sr
1602 4344 1700 4427 aliquae
1722 4345 1829 4425 dehetis

212 4420 269 4491 (59)
290 4421 323 4474 In
344 4421 401 4476 elio
424 4435 507 4492 opere
529 4416 670 4491 dipseiurn
688 4420 766 4493 quod
784 4420 975 4484 inscribimus,
1030 4419 1165 4491 spiritales
1183 4420 1211 4474 iu
1230 4419 1276 4475 illo
1298 4419 1426 4483 Sabbato,
1449 4418 1506 4498 hoe,
1524 4424 1575 4482 est,
1600 4424 1725 4497 septimo·
1741 4416 1831 4469 milie-

177 4493 216 4548 lle
230 4509 277 4564 spe
290 4492 430 4562 fidelium.
456 4491 512 4546 Hoc
531 4488 689 4547 Tertulliani
713 4507 783 4561 opus
797 4491 976 4563 hgobardino
1031 4493 1106 4546 uario
1121 4506 1255 4545 annorum
1269 4489 1396 4545 affuturae
1415 4497 1523 4569 'sancus
1541 4503 1591 4558 por
1617 4487 1726 4542 Domum
1753 4500 1829 4568 prar-

176 4562 270 4618 eodice
290 4563 489 4629 continebatur,
513 4572 560 4617 aut
583 4577 616 4616 eo
640 4574 712 4618 certe
734 4561 882 4633 exemplari
904 4563 977 4617 unde
1030 4564 1144 4617 scirtium
1165 4565 1345 4642 crederentur.
1370 4559 1441 4642 Quin
1470 4566 1549 4613 ehem
1573 4559 1689 4629 hujusce
1715 4570 1831 4626 omoio-

178 4649 257 4689 suum
276 4632 392 4691 describi
421 4632 525 4690 curavit
551 4633 722 4704 agobardus.
746 4633 814 4688 Nam
842 4641 868 4690 et
894 4633 976 4690 hodie
1030 4649 1073 4687 ors
1096 4633 1216 4700 seipsum
1235 4629 1381 4701 aliquando
1397 4630 1481 4685 fursee
1498 4630 1607 4685 fatetur.
1621 4629 1684 4684 ilie.
1773 4700 1778 4710 ,

177 4712 315 4775 comperet
341 4703 437 4761 titulus
458 4704 529 4759 inter
544 4702 630 4760 libros
642 4703 739 4777 viginti
759 4711 876 4775 quatuor
888 4704 975 4759 iadioe
1064 4703 1253 4789 (itidemque
1266 4702 1395 4773 praeiere
1405 4705 1580 4773 eupurretam
1590 4704 1632 4758 est
1639 4698 1834 4758 orieretnlree·

176 4777 397 4846 comprehensos.
417 4775 498 4830 istius
520 4785 611 4830 eutem
626 4777 716 4844 operis
740 4775 862 4832 meminit
883 4777 976 4831 ihero-
1048 4775 1180 4831 editione.
1199 4773 1301 4852 bereri,
1317 4772 1430 4837 seilicet,
1445 4772 1577 4852 adversus
1588 4772 1711 4827 Parthos.
1727 4770 1833 4852 ilie.-

177 4862 273 4916 aymus
287 4845 314 4900 in
328 4846 409 4918 Papia
422 4846 632 4916 hieropolitano,
651 4856 678 4903 et
691 4862 752 4918 cap.
777 4850 810 4902 36
830 4847 974 4902 marmen-
1027 4792 1187 4915 {rodigium
1204 4843 1276 4900 istud
1297 4845 1439 4923 hacteuus
1455 4859 1576 4914 reperire
1598 4842 1669 4923 apud
1693 4840 1831 4921 ethnicos,

179 4916 320 4972 furiosis
349 4917 528 4982 Ezechielem,
557 4924 638 4988 atque
659 4918 741 4974 etiam
760 4917 787 4972 iu
815 4917 976 4974 Proefatioue
1030 4915 1084 4969 imo
1113 4929 1162 4968 nec
1192 4916 1263 4984 eprrd
1291 4913 1490 4994 aeclesiasticos
1525 4913 1644 4969 histomae
1679 4921 1834 4982 scriptores

180 4988 278 5044 decimi
292 4988 382 5044 octeni
396 4986 424 5043 iu
438 4988 546 5045 isaiam.
561 4989 624 5045 hie.
1030 4984 1115 5054 potui,
1129 5000 1213 5055 quere
1236 4984 1330 5041 lectori
1344 4984 1470 5052 diligenti
1483 4985 1675 5054 requirendum
1693 4982 1832 5053 idioque,

212 5059 271 5129 ted)
286 5061 318 5115 hs
332 5059 449 5117 ciuitate
463 5060 554 5116 diuini
567 5061 658 5132 operte
673 5060 827 5119 Jerusalem
841 5059 909 5116 coelo
924 5058 973 5115 de·
1030 5071 1064 5110 en
1086 5056 1113 5110 in
1141 5055 1311 5126 expeditione
1339 5056 1461 5111 orientali
1485 5055 1576 5135 Severi
1598 5053 1772 5135 imperatoris
1798 5054 1834 5135 de

179 5132 248 5188 loto.
269 5134 387 5214 Auream
401 5140 482 5214 atque
495 5137 659 5213 gementum
673 5131 807 5254 ¹iusterris
829 5130 975 5252 ¹⁶¹¹¹³⁸¹tflt
1029 5142 1085 5252 iu}
1099 5127 1171 5252 loqrg
1187 5126 1404 5184 videturhuetor
1427 5126 1528 5197 aliquid
1553 5127 1604 5182 tale
1630 5125 1781 5197 eontigerit
1805 5139 1835 5178 in

177 5205 337 5334 {ligationis
348 5202 562 5341 ngzrprgffiunrtr'u
575 5201 977 5353 iffiifssiiiffliiihii
1048 5214 1133 5349 Ἤ).
1141 5213 1254 5328 triaiios
1264 5270 1341 5350 euim
1355 5254 1476 5325 ethnicis
1484 5283 1592 5349 quoque
1602 5267 1735 5346 fertilius.¹
1744 5264 1836 5350 dique

178 5294 976 5413 redderemus,‚aaut.,.1mh.
1030 5340 1084 5395 hoe
1102 5349 1173 5395 mter
1219 5341 1326 5420 rodrgra
1354 5340 1589 5420 relatoucredrhrle
1617 5346 1659 5393 est
1686 5337 1837 5393 Chilraste·

178 5422 238 5490 pies
257 5417 386 5489 primum,
409 5428 473 5506 mox
495 5421 522 5469 et
544 5412 678 5479 lustinus,
704 5412 750 5484 qui
774 5411 848 5469 νίνου
871 5427 903 5501 ea
929 5428 978 5482 spe
1031 5427 1089 5467 rum
1107 5411 1170 5493 sire
1196 5359 1379 5468 britianorum
1406 5425 1561 5480 opinionem
1589 5408 1668 5466 udde
1690 5407 1837 5466 confimar-

178 5490 328 5631 {sitifi
348 5485 409 5613 tf
429 5502 547 5630 ,luth
564 5483 915 5630 flebilitati
933 5498 979 5609 'i
1033 5492 1087 5537 '²¹¹¹
1101 5484 1194 5540 'mil'
1211 5484 1273 5539 ¹³¹⁶·
