<?xml version="1.0" encoding="UTF-8"?>
<!DOCTYPE html PUBLIC "-//W3C//DTD XHTML 1.0 Transitional//EN"
    "http://www.w3.org/TR/xhtml1/DTD/xhtml1-transitional.dtd">
<html xmlns="http://www.w3.org/1999/xhtml" xml:lang="en" lang="en">
 <head>
  <title>
</title>
<meta http-equiv="Content-Type" content="text/html;charset=utf-8" />
  <meta name='ocr-system' content='tesseract 3.04.00' />
  <meta name='ocr-capabilities' content='ocr_page ocr_carea ocr_par ocr_line ocrx_word'/>
</head>
<body>
  <div class='ocr_page' id='page_1' title='image "./patrologiaecurs51unkngoog/patrologiaecurs51unkngoog_0349.png"; bbox 0 0 3848 6120; ppageno 0'>
   <div class='ocr_carea' id='block_1_1' title="bbox 586 290 1877 379">
    <p class='ocr_par' dir='ltr' id='par_1_1' title="bbox 586 290 1877 379">
     <span class='ocr_line' id='line_1_1' title="bbox 586 290 1877 379; baseline 0.002 -19"><span class='ocrx_word' id='word_1_1' title='bbox 586 300 805 367; x_wconf 81' lang='lat' dir='ltr'><strong>uuuuuttltltl</strong></span> <span class='ocrx_word' id='word_1_2' title='bbox 823 302 956 365; x_wconf 77' lang='lat' dir='ltr'><strong>OPERUM</strong></span> <span class='ocrx_word' id='word_1_3' title='bbox 974 303 1059 366; x_wconf 76' lang='lat' dir='ltr'><strong>PARS</strong></span> <span class='ocrx_word' id='word_1_4' title='bbox 1077 304 1110 365; x_wconf 91' lang='lat' dir='ltr'><strong>tl.</strong></span> <span class='ocrx_word' id='word_1_5' title='bbox 1128 335 1165 350; x_wconf 91' lang='lat'><strong>-·</strong></span> <span class='ocrx_word' id='word_1_6' title='bbox 1181 304 1294 368; x_wconf 81' lang='lat' dir='ltr'><strong>status</strong></span> <span class='ocrx_word' id='word_1_7' title='bbox 1310 306 1332 379; x_wconf 88' lang='grc' dir='ltr'><strong>Ι,</strong></span> <span class='ocrx_word' id='word_1_8' title='bbox 1351 300 1524 366; x_wconf 74' lang='lat' dir='ltr'><strong>POthlldd·</strong></span> <span class='ocrx_word' id='word_1_9' title='bbox 1822 290 1877 352; x_wconf 72' lang='lat'><strong>⁶⁸⁸</strong></span> 
     </span>
    </p>
   </div>
   <div class='ocr_carea' id='block_1_2' title="bbox 223 416 1876 1834">
    <p class='ocr_par' dir='ltr' id='par_1_2' title="bbox 466 416 1876 526">
     <span class='ocr_line' id='line_1_2' title="bbox 466 416 1876 526; baseline -0.006 -45"><span class='ocrx_word' id='word_1_10' title='bbox 466 426 580 483; x_wconf 77' lang='lat' dir='ltr'><strong>CAPUT</strong></span> <span class='ocrx_word' id='word_1_11' title='bbox 599 427 753 499; x_wconf 79' lang='lat' dir='ltr'><strong>PRIMUM(</strong></span> <span class='ocrx_word' id='word_1_12' title='bbox 771 431 789 497; x_wconf 93' lang='grc'><strong>).</strong></span> <span class='ocrx_word' id='word_1_13' title='bbox 1038 431 1149 526; x_wconf 62' lang='grc' dir='ltr'><strong>ΑΝἰὴίΙ</strong></span> <span class='ocrx_word' id='word_1_14' title='bbox 1175 432 1347 500; x_wconf 90' lang='lat' dir='ltr'><strong>mirandum,</strong></span> <span class='ocrx_word' id='word_1_15' title='bbox 1376 430 1400 486; x_wconf 89' lang='lat' dir='ltr'><strong>si</strong></span> <span class='ocrx_word' id='word_1_16' title='bbox 1427 436 1454 485; x_wconf 88' lang='lat' dir='ltr'><strong>et</strong></span> <span class='ocrx_word' id='word_1_17' title='bbox 1486 428 1513 482; x_wconf 93' lang='lat' dir='ltr'><strong>in</strong></span> <span class='ocrx_word' id='word_1_18' title='bbox 1539 435 1646 481; x_wconf 86' lang='lat' dir='ltr'><strong>carcere</strong></span> <span class='ocrx_word' id='word_1_19' title='bbox 1673 416 1876 475; x_wconf 54' lang='lat' dir='ltr'><strong>lemniscatam</strong></span> 
     </span>
    </p>

    <p class='ocr_par' dir='ltr' id='par_1_3' title="bbox 223 503 1875 1834">
     <span class='ocr_line' id='line_1_3' title="bbox 264 503 1875 593; baseline -0.011 -17"><span class='ocrx_word' id='word_1_20' title='bbox 264 522 304 576; x_wconf 85' lang='lat' dir='ltr'><strong>De</strong></span> <span class='ocrx_word' id='word_1_21' title='bbox 313 517 371 575; x_wconf 92' lang='lat' dir='ltr'><strong>solo</strong></span> <span class='ocrx_word' id='word_1_22' title='bbox 386 530 469 572; x_wconf 91' lang='lat' dir='ltr'><strong>censu</strong></span> <span class='ocrx_word' id='word_1_23' title='bbox 484 515 580 569; x_wconf 74' lang='lat' dir='ltr'><strong>animae</strong></span> <span class='ocrx_word' id='word_1_24' title='bbox 594 530 759 588; x_wconf 90' lang='lat' dir='ltr'><strong>congressus</strong></span> <span class='ocrx_word' id='word_1_25' title='bbox 772 519 946 592; x_wconf 87' lang='lat' dir='ltr'><strong>llermogeni,</strong></span> <span class='ocrx_word' id='word_1_26' title='bbox 958 535 1025 592; x_wconf 90' lang='lat' dir='ltr'><strong>qua·</strong></span> <span class='ocrx_word' id='word_1_27' title='bbox 1075 520 1156 593; x_wconf 80' lang='lat' dir='ltr'>Anyti</span> <span class='ocrx_word' id='word_1_28' title='bbox 1187 528 1214 577; x_wconf 91' lang='lat' dir='ltr'><strong>et</strong></span> <span class='ocrx_word' id='word_1_29' title='bbox 1237 520 1320 577; x_wconf 83' lang='lat' dir='ltr'><strong>ttcltii</strong></span> <span class='ocrx_word' id='word_1_30' title='bbox 1347 519 1449 590; x_wconf 87' lang='lat' dir='ltr'><strong>palmas</strong></span> <span class='ocrx_word' id='word_1_31' title='bbox 1478 512 1597 588; x_wconf 77' lang='lat' dir='ltr'>gestiens</span> <span class='ocrx_word' id='word_1_32' title='bbox 1625 505 1787 579; x_wconf 78' lang='lat' dir='ltr'><strong>intringere,</strong></span> <span class='ocrx_word' id='word_1_33' title='bbox 1816 503 1875 575; x_wconf 87' lang='lat' dir='ltr'><strong>ipsa</strong></span> 
     </span>
     <span class='ocr_line' id='line_1_4' title="bbox 227 593 1875 683; baseline -0.008 -15"><span class='ocrx_word' id='word_1_34' title='bbox 227 618 307 667; x_wconf 91' lang='lat' dir='ltr'><strong>tenus</strong></span> <span class='ocrx_word' id='word_1_35' title='bbox 321 605 442 663; x_wconf 90' lang='lat' dir='ltr'><strong>etistum</strong></span> <span class='ocrx_word' id='word_1_36' title='bbox 457 618 493 659; x_wconf 83' lang='lat' dir='ltr'><strong>eu</strong></span> <span class='ocrx_word' id='word_1_37' title='bbox 516 604 638 660; x_wconf 89' lang='lat' dir='ltr'><strong>materiae</strong></span> <span class='ocrx_word' id='word_1_38' title='bbox 662 607 752 675; x_wconf 91' lang='lat' dir='ltr'><strong>potius</strong></span> <span class='ocrx_word' id='word_1_39' title='bbox 774 619 917 681; x_wconf 88' lang='lat' dir='ltr'><strong>suggestu,</strong></span> <span class='ocrx_word' id='word_1_40' title='bbox 941 625 1021 683; x_wconf 86' lang='lat' dir='ltr'><strong>quana</strong></span> <span class='ocrx_word' id='word_1_41' title='bbox 1076 618 1163 666; x_wconf 86' lang='lat' dir='ltr'><strong>morte</strong></span> <span class='ocrx_word' id='word_1_42' title='bbox 1177 624 1279 680; x_wconf 87' lang='lat' dir='ltr'><strong>coram,</strong></span> <span class='ocrx_word' id='word_1_43' title='bbox 1296 606 1523 666; x_wconf 86' lang='lat' dir='ltr'><strong>immortalitatem</strong></span> <span class='ocrx_word' id='word_1_44' title='bbox 1540 599 1657 661; x_wconf 82' lang='lat' dir='ltr'><strong>uindicat</strong></span> <span class='ocrx_word' id='word_1_45' title='bbox 1675 597 1689 637; x_wconf 85' lang='lat'>³</span> <span class='ocrx_word' id='word_1_46' title='bbox 1710 593 1812 650; x_wconf 74' lang='lat' dir='ltr'><strong>animae</strong></span> <span class='ocrx_word' id='word_1_47' title='bbox 1830 608 1875 650; x_wconf 79' lang='lat' dir='ltr'><strong>tte·</strong></span> 
     </span>
     <span class='ocr_line' id='line_1_5' title="bbox 226 683 1873 771; baseline -0.01 -16"><span class='ocrx_word' id='word_1_48' title='bbox 226 713 260 755; x_wconf 85' lang='lat' dir='ltr'><strong>ex</strong></span> <span class='ocrx_word' id='word_1_49' title='bbox 274 695 325 752; x_wconf 85' lang='lat' dir='ltr'><strong>Dei</strong></span> <span class='ocrx_word' id='word_1_50' title='bbox 343 693 408 747; x_wconf 87' lang='lat' dir='ltr'><strong>llotu</strong></span> <span class='ocrx_word' id='word_1_51' title='bbox 434 691 586 748; x_wconf 89' lang='lat' dir='ltr'><strong>constitisse</strong></span> <span class='ocrx_word' id='word_1_52' title='bbox 611 694 793 764; x_wconf 83' lang='lat' dir='ltr'><strong>praesumpsit,</strong></span> <span class='ocrx_word' id='word_1_53' title='bbox 817 711 888 753; x_wconf 91' lang='lat' dir='ltr'><strong>nuuc</strong></span> <span class='ocrx_word' id='word_1_54' title='bbox 903 698 937 752; x_wconf 89' lang='lat' dir='ltr'><strong>ad</strong></span> <span class='ocrx_word' id='word_1_55' title='bbox 958 697 1023 753; x_wconf 92' lang='lat' dir='ltr'><strong>reli·</strong></span> <span class='ocrx_word' id='word_1_56' title='bbox 1075 698 1193 755; x_wconf 90' lang='lat' dir='ltr'><strong>cessaria</strong></span> <span class='ocrx_word' id='word_1_57' title='bbox 1221 697 1431 771; x_wconf 75' lang='lat' dir='ltr'><strong>praesumptione</strong></span> <span class='ocrx_word' id='word_1_58' title='bbox 1459 695 1493 750; x_wconf 87' lang='lat' dir='ltr'><strong>nd</strong></span> <span class='ocrx_word' id='word_1_59' title='bbox 1520 689 1625 762; x_wconf 78' lang='lat' dir='ltr'><strong>injuriae</strong></span> <span class='ocrx_word' id='word_1_60' title='bbox 1661 683 1873 743; x_wconf 72' lang='lat' dir='ltr'><strong>frustrationem.</strong></span> 
     </span>
     <span class='ocr_line' id='line_1_6' title="bbox 227 767 1875 858; baseline -0.01 -17"><span class='ocrx_word' id='word_1_61' title='bbox 227 800 293 858; x_wconf 87' lang='lat' dir='ltr'><strong>quas</strong></span> <span class='ocrx_word' id='word_1_62' title='bbox 308 776 453 839; x_wconf 81' lang='lat' dir='ltr'><strong>conuersus</strong></span> <span class='ocrx_word' id='word_1_63' title='bbox 478 780 652 850; x_wconf 80' lang='lat' dir='ltr'><strong>quaestiones,</strong></span> <span class='ocrx_word' id='word_1_64' title='bbox 669 781 815 854; x_wconf 90' lang='lat' dir='ltr'><strong>plurimum</strong></span> <span class='ocrx_word' id='word_1_65' title='bbox 828 784 939 842; x_wconf 83' lang='lat' dir='ltr'><strong>videbor</strong></span> <span class='ocrx_word' id='word_1_66' title='bbox 959 801 1021 842; x_wconf 91' lang='lat' dir='ltr'><strong>cum</strong></span> <span class='ocrx_word' id='word_1_67' title='bbox 1074 784 1151 842; x_wconf 80' lang='lat' dir='ltr'><strong>Adeo</strong></span> <span class='ocrx_word' id='word_1_68' title='bbox 1166 785 1255 842; x_wconf 90' lang='lat' dir='ltr'><strong>omnis</strong></span> <span class='ocrx_word' id='word_1_69' title='bbox 1272 784 1318 840; x_wconf 90' lang='lat' dir='ltr'><strong>illa</strong></span> <span class='ocrx_word' id='word_1_70' title='bbox 1333 793 1397 840; x_wconf 94' lang='lat' dir='ltr'><strong>tunc</strong></span> <span class='ocrx_word' id='word_1_71' title='bbox 1415 781 1546 853; x_wconf 82' lang='lat' dir='ltr'><strong>sapientia</strong></span> <span class='ocrx_word' id='word_1_72' title='bbox 1568 772 1687 833; x_wconf 85' lang='lat' dir='ltr'><strong>Socratis</strong></span> <span class='ocrx_word' id='word_1_73' title='bbox 1710 771 1752 843; x_wconf 84' lang='grc'><strong>(5)</strong></span> <span class='ocrx_word' id='word_1_74' title='bbox 1775 769 1811 826; x_wconf 91' lang='lat' dir='ltr'><strong>de</strong></span> <span class='ocrx_word' id='word_1_75' title='bbox 1836 767 1875 825; x_wconf 91' lang='lat' dir='ltr'><strong>in-</strong></span> 
     </span>
     <span class='ocr_line' id='line_1_7' title="bbox 225 857 1874 946; baseline -0.009 -18"><span class='ocrx_word' id='word_1_76' title='bbox 225 871 395 946; x_wconf 86' lang='lat' dir='ltr'><strong>philosophis</strong></span> <span class='ocrx_word' id='word_1_77' title='bbox 410 868 593 924; x_wconf 89' lang='lat' dir='ltr'><strong>dimicaturus.</strong></span> <span class='ocrx_word' id='word_1_78' title='bbox 620 870 707 926; x_wconf 89' lang='lat' dir='ltr'><strong>Etiam</strong></span> <span class='ocrx_word' id='word_1_79' title='bbox 729 872 882 930; x_wconf 87' lang='lat' dir='ltr'><strong>incarcere</strong></span> <span class='ocrx_word' id='word_1_80' title='bbox 905 874 1022 933; x_wconf 89' lang='lat' dir='ltr'><strong>Socratis</strong></span> <span class='ocrx_word' id='word_1_81' title='bbox 1074 873 1176 930; x_wconf 92' lang='lat' dir='ltr'><strong>dustria</strong></span> <span class='ocrx_word' id='word_1_82' title='bbox 1188 879 1299 930; x_wconf 85' lang='lat' dir='ltr'><strong>uenerat</strong></span> <span class='ocrx_word' id='word_1_83' title='bbox 1320 872 1451 928; x_wconf 89' lang='lat' dir='ltr'><strong>consultae</strong></span> <span class='ocrx_word' id='word_1_84' title='bbox 1464 862 1681 940; x_wconf 72' lang='lat' dir='ltr'><strong>aequanimitatis,</strong></span> <span class='ocrx_word' id='word_1_85' title='bbox 1696 874 1754 917; x_wconf 92' lang='lat' dir='ltr'><strong>uon</strong></span> <span class='ocrx_word' id='word_1_86' title='bbox 1784 857 1820 914; x_wconf 87' lang='lat' dir='ltr'><strong>dc</strong></span> <span class='ocrx_word' id='word_1_87' title='bbox 1840 858 1874 914; x_wconf 83' lang='lat' dir='ltr'><strong>in</strong></span> 
     </span>
     <span class='ocr_line' id='line_1_8' title="bbox 226 949 1875 1034; baseline -0.007 -18"><span class='ocrx_word' id='word_1_88' title='bbox 226 962 260 1016; x_wconf 90' lang='lat' dir='ltr'><strong>de</strong></span> <span class='ocrx_word' id='word_1_89' title='bbox 279 958 375 1015; x_wconf 84' lang='lat' dir='ltr'><strong>animae</strong></span> <span class='ocrx_word' id='word_1_90' title='bbox 390 962 460 1012; x_wconf 88' lang='lat' dir='ltr'><strong>statu</strong></span> <span class='ocrx_word' id='word_1_91' title='bbox 477 956 614 1012; x_wconf 77' lang='lat' dir='ltr'><strong>velitatum</strong></span> <span class='ocrx_word' id='word_1_92' title='bbox 641 967 684 1014; x_wconf 93' lang='lat' dir='ltr'><strong>est</strong></span> <span class='ocrx_word' id='word_1_93' title='bbox 706 958 757 1031; x_wconf 81' lang='lat'><strong>(2).</strong></span> <span class='ocrx_word' id='word_1_94' title='bbox 776 959 872 1017; x_wconf 88' lang='lat' dir='ltr'><strong>Nescio</strong></span> <span class='ocrx_word' id='word_1_95' title='bbox 891 964 947 1032; x_wconf 84' lang='lat' dir='ltr'><strong>jam</strong></span> <span class='ocrx_word' id='word_1_96' title='bbox 970 964 1022 1019; x_wconf 85' lang='lat' dir='ltr'><strong>lioc</strong></span> <span class='ocrx_word' id='word_1_97' title='bbox 1074 960 1172 1019; x_wconf 84' lang='lat' dir='ltr'><strong>fiducia</strong></span> <span class='ocrx_word' id='word_1_98' title='bbox 1186 970 1331 1034; x_wconf 83' lang='lat' dir='ltr'><strong>compertae</strong></span> <span class='ocrx_word' id='word_1_99' title='bbox 1349 961 1483 1019; x_wconf 82' lang='lat' dir='ltr'><strong>ueritatis.</strong></span> <span class='ocrx_word' id='word_1_100' title='bbox 1509 955 1559 1012; x_wconf 89' lang='lat' dir='ltr'><strong>Cui</strong></span> <span class='ocrx_word' id='word_1_101' title='bbox 1580 953 1652 1009; x_wconf 92' lang='lat' dir='ltr'><strong>enim</strong></span> <span class='ocrx_word' id='word_1_102' title='bbox 1677 949 1783 1007; x_wconf 78' lang='lat' dir='ltr'><strong>venitm</strong></span> <span class='ocrx_word' id='word_1_103' title='bbox 1805 961 1875 1005; x_wconf 85' lang='lat' dir='ltr'><strong>com·</strong></span> 
     </span>
     <span class='ocr_line' id='line_1_9' title="bbox 226 1034 1874 1124; baseline -0.007 -22"><span class='ocrx_word' id='word_1_104' title='bbox 226 1046 352 1121; x_wconf 90' lang='lat' dir='ltr'><strong>primum,</strong></span> <span class='ocrx_word' id='word_1_105' title='bbox 377 1060 411 1100; x_wconf 90' lang='lat' dir='ltr'><strong>au</strong></span> <span class='ocrx_word' id='word_1_106' title='bbox 433 1053 585 1115; x_wconf 90' lang='lat' dir='ltr'><strong>opportuno</strong></span> <span class='ocrx_word' id='word_1_107' title='bbox 600 1043 628 1099; x_wconf 90' lang='lat' dir='ltr'><strong>in</strong></span> <span class='ocrx_word' id='word_1_108' title='bbox 652 1051 784 1118; x_wconf 90' lang='lat' dir='ltr'><strong>tempore,</strong></span> <span class='ocrx_word' id='word_1_109' title='bbox 799 1046 920 1120; x_wconf 78' lang='lat' dir='ltr'><strong>magistri</strong></span> <span class='ocrx_word' id='word_1_110' title='bbox 932 1051 953 1118; x_wconf 92' lang='lat'><strong>¹,</strong></span> <span class='ocrx_word' id='word_1_111' title='bbox 969 1051 1022 1106; x_wconf 91' lang='lat' dir='ltr'><strong>etsi</strong></span> <span class='ocrx_word' id='word_1_112' title='bbox 1074 1063 1148 1124; x_wconf 89' lang='lat' dir='ltr'><strong>perta</strong></span> <span class='ocrx_word' id='word_1_113' title='bbox 1162 1053 1221 1109; x_wconf 88' lang='lat' dir='ltr'><strong>sine</strong></span> <span class='ocrx_word' id='word_1_114' title='bbox 1235 1051 1312 1110; x_wconf 76' lang='lat' dir='ltr'><strong>Deo?</strong></span> <span class='ocrx_word' id='word_1_115' title='bbox 1327 1052 1371 1108; x_wconf 93' lang='lat' dir='ltr'><strong>cui</strong></span> <span class='ocrx_word' id='word_1_116' title='bbox 1383 1051 1455 1106; x_wconf 86' lang='lat' dir='ltr'><strong>Deus</strong></span> <span class='ocrx_word' id='word_1_117' title='bbox 1469 1044 1592 1118; x_wconf 89' lang='lat' dir='ltr'><strong>cognitus</strong></span> <span class='ocrx_word' id='word_1_118' title='bbox 1606 1041 1666 1097; x_wconf 90' lang='lat' dir='ltr'><strong>sine</strong></span> <span class='ocrx_word' id='word_1_119' title='bbox 1680 1034 1812 1096; x_wconf 70' lang='lat' dir='ltr'><strong>cliuumt</strong></span> <span class='ocrx_word' id='word_1_120' title='bbox 1836 1034 1874 1092; x_wconf 87' lang='lat' dir='ltr'><strong>cai</strong></span> 
     </span>
     <span class='ocr_line' id='line_1_10' title="bbox 226 1123 1874 1216; baseline -0.004 -27"><span class='ocrx_word' id='word_1_121' title='bbox 226 1133 293 1189; x_wconf 89' lang='lat' dir='ltr'><strong>nihil</strong></span> <span class='ocrx_word' id='word_1_122' title='bbox 308 1132 341 1189; x_wconf 88' lang='lat' dir='ltr'><strong>de</strong></span> <span class='ocrx_word' id='word_1_123' title='bbox 364 1131 424 1189; x_wconf 90' lang='lat' dir='ltr'><strong>loco</strong></span> <span class='ocrx_word' id='word_1_124' title='bbox 449 1130 569 1186; x_wconf 87' lang='lat' dir='ltr'><strong>interest.</strong></span> <span class='ocrx_word' id='word_1_125' title='bbox 594 1130 667 1199; x_wconf 85' lang='lat' dir='ltr'><strong>Quid</strong></span> <span class='ocrx_word' id='word_1_126' title='bbox 691 1134 762 1190; x_wconf 90' lang='lat' dir='ltr'><strong>enim</strong></span> <span class='ocrx_word' id='word_1_127' title='bbox 786 1135 890 1208; x_wconf 91' lang='lat' dir='ltr'><strong>liquido</strong></span> <span class='ocrx_word' id='word_1_128' title='bbox 913 1144 1023 1209; x_wconf 84' lang='lat' dir='ltr'><strong>saperet</strong></span> <span class='ocrx_word' id='word_1_129' title='bbox 1075 1141 1195 1198; x_wconf 89' lang='lat' dir='ltr'><strong>Christus</strong></span> <span class='ocrx_word' id='word_1_130' title='bbox 1213 1141 1371 1216; x_wconf 87' lang='lat' dir='ltr'><strong>exploratus</strong></span> <span class='ocrx_word' id='word_1_131' title='bbox 1390 1138 1448 1195; x_wconf 91' lang='lat' dir='ltr'><strong>sine</strong></span> <span class='ocrx_word' id='word_1_132' title='bbox 1472 1134 1572 1208; x_wconf 88' lang='lat' dir='ltr'><strong>Spiritu</strong></span> <span class='ocrx_word' id='word_1_133' title='bbox 1600 1127 1717 1186; x_wconf 75' lang='lat' dir='ltr'><strong>sancto?</strong></span> <span class='ocrx_word' id='word_1_134' title='bbox 1739 1125 1784 1183; x_wconf 85' lang='lat' dir='ltr'><strong>coi</strong></span> <span class='ocrx_word' id='word_1_135' title='bbox 1793 1123 1874 1198; x_wconf 83' lang='lat' dir='ltr'><strong>spiri·</strong></span> 
     </span>
     <span class='ocr_line' id='line_1_11' title="bbox 223 1212 1874 1298; baseline -0.007 -18"><span class='ocrx_word' id='word_1_136' title='bbox 223 1220 310 1280; x_wconf 72' lang='grc' dir='ltr'><strong>ΜῚ</strong></span> <span class='ocrx_word' id='word_1_137' title='bbox 326 1220 414 1276; x_wconf 88' lang='lat' dir='ltr'><strong>anima</strong></span> <span class='ocrx_word' id='word_1_138' title='bbox 430 1227 493 1275; x_wconf 90' lang='lat' dir='ltr'><strong>tunc</strong></span> <span class='ocrx_word' id='word_1_139' title='bbox 519 1220 638 1276; x_wconf 86' lang='lat' dir='ltr'><strong>Socratis</strong></span> <span class='ocrx_word' id='word_1_140' title='bbox 664 1222 711 1294; x_wconf 81' lang='grc'>(3),</span> <span class='ocrx_word' id='word_1_141' title='bbox 726 1225 781 1293; x_wconf 83' lang='lat' dir='ltr'><strong>jam</strong></span> <span class='ocrx_word' id='word_1_142' title='bbox 808 1239 886 1282; x_wconf 89' lang='lat' dir='ltr'><strong>sacro</strong></span> <span class='ocrx_word' id='word_1_143' title='bbox 914 1226 1021 1298; x_wconf 85' lang='lat' dir='ltr'><strong>nauigio</strong></span> <span class='ocrx_word' id='word_1_144' title='bbox 1076 1236 1119 1286; x_wconf 91' lang='lat' dir='ltr'><strong>tus</strong></span> <span class='ocrx_word' id='word_1_145' title='bbox 1142 1239 1251 1286; x_wconf 90' lang='lat' dir='ltr'><strong>sanctus</strong></span> <span class='ocrx_word' id='word_1_146' title='bbox 1275 1227 1494 1286; x_wconf 88' lang='lat' dir='ltr'><strong>accommodatus</strong></span> <span class='ocrx_word' id='word_1_147' title='bbox 1516 1224 1575 1278; x_wconf 90' lang='lat' dir='ltr'><strong>sine</strong></span> <span class='ocrx_word' id='word_1_148' title='bbox 1597 1217 1661 1275; x_wconf 88' lang='lat' dir='ltr'><strong>fidei</strong></span> <span class='ocrx_word' id='word_1_149' title='bbox 1686 1212 1874 1273; x_wconf 77' lang='lat' dir='ltr'><strong>sacramento?</strong></span> 
     </span>
     <span class='ocr_line' id='line_1_12' title="bbox 226 1303 1872 1385; baseline -0.004 -21"><span class='ocrx_word' id='word_1_150' title='bbox 226 1325 358 1383; x_wconf 81' lang='lat' dir='ltr'><strong>regresso,</strong></span> <span class='ocrx_word' id='word_1_151' title='bbox 374 1311 428 1378; x_wconf 85' lang='lat' dir='ltr'><strong>jam</strong></span> <span class='ocrx_word' id='word_1_152' title='bbox 444 1308 540 1364; x_wconf 92' lang='lat' dir='ltr'><strong>cicutis</strong></span> <span class='ocrx_word' id='word_1_153' title='bbox 555 1308 734 1365; x_wconf 89' lang='lat' dir='ltr'><strong>damnationis</strong></span> <span class='ocrx_word' id='word_1_154' title='bbox 745 1313 942 1384; x_wconf 71' lang='lat' dir='ltr'><strong>exhausisti),</strong></span> <span class='ocrx_word' id='word_1_155' title='bbox 965 1317 1021 1385; x_wconf 78' lang='lat' dir='ltr'><strong>iarn</strong></span> <span class='ocrx_word' id='word_1_156' title='bbox 1076 1318 1148 1375; x_wconf 89' lang='lat' dir='ltr'><strong>Sane</strong></span> <span class='ocrx_word' id='word_1_157' title='bbox 1162 1319 1289 1376; x_wconf 80' lang='lat' dir='ltr'><strong>Socrates</strong></span> <span class='ocrx_word' id='word_1_158' title='bbox 1307 1316 1412 1374; x_wconf 86' lang='lat' dir='ltr'><strong>laoiltus</strong></span> <span class='ocrx_word' id='word_1_159' title='bbox 1437 1314 1545 1371; x_wconf 86' lang='lat' dir='ltr'><strong>diverso</strong></span> <span class='ocrx_word' id='word_1_160' title='bbox 1561 1309 1658 1382; x_wconf 91' lang='lat' dir='ltr'><strong>spiritu</strong></span> <span class='ocrx_word' id='word_1_161' title='bbox 1675 1306 1823 1379; x_wconf 74' lang='lat' dir='ltr'><strong>agebatur.</strong></span> <span class='ocrx_word' id='word_1_162' title='bbox 1837 1303 1872 1360; x_wconf 87' lang='lat' dir='ltr'><strong>Si·</strong></span> 
     </span>
     <span class='ocr_line' id='line_1_13' title="bbox 225 1390 1871 1479; baseline 0.003 -25"><span class='ocrx_word' id='word_1_163' title='bbox 225 1410 312 1456; x_wconf 88' lang='lat' dir='ltr'><strong>inorte</strong></span> <span class='ocrx_word' id='word_1_164' title='bbox 328 1405 471 1470; x_wconf 80' lang='lat' dir='ltr'><strong>presente,</strong></span> <span class='ocrx_word' id='word_1_165' title='bbox 484 1396 576 1468; x_wconf 87' lang='lat' dir='ltr'><strong>utique</strong></span> <span class='ocrx_word' id='word_1_166' title='bbox 590 1405 763 1456; x_wconf 90' lang='lat' dir='ltr'><strong>consternata</strong></span> <span class='ocrx_word' id='word_1_167' title='bbox 778 1400 811 1455; x_wconf 90' lang='lat' dir='ltr'><strong>ad</strong></span> <span class='ocrx_word' id='word_1_168' title='bbox 825 1401 941 1472; x_wconf 90' lang='lat' dir='ltr'><strong>aliquem</strong></span> <span class='ocrx_word' id='word_1_169' title='bbox 959 1417 1021 1459; x_wconf 93' lang='lat' dir='ltr'><strong>mo·</strong></span> <span class='ocrx_word' id='word_1_170' title='bbox 1074 1408 1186 1479; x_wconf 81' lang='lat' dir='ltr'><strong>quidem</strong></span> <span class='ocrx_word' id='word_1_171' title='bbox 1209 1408 1285 1464; x_wconf 86' lang='lat' dir='ltr'><strong>aiunt</strong></span> <span class='ocrx_word' id='word_1_172' title='bbox 1311 1406 1477 1462; x_wconf 82' lang='lat' dir='ltr'><strong>daemonium</strong></span> <span class='ocrx_word' id='word_1_173' title='bbox 1501 1400 1538 1456; x_wconf 85' lang='lat' dir='ltr'><strong>illi</strong></span> <span class='ocrx_word' id='word_1_174' title='bbox 1567 1414 1583 1454; x_wconf 77' lang='lat' dir='ltr'><strong>a</strong></span> <span class='ocrx_word' id='word_1_175' title='bbox 1612 1410 1700 1470; x_wconf 73' lang='lat' dir='ltr'><strong>puero</strong></span> <span class='ocrx_word' id='word_1_176' title='bbox 1721 1390 1871 1453; x_wconf 49' lang='grc' dir='ltr'><strong>ΜΒΝ</strong></span> 
     </span>
     <span class='ocr_line' id='line_1_14' title="bbox 225 1483 1872 1569; baseline -0.002 -26"><span class='ocrx_word' id='word_1_177' title='bbox 225 1496 281 1543; x_wconf 90' lang='lat' dir='ltr'><strong>tum</strong></span> <span class='ocrx_word' id='word_1_178' title='bbox 296 1485 446 1543; x_wconf 88' lang='lat' dir='ltr'><strong>secuudum</strong></span> <span class='ocrx_word' id='word_1_179' title='bbox 466 1496 598 1551; x_wconf 90' lang='lat' dir='ltr'><strong>naturam,</strong></span> <span class='ocrx_word' id='word_1_180' title='bbox 619 1494 664 1540; x_wconf 88' lang='lat' dir='ltr'><strong>aut</strong></span> <span class='ocrx_word' id='word_1_181' title='bbox 687 1495 837 1552; x_wconf 85' lang='lat' dir='ltr'><strong>externata,</strong></span> <span class='ocrx_word' id='word_1_182' title='bbox 858 1490 880 1544; x_wconf 93' lang='lat' dir='ltr'><strong>si</strong></span> <span class='ocrx_word' id='word_1_183' title='bbox 900 1505 954 1546; x_wconf 92' lang='lat' dir='ltr'><strong>non</strong></span> <span class='ocrx_word' id='word_1_184' title='bbox 979 1506 1023 1548; x_wconf 84' lang='lat' dir='ltr'><strong>se-</strong></span> <span class='ocrx_word' id='word_1_185' title='bbox 1074 1499 1221 1569; x_wconf 89' lang='lat' dir='ltr'><strong>pessimum</strong></span> <span class='ocrx_word' id='word_1_186' title='bbox 1236 1496 1529 1568; x_wconf 80' lang='lat' dir='ltr'><strong>reverapaedogogum,</strong></span> <span class='ocrx_word' id='word_1_187' title='bbox 1544 1489 1595 1546; x_wconf 90' lang='lat' dir='ltr'><strong>etsi</strong></span> <span class='ocrx_word' id='word_1_188' title='bbox 1611 1494 1673 1559; x_wconf 88' lang='lat' dir='ltr'><strong>post</strong></span> <span class='ocrx_word' id='word_1_189' title='bbox 1691 1483 1872 1542; x_wconf 72' lang='lat' dir='ltr'><strong>decaetero</strong></span> 
     </span>
     <span class='ocr_line' id='line_1_15' title="bbox 224 1570 1872 1658; baseline -0.002 -25"><span class='ocrx_word' id='word_1_190' title='bbox 224 1578 344 1634; x_wconf 89' lang='lat' dir='ltr'><strong>cundum</strong></span> <span class='ocrx_word' id='word_1_191' title='bbox 367 1584 499 1630; x_wconf 91' lang='lat' dir='ltr'><strong>naturam.</strong></span> <span class='ocrx_word' id='word_1_192' title='bbox 529 1572 658 1642; x_wconf 86' lang='lat' dir='ltr'><strong>Quamuis</strong></span> <span class='ocrx_word' id='word_1_193' title='bbox 685 1577 757 1632; x_wconf 90' lang='lat' dir='ltr'><strong>enim</strong></span> <span class='ocrx_word' id='word_1_194' title='bbox 804 1578 908 1649; x_wconf 90' lang='lat' dir='ltr'><strong>placida</strong></span> <span class='ocrx_word' id='word_1_195' title='bbox 935 1588 1019 1652; x_wconf 90' lang='lat' dir='ltr'><strong>atque</strong></span> <span class='ocrx_word' id='word_1_196' title='bbox 1074 1585 1134 1643; x_wconf 87' lang='lat' dir='ltr'><strong>deis</strong></span> <span class='ocrx_word' id='word_1_197' title='bbox 1151 1587 1285 1644; x_wconf 84' lang='lat' dir='ltr'><strong>daemonia</strong></span> <span class='ocrx_word' id='word_1_198' title='bbox 1304 1587 1467 1658; x_wconf 89' lang='lat' dir='ltr'><strong>deputantur</strong></span> <span class='ocrx_word' id='word_1_199' title='bbox 1490 1594 1572 1652; x_wconf 90' lang='lat' dir='ltr'><strong>penes</strong></span> <span class='ocrx_word' id='word_1_200' title='bbox 1590 1583 1687 1648; x_wconf 88' lang='lat' dir='ltr'><strong>poetas</strong></span> <span class='ocrx_word' id='word_1_201' title='bbox 1711 1582 1740 1631; x_wconf 90' lang='lat' dir='ltr'><strong>et</strong></span> <span class='ocrx_word' id='word_1_202' title='bbox 1756 1570 1872 1646; x_wconf 88' lang='lat' dir='ltr'><strong>philoso-</strong></span> 
     </span>
     <span class='ocr_line' id='line_1_16' title="bbox 224 1661 1873 1748; baseline -0.003 -27"><span class='ocrx_word' id='word_1_203' title='bbox 224 1663 375 1737; x_wconf 88' lang='lat' dir='ltr'><strong>tranquilla,</strong></span> <span class='ocrx_word' id='word_1_204' title='bbox 392 1677 535 1733; x_wconf 88' lang='lat' dir='ltr'><strong>quaninec</strong></span> <span class='ocrx_word' id='word_1_205' title='bbox 557 1663 684 1734; x_wconf 81' lang='lat' dir='ltr'><strong>conjugis</strong></span> <span class='ocrx_word' id='word_1_206' title='bbox 701 1661 780 1720; x_wconf 88' lang='lat' dir='ltr'><strong>fletus</strong></span> <span class='ocrx_word' id='word_1_207' title='bbox 805 1667 896 1722; x_wconf 90' lang='lat' dir='ltr'><strong>statim</strong></span> <span class='ocrx_word' id='word_1_208' title='bbox 918 1668 1016 1741; x_wconf 70' lang='lat' dir='ltr'><strong>vidua,</strong></span> <span class='ocrx_word' id='word_1_209' title='bbox 1072 1676 1151 1748; x_wconf 89' lang='lat' dir='ltr'><strong>plios.</strong></span> <span class='ocrx_word' id='word_1_210' title='bbox 1179 1675 1304 1732; x_wconf 90' lang='lat' dir='ltr'><strong>Nondum</strong></span> <span class='ocrx_word' id='word_1_211' title='bbox 1342 1674 1415 1729; x_wconf 89' lang='lat' dir='ltr'><strong>enim</strong></span> <span class='ocrx_word' id='word_1_212' title='bbox 1444 1669 1603 1727; x_wconf 70' lang='lat' dir='ltr'><strong>Christiana)</strong></span> <span class='ocrx_word' id='word_1_213' title='bbox 1630 1662 1773 1737; x_wconf 77' lang='lat' dir='ltr'><strong>potestatis</strong></span> <span class='ocrx_word' id='word_1_214' title='bbox 1797 1661 1873 1717; x_wconf 88' lang='lat' dir='ltr'><strong>docu-</strong></span> 
     </span>
     <span class='ocr_line' id='line_1_17' title="bbox 223 1748 1873 1834; baseline -0.003 -24"><span class='ocrx_word' id='word_1_215' title='bbox 223 1770 273 1810; x_wconf 87' lang='lat' dir='ltr'><strong>nec</strong></span> <span class='ocrx_word' id='word_1_216' title='bbox 288 1754 434 1808; x_wconf 83' lang='lat' dir='ltr'><strong>liberorum</strong></span> <span class='ocrx_word' id='word_1_217' title='bbox 449 1761 612 1821; x_wconf 89' lang='lat' dir='ltr'><strong>conspectus</strong></span> <span class='ocrx_word' id='word_1_218' title='bbox 635 1751 733 1809; x_wconf 89' lang='lat' dir='ltr'><strong>exindo</strong></span> <span class='ocrx_word' id='word_1_219' title='bbox 759 1755 933 1827; x_wconf 89' lang='lat' dir='ltr'><strong>pupillorum,</strong></span> <span class='ocrx_word' id='word_1_220' title='bbox 957 1759 1020 1832; x_wconf 86' lang='lat' dir='ltr'><strong>lege</strong></span> <span class='ocrx_word' id='word_1_221' title='bbox 1072 1773 1162 1820; x_wconf 85' lang='lat' dir='ltr'><strong>menta</strong></span> <span class='ocrx_word' id='word_1_222' title='bbox 1187 1770 1382 1834; x_wconf 90' lang='lat' dir='ltr'><strong>processerant,</strong></span> <span class='ocrx_word' id='word_1_223' title='bbox 1411 1776 1473 1833; x_wconf 82' lang='lat' dir='ltr'><strong>quie</strong></span> <span class='ocrx_word' id='word_1_224' title='bbox 1497 1759 1553 1815; x_wconf 88' lang='lat' dir='ltr'><strong>rim</strong></span> <span class='ocrx_word' id='word_1_225' title='bbox 1579 1757 1658 1810; x_wconf 89' lang='lat' dir='ltr'><strong>istam</strong></span> <span class='ocrx_word' id='word_1_226' title='bbox 1682 1748 1873 1824; x_wconf 83' lang='lat' dir='ltr'><strong>perniciosissi-</strong></span> 
     </span>
    </p>
   </div>
   <div class='ocr_carea' id='block_1_3' title="bbox 229 301 290 370">
    <p class='ocr_par' dir='ltr' id='par_1_4' title="bbox 229 301 290 370">
     <span class='ocr_line' id='line_1_18' title="bbox 229 301 290 370; baseline 0.033 -4"><span class='ocrx_word' id='word_1_227' title='bbox 229 301 290 370; x_wconf 79' lang='lat' dir='ltr'><strong>dat</strong></span> 
     </span>
    </p>
   </div>
   <div class='ocr_carea' id='block_1_4' title="bbox 224 1837 1020 1914">
    <p class='ocr_par' dir='ltr' id='par_1_5' title="bbox 224 1837 1020 1914">
     <span class='ocr_line' id='line_1_19' title="bbox 224 1837 1020 1914; baseline 0.006 -17"><span class='ocrx_word' id='word_1_228' title='bbox 224 1841 333 1914; x_wconf 87' lang='lat' dir='ltr'><strong>pietatis</strong></span> <span class='ocrx_word' id='word_1_229' title='bbox 348 1839 497 1905; x_wconf 77' lang='lat' dir='ltr'><strong>influxerat,</strong></span> <span class='ocrx_word' id='word_1_230' title='bbox 512 1837 556 1894; x_wconf 85' lang='lat' dir='ltr'><strong>rel</strong></span> <span class='ocrx_word' id='word_1_231' title='bbox 570 1838 598 1894; x_wconf 93' lang='lat' dir='ltr'><strong>in</strong></span> <span class='ocrx_word' id='word_1_232' title='bbox 612 1841 663 1896; x_wconf 93' lang='lat' dir='ltr'><strong>hoc</strong></span> <span class='ocrx_word' id='word_1_233' title='bbox 678 1848 765 1898; x_wconf 91' lang='lat' dir='ltr'><strong>tamen</strong></span> <span class='ocrx_word' id='word_1_234' title='bbox 788 1855 871 1913; x_wconf 91' lang='lat' dir='ltr'><strong>mota,</strong></span> <span class='ocrx_word' id='word_1_235' title='bbox 896 1861 929 1902; x_wconf 87' lang='lat' dir='ltr'><strong>ne</strong></span> <span class='ocrx_word' id='word_1_236' title='bbox 953 1862 1020 1903; x_wconf 91' lang='lat' dir='ltr'><strong>mo·</strong></span> 
     </span>
    </p>
   </div>
   <div class='ocr_carea' id='block_1_5' title="bbox 221 1935 1020 2634">
    <p class='ocr_par' dir='ltr' id='par_1_6' title="bbox 221 1935 1020 2634">
     <span class='ocr_line' id='line_1_20' title="bbox 222 1935 1018 2006; baseline 0.004 -11"><span class='ocrx_word' id='word_1_237' title='bbox 222 1945 339 2003; x_wconf 76' lang='lat' dir='ltr'><strong>veretur,</strong></span> <span class='ocrx_word' id='word_1_238' title='bbox 354 1936 413 2006; x_wconf 90' lang='lat' dir='ltr'><strong>ipsa</strong></span> <span class='ocrx_word' id='word_1_239' title='bbox 427 1935 579 1990; x_wconf 88' lang='lat' dir='ltr'><strong>constantio</strong></span> <span class='ocrx_word' id='word_1_240' title='bbox 598 1951 729 1995; x_wconf 88' lang='lat' dir='ltr'><strong>concussa</strong></span> <span class='ocrx_word' id='word_1_241' title='bbox 749 1951 791 1996; x_wconf 90' lang='lat' dir='ltr'><strong>est</strong></span> <span class='ocrx_word' id='word_1_242' title='bbox 817 1942 947 1997; x_wconf 86' lang='lat' dir='ltr'><strong>aduersus</strong></span> <span class='ocrx_word' id='word_1_243' title='bbox 973 1942 1018 1999; x_wconf 91' lang='lat' dir='ltr'><strong>in-</strong></span> 
     </span>
     <span class='ocr_line' id='line_1_21' title="bbox 223 2024 1019 2103; baseline 0.008 -21"><span class='ocrx_word' id='word_1_244' title='bbox 223 2026 380 2084; x_wconf 77' lang='lat' dir='ltr'><strong>constantiae</strong></span> <span class='ocrx_word' id='word_1_245' title='bbox 393 2024 609 2081; x_wconf 81' lang='lat' dir='ltr'><strong>concussionem.</strong></span> <span class='ocrx_word' id='word_1_246' title='bbox 624 2024 695 2095; x_wconf 86' lang='lat' dir='ltr'><strong>Quid</strong></span> <span class='ocrx_word' id='word_1_247' title='bbox 709 2036 798 2084; x_wconf 88' lang='lat' dir='ltr'><strong>autem</strong></span> <span class='ocrx_word' id='word_1_248' title='bbox 821 2031 893 2086; x_wconf 90' lang='lat' dir='ltr'><strong>alind</strong></span> <span class='ocrx_word' id='word_1_249' title='bbox 913 2040 1019 2103; x_wconf 90' lang='lat' dir='ltr'><strong>saperet</strong></span> 
     </span>
     <span class='ocr_line' id='line_1_22' title="bbox 223 2113 1018 2190; baseline 0.009 -20"><span class='ocrx_word' id='word_1_250' title='bbox 223 2117 265 2175; x_wconf 85' lang='lat' dir='ltr'><strong>vir</strong></span> <span class='ocrx_word' id='word_1_251' title='bbox 279 2115 390 2188; x_wconf 84' lang='lat' dir='ltr'><strong>quilibet</strong></span> <span class='ocrx_word' id='word_1_252' title='bbox 407 2113 504 2183; x_wconf 89' lang='lat' dir='ltr'><strong>injuria</strong></span> <span class='ocrx_word' id='word_1_253' title='bbox 532 2114 685 2185; x_wconf 87' lang='lat' dir='ltr'><strong>damnatus,</strong></span> <span class='ocrx_word' id='word_1_254' title='bbox 710 2125 809 2189; x_wconf 80' lang='lat' dir='ltr'><strong>praeter</strong></span> <span class='ocrx_word' id='word_1_255' title='bbox 824 2118 929 2190; x_wconf 87' lang='lat' dir='ltr'><strong>injuriae</strong></span> <span class='ocrx_word' id='word_1_256' title='bbox 948 2119 1018 2178; x_wconf 90' lang='lat' dir='ltr'><strong>sola-</strong></span> 
     </span>
     <span class='ocr_line' id='line_1_23' title="bbox 221 2200 1020 2277; baseline 0.009 -17"><span class='ocrx_word' id='word_1_257' title='bbox 221 2220 295 2271; x_wconf 89' lang='lat' dir='ltr'><strong>men,</strong></span> <span class='ocrx_word' id='word_1_258' title='bbox 324 2202 421 2258; x_wconf 90' lang='lat' dir='ltr'><strong>nedum</strong></span> <span class='ocrx_word' id='word_1_259' title='bbox 447 2200 638 2275; x_wconf 86' lang='lat' dir='ltr'><strong>philosophus,</strong></span> <span class='ocrx_word' id='word_1_260' title='bbox 662 2203 755 2277; x_wconf 76' lang='lat' dir='ltr'><strong>gloriae</strong></span> <span class='ocrx_word' id='word_1_261' title='bbox 774 2207 883 2277; x_wconf 89' lang='lat' dir='ltr'><strong>animal,</strong></span> <span class='ocrx_word' id='word_1_262' title='bbox 906 2209 951 2264; x_wconf 88' lang='lat' dir='ltr'><strong>cui</strong></span> <span class='ocrx_word' id='word_1_263' title='bbox 969 2225 1020 2267; x_wconf 91' lang='lat' dir='ltr'><strong>nec</strong></span> 
     </span>
     <span class='ocr_line' id='line_1_24' title="bbox 221 2289 1015 2368; baseline 0.003 -18"><span class='ocrx_word' id='word_1_264' title='bbox 221 2290 387 2350; x_wconf 89' lang='lat' dir='ltr'><strong>consolanda</strong></span> <span class='ocrx_word' id='word_1_265' title='bbox 401 2289 508 2359; x_wconf 87' lang='lat' dir='ltr'><strong>injuria,</strong></span> <span class='ocrx_word' id='word_1_266' title='bbox 524 2291 571 2348; x_wconf 91' lang='lat' dir='ltr'><strong>sed</strong></span> <span class='ocrx_word' id='word_1_267' title='bbox 587 2292 677 2363; x_wconf 91' lang='lat' dir='ltr'><strong>potius</strong></span> <span class='ocrx_word' id='word_1_268' title='bbox 695 2292 868 2351; x_wconf 78' lang='lat' dir='ltr'><strong>insultanda?</strong></span> <span class='ocrx_word' id='word_1_269' title='bbox 881 2296 1015 2368; x_wconf 87' lang='lat' dir='ltr'><strong>Denique,</strong></span> 
     </span>
     <span class='ocr_line' id='line_1_25' title="bbox 221 2379 1017 2454; baseline 0.001 -16"><span class='ocrx_word' id='word_1_270' title='bbox 221 2389 282 2454; x_wconf 91' lang='lat' dir='ltr'><strong>post</strong></span> <span class='ocrx_word' id='word_1_271' title='bbox 299 2381 468 2453; x_wconf 89' lang='lat' dir='ltr'><strong>senteutiam,</strong></span> <span class='ocrx_word' id='word_1_272' title='bbox 492 2380 578 2439; x_wconf 84' lang='lat' dir='ltr'><strong>obviae</strong></span> <span class='ocrx_word' id='word_1_273' title='bbox 598 2379 710 2452; x_wconf 86' lang='lat' dir='ltr'><strong>conjugi</strong></span> <span class='ocrx_word' id='word_1_274' title='bbox 733 2389 760 2436; x_wconf 91' lang='lat' dir='ltr'><strong>et</strong></span> <span class='ocrx_word' id='word_1_275' title='bbox 781 2382 949 2441; x_wconf 87' lang='lat' dir='ltr'><strong>muliebriter</strong></span> <span class='ocrx_word' id='word_1_276' title='bbox 971 2384 1017 2439; x_wconf 93' lang='lat' dir='ltr'><strong>in-</strong></span> 
     </span>
     <span class='ocr_line' id='line_1_26' title="bbox 221 2469 1018 2543; baseline 0 -15"><span class='ocrx_word' id='word_1_277' title='bbox 221 2470 363 2528; x_wconf 83' lang='lat' dir='ltr'><strong>clamanti:</strong></span> <span class='ocrx_word' id='word_1_278' title='bbox 388 2471 490 2540; x_wconf 89' lang='lat' dir='ltr'><strong>lnjuste</strong></span> <span class='ocrx_word' id='word_1_279' title='bbox 516 2469 656 2523; x_wconf 88' lang='lat' dir='ltr'><strong>damnatus</strong></span> <span class='ocrx_word' id='word_1_280' title='bbox 684 2484 724 2539; x_wconf 87' lang='lat' dir='ltr'><strong>es,</strong></span> <span class='ocrx_word' id='word_1_281' title='bbox 751 2470 893 2543; x_wconf 82' lang='lat' dir='ltr'><strong>Socrates3</strong></span> <span class='ocrx_word' id='word_1_282' title='bbox 913 2473 970 2542; x_wconf 84' lang='lat' dir='ltr'><strong>jam</strong></span> <span class='ocrx_word' id='word_1_283' title='bbox 992 2481 1018 2528; x_wconf 90' lang='lat' dir='ltr'><strong>et</strong></span> 
     </span>
     <span class='ocr_line' id='line_1_27' title="bbox 223 2556 1017 2634; baseline 0.004 -20"><span class='ocrx_word' id='word_1_284' title='bbox 223 2558 257 2615; x_wconf 89' lang='lat' dir='ltr'><strong>da</strong></span> <span class='ocrx_word' id='word_1_285' title='bbox 271 2559 447 2634; x_wconf 79' lang='lat' dir='ltr'><strong>gratulatione</strong></span> <span class='ocrx_word' id='word_1_286' title='bbox 461 2556 656 2628; x_wconf 84' lang='lat' dir='ltr'><strong>responderat:</strong></span> <span class='ocrx_word' id='word_1_287' title='bbox 677 2556 795 2613; x_wconf 89' lang='lat' dir='ltr'><strong>Volebas</strong></span> <span class='ocrx_word' id='word_1_288' title='bbox 817 2570 907 2618; x_wconf 89' lang='lat' dir='ltr'><strong>autem</strong></span> <span class='ocrx_word' id='word_1_289' title='bbox 928 2562 1017 2631; x_wconf 79' lang='lat' dir='ltr'><strong>justet</strong></span> 
     </span>
    </p>
   </div>
   <div class='ocr_carea' id='block_1_6' title="bbox 1071 1837 1914 2634">
    <p class='ocr_par' dir='ltr' id='par_1_7' title="bbox 1071 1837 1914 2634">
     <span class='ocr_line' id='line_1_28' title="bbox 1073 1837 1868 1924; baseline -0.021 -15"><span class='ocrx_word' id='word_1_290' title='bbox 1073 1870 1145 1908; x_wconf 89' lang='lat' dir='ltr'><strong>mam</strong></span> <span class='ocrx_word' id='word_1_291' title='bbox 1172 1853 1223 1924; x_wconf 87' lang='grc'>(6),</span> <span class='ocrx_word' id='word_1_292' title='bbox 1246 1868 1297 1908; x_wconf 91' lang='lat' dir='ltr'><strong>nec</strong></span> <span class='ocrx_word' id='word_1_293' title='bbox 1320 1866 1440 1924; x_wconf 90' lang='lat' dir='ltr'><strong>unquam</strong></span> <span class='ocrx_word' id='word_1_294' title='bbox 1467 1850 1577 1914; x_wconf 89' lang='lat' dir='ltr'><strong>bonam,</strong></span> <span class='ocrx_word' id='word_1_295' title='bbox 1609 1841 1718 1915; x_wconf 82' lang='lat' dir='ltr'><strong>antiqui</strong></span> <span class='ocrx_word' id='word_1_296' title='bbox 1744 1837 1868 1895; x_wconf 78' lang='lat' dir='ltr'><strong>errorh‘</strong></span> 
     </span>
     <span class='ocr_line' id='line_1_29' title="bbox 1075 1926 1869 2010; baseline -0.02 -13"><span class='ocrx_word' id='word_1_297' title='bbox 1075 1942 1216 2010; x_wconf 88' lang='lat' dir='ltr'><strong>artilicem,</strong></span> <span class='ocrx_word' id='word_1_298' title='bbox 1236 1940 1326 1995; x_wconf 91' lang='lat' dir='ltr'><strong>omnis</strong></span> <span class='ocrx_word' id='word_1_299' title='bbox 1349 1938 1469 1995; x_wconf 85' lang='lat' dir='ltr'><strong>ueritatis</strong></span> <span class='ocrx_word' id='word_1_300' title='bbox 1493 1933 1674 1994; x_wconf 87' lang='lat' dir='ltr'><strong>avocatricem</strong></span> <span class='ocrx_word' id='word_1_301' title='bbox 1696 1929 1759 1986; x_wconf 84' lang='lat' dir='ltr'><strong>sola</strong></span> <span class='ocrx_word' id='word_1_302' title='bbox 1792 1926 1869 1986; x_wconf 74' lang='lat' dir='ltr'><strong>trade</strong></span> 
     </span>
     <span class='ocr_line' id='line_1_30' title="bbox 1073 2015 1868 2102; baseline -0.02 -16"><span class='ocrx_word' id='word_1_303' title='bbox 1073 2030 1110 2086; x_wconf 93' lang='lat' dir='ltr'><strong>cit</strong></span> <span class='ocrx_word' id='word_1_304' title='bbox 1124 2030 1173 2102; x_wconf 79' lang='grc'>(7).</span> <span class='ocrx_word' id='word_1_305' title='bbox 1195 2029 1274 2100; x_wconf 86' lang='lat' dir='ltr'><strong>Quod</strong></span> <span class='ocrx_word' id='word_1_306' title='bbox 1299 2028 1322 2084; x_wconf 91' lang='lat' dir='ltr'><strong>si</strong></span> <span class='ocrx_word' id='word_1_307' title='bbox 1351 2028 1451 2085; x_wconf 89' lang='lat' dir='ltr'><strong>idcirco</strong></span> <span class='ocrx_word' id='word_1_308' title='bbox 1477 2022 1565 2082; x_wconf 68' lang='lat'><strong>6³18</strong></span> <span class='ocrx_word' id='word_1_309' title='bbox 1591 2015 1868 2094; x_wconf 80' lang='lat' dir='ltr'><strong>sapientissimuaso·</strong></span> 
     </span>
     <span class='ocr_line' id='line_1_31' title="bbox 1072 2103 1867 2189; baseline -0.021 -14"><span class='ocrx_word' id='word_1_310' title='bbox 1072 2126 1160 2176; x_wconf 88' lang='lat' dir='ltr'><strong>crates</strong></span> <span class='ocrx_word' id='word_1_311' title='bbox 1174 2118 1325 2175; x_wconf 90' lang='lat' dir='ltr'><strong>secundum</strong></span> <span class='ocrx_word' id='word_1_312' title='bbox 1338 2116 1426 2189; x_wconf 89' lang='lat' dir='ltr'><strong>Pythii</strong></span> <span class='ocrx_word' id='word_1_313' title='bbox 1437 2130 1545 2189; x_wconf 91' lang='lat' dir='ltr'><strong>quoque</strong></span> <span class='ocrx_word' id='word_1_314' title='bbox 1554 2109 1688 2168; x_wconf 82' lang='lat' dir='ltr'><strong>daenionis</strong></span> <span class='ocrx_word' id='word_1_315' title='bbox 1707 2103 1867 2178; x_wconf 76' lang='lat' dir='ltr'><strong>suffragium,</strong></span> 
     </span>
     <span class='ocr_line' id='line_1_32' title="bbox 1071 2193 1869 2279; baseline -0.019 -18"><span class='ocrx_word' id='word_1_316' title='bbox 1071 2207 1174 2264; x_wconf 91' lang='lat' dir='ltr'><strong>scilicet</strong></span> <span class='ocrx_word' id='word_1_317' title='bbox 1187 2206 1327 2279; x_wconf 90' lang='lat' dir='ltr'><strong>negotium</strong></span> <span class='ocrx_word' id='word_1_318' title='bbox 1341 2205 1463 2265; x_wconf 82' lang='lat' dir='ltr'><strong>navantis</strong></span> <span class='ocrx_word' id='word_1_319' title='bbox 1476 2202 1551 2258; x_wconf 90' lang='lat' dir='ltr'><strong>socio</strong></span> <span class='ocrx_word' id='word_1_320' title='bbox 1566 2214 1627 2269; x_wconf 93' lang='lat' dir='ltr'><strong>suo,</strong></span> <span class='ocrx_word' id='word_1_321' title='bbox 1641 2205 1749 2271; x_wconf 89' lang='lat' dir='ltr'><strong>quanto</strong></span> <span class='ocrx_word' id='word_1_322' title='bbox 1772 2193 1869 2267; x_wconf 84' lang='lat' dir='ltr'><strong>dignior</strong></span> 
     </span>
     <span class='ocr_line' id='line_1_33' title="bbox 1071 2281 1869 2367; baseline -0.008 -18"><span class='ocrx_word' id='word_1_323' title='bbox 1071 2303 1150 2367; x_wconf 90' lang='lat' dir='ltr'><strong>atquo</strong></span> <span class='ocrx_word' id='word_1_324' title='bbox 1188 2294 1354 2352; x_wconf 86' lang='lat' dir='ltr'><strong>constantior</strong></span> <span class='ocrx_word' id='word_1_325' title='bbox 1379 2291 1532 2350; x_wconf 86' lang='lat' dir='ltr'><strong>christianae</strong></span> <span class='ocrx_word' id='word_1_326' title='bbox 1573 2286 1717 2359; x_wconf 74' lang='lat' dir='ltr'><strong>sapientie</strong></span> <span class='ocrx_word' id='word_1_327' title='bbox 1755 2281 1869 2343; x_wconf 71' lang='lat' dir='ltr'><strong>uuerde.</strong></span> 
     </span>
     <span class='ocr_line' id='line_1_34' title="bbox 1071 2373 1914 2456; baseline -0.017 -17"><span class='ocrx_word' id='word_1_328' title='bbox 1071 2384 1150 2453; x_wconf 81' lang='lat' dir='ltr'><strong>cujus</strong></span> <span class='ocrx_word' id='word_1_329' title='bbox 1174 2382 1284 2440; x_wconf 80' lang='lat' dir='ltr'><strong>adflatui</strong></span> <span class='ocrx_word' id='word_1_330' title='bbox 1300 2390 1356 2439; x_wconf 86' lang='lat' dir='ltr'><strong>tota</strong></span> <span class='ocrx_word' id='word_1_331' title='bbox 1381 2383 1423 2440; x_wconf 83' lang='lat' dir='ltr'><strong>ris</strong></span> <span class='ocrx_word' id='word_1_332' title='bbox 1447 2381 1601 2438; x_wconf 85' lang='lat' dir='ltr'><strong>daemonum</strong></span> <span class='ocrx_word' id='word_1_333' title='bbox 1626 2374 1720 2432; x_wconf 82' lang='lat' dir='ltr'><strong>ceditl</strong></span> <span class='ocrx_word' id='word_1_334' title='bbox 1747 2373 1810 2429; x_wconf 86' lang='lat' dir='ltr'><strong>llaec</strong></span> <span class='ocrx_word' id='word_1_335' title='bbox 1830 2384 1869 2426; x_wconf 85' lang='lat' dir='ltr'><strong>aa·</strong></span> <span class='ocrx_word' id='word_1_336' title='bbox 1912 2402 1914 2456; x_wconf 44' lang='grc' dir='ltr'><strong>ς</strong></span> 
     </span>
     <span class='ocr_line' id='line_1_35' title="bbox 1072 2461 1869 2542; baseline -0.014 -16"><span class='ocrx_word' id='word_1_337' title='bbox 1072 2472 1172 2542; x_wconf 88' lang='lat' dir='ltr'><strong>pientia</strong></span> <span class='ocrx_word' id='word_1_338' title='bbox 1190 2472 1224 2529; x_wconf 92' lang='lat' dir='ltr'><strong>de</strong></span> <span class='ocrx_word' id='word_1_339' title='bbox 1239 2471 1331 2529; x_wconf 89' lang='lat' dir='ltr'><strong>schola</strong></span> <span class='ocrx_word' id='word_1_340' title='bbox 1348 2471 1411 2528; x_wconf 85' lang='lat' dir='ltr'><strong>coeli</strong></span> <span class='ocrx_word' id='word_1_341' title='bbox 1434 2469 1502 2525; x_wconf 91' lang='lat' dir='ltr'><strong>deos</strong></span> <span class='ocrx_word' id='word_1_342' title='bbox 1525 2466 1633 2540; x_wconf 88' lang='lat' dir='ltr'><strong>quidem</strong></span> <span class='ocrx_word' id='word_1_343' title='bbox 1658 2461 1755 2519; x_wconf 81' lang='lat' dir='ltr'><strong>saeculi</strong></span> <span class='ocrx_word' id='word_1_344' title='bbox 1781 2474 1869 2534; x_wconf 71' lang='lat' dir='ltr'><strong>nagan</strong></span> 
     </span>
     <span class='ocr_line' id='line_1_36' title="bbox 1072 2546 1869 2634; baseline -0.018 -17"><span class='ocrx_word' id='word_1_345' title='bbox 1072 2561 1192 2627; x_wconf 89' lang='lat' dir='ltr'><strong>liberior,</strong></span> <span class='ocrx_word' id='word_1_346' title='bbox 1207 2576 1268 2634; x_wconf 86' lang='lat' dir='ltr'><strong>quae</strong></span> <span class='ocrx_word' id='word_1_347' title='bbox 1286 2560 1390 2617; x_wconf 92' lang='lat' dir='ltr'><strong>nullum</strong></span> <span class='ocrx_word' id='word_1_348' title='bbox 1414 2557 1568 2627; x_wconf 82' lang='lat' dir='ltr'><strong>disculapio</strong></span> <span class='ocrx_word' id='word_1_349' title='bbox 1595 2551 1777 2628; x_wconf 81' lang='lat' dir='ltr'><strong>gallinaceum</strong></span> <span class='ocrx_word' id='word_1_350' title='bbox 1803 2546 1869 2605; x_wconf 83' lang='lat' dir='ltr'><strong>redd</strong></span> 
     </span>
    </p>
   </div>
   <div class='ocr_carea' id='block_1_7' title="bbox 910 2659 1183 2724">
    <p class='ocr_par' dir='ltr' id='par_1_8' title="bbox 910 2659 1183 2724">
     <span class='ocr_line' id='line_1_37' title="bbox 910 2659 1183 2724; baseline 0 -3"><span class='ocrx_word' id='word_1_351' title='bbox 910 2659 1005 2721; x_wconf 80' lang='lat' dir='ltr'><strong>Variae</strong></span> <span class='ocrx_word' id='word_1_352' title='bbox 1027 2662 1183 2724; x_wconf 91' lang='lat' dir='ltr'><strong>lectiones.</strong></span> 
     </span>
    </p>
   </div>
   <div class='ocr_carea' id='block_1_8' title="bbox 223 2744 1870 2965">
    <p class='ocr_par' dir='ltr' id='par_1_9' title="bbox 223 2744 1870 2965">
     <span class='ocr_line' id='line_1_38' title="bbox 261 2744 1870 2829; baseline -0.004 -18"><span class='ocrx_word' id='word_1_353' title='bbox 261 2756 270 2794; x_wconf 89' lang='lat'><strong>¹</strong></span> <span class='ocrx_word' id='word_1_354' title='bbox 285 2754 315 2811; x_wconf 93' lang='lat' dir='ltr'><strong>lu</strong></span> <span class='ocrx_word' id='word_1_355' title='bbox 333 2763 465 2825; x_wconf 90' lang='lat' dir='ltr'><strong>tempore,</strong></span> <span class='ocrx_word' id='word_1_356' title='bbox 482 2752 603 2825; x_wconf 86' lang='lat' dir='ltr'><strong>llagistri</strong></span> <span class='ocrx_word' id='word_1_357' title='bbox 621 2753 739 2825; x_wconf 78' lang='lat' dir='ltr'><strong>distinq.</strong></span> <span class='ocrx_word' id='word_1_358' title='bbox 769 2757 830 2828; x_wconf 76' lang='lat' dir='ltr'><strong>lli&#39;p.</strong></span> <span class='ocrx_word' id='word_1_359' title='bbox 846 2756 858 2793; x_wconf 81' lang='lat'>²</span> <span class='ocrx_word' id='word_1_360' title='bbox 873 2754 1022 2812; x_wconf 87' lang='lat' dir='ltr'><strong>lndiscatas</strong></span> <span class='ocrx_word' id='word_1_361' title='bbox 1050 2759 1118 2815; x_wconf 89' lang='lat' dir='ltr'><strong>Par.</strong></span> <span class='ocrx_word' id='word_1_362' title='bbox 1135 2765 1161 2813; x_wconf 93' lang='lat' dir='ltr'><strong>et</strong></span> <span class='ocrx_word' id='word_1_363' title='bbox 1175 2756 1351 2813; x_wconf 85' lang='lat' dir='ltr'><strong>lemniscatas</strong></span> <span class='ocrx_word' id='word_1_364' title='bbox 1365 2757 1427 2811; x_wconf 82' lang='lat' dir='ltr'><strong>bet.</strong></span> <span class='ocrx_word' id='word_1_365' title='bbox 1445 2752 1610 2817; x_wconf 88' lang='lat' dir='ltr'><strong>miniclatas,</strong></span> <span class='ocrx_word' id='word_1_366' title='bbox 1628 2750 1683 2817; x_wconf 83' lang='lat' dir='ltr'><strong>uel,</strong></span> <span class='ocrx_word' id='word_1_367' title='bbox 1699 2744 1870 2829; x_wconf 64' lang='lat' dir='ltr'><strong>numiculattt</strong></span> 
     </span>
     <span class='ocr_line' id='line_1_39' title="bbox 224 2818 1869 2902; baseline -0.007 -18"><span class='ocrx_word' id='word_1_368' title='bbox 224 2828 289 2884; x_wconf 74' lang='lat' dir='ltr'><strong>lais.</strong></span> <span class='ocrx_word' id='word_1_369' title='bbox 305 2826 317 2864; x_wconf 81' lang='lat'>³</span> <span class='ocrx_word' id='word_1_370' title='bbox 332 2826 478 2883; x_wconf 81' lang='lat' dir='ltr'><strong>vindicans</strong></span> <span class='ocrx_word' id='word_1_371' title='bbox 492 2825 558 2883; x_wconf 87' lang='lat' dir='ltr'><strong>Por.</strong></span> <span class='ocrx_word' id='word_1_372' title='bbox 575 2825 754 2880; x_wconf 87' lang='lat' dir='ltr'><strong>immortalem</strong></span> <span class='ocrx_word' id='word_1_373' title='bbox 773 2826 914 2883; x_wconf 80' lang='lat' dir='ltr'><strong>vindicans</strong></span> <span class='ocrx_word' id='word_1_374' title='bbox 921 2827 1037 2884; x_wconf 88' lang='lat' dir='ltr'><strong>animam</strong></span> <span class='ocrx_word' id='word_1_375' title='bbox 1053 2830 1107 2885; x_wconf 83' lang='lat' dir='ltr'><strong>elii</strong></span> <span class='ocrx_word' id='word_1_376' title='bbox 1122 2829 1185 2885; x_wconf 84' lang='lat' dir='ltr'><strong>Lot.</strong></span> <span class='ocrx_word' id='word_1_377' title='bbox 1201 2829 1327 2902; x_wconf 85' lang='lat' dir='ltr'><strong>reposuit</strong></span> <span class='ocrx_word' id='word_1_378' title='bbox 1342 2827 1494 2886; x_wconf 69' lang='lat' dir='ltr'><strong>viridiset</strong></span> <span class='ocrx_word' id='word_1_379' title='bbox 1509 2822 1618 2896; x_wconf 83' lang='lat' dir='ltr'><strong>Antiqui</strong></span> <span class='ocrx_word' id='word_1_380' title='bbox 1628 2820 1747 2877; x_wconf 87' lang='lat' dir='ltr'><strong>hominia</strong></span> <span class='ocrx_word' id='word_1_381' title='bbox 1760 2818 1869 2876; x_wconf 71' lang='lat' dir='ltr'><strong>eddim</strong></span> 
     </span>
     <span class='ocr_line' id='line_1_40' title="bbox 223 2895 958 2965; baseline 0.003 -13"><span class='ocrx_word' id='word_1_382' title='bbox 223 2900 289 2954; x_wconf 84' lang='lat' dir='ltr'><strong>Per.</strong></span> <span class='ocrx_word' id='word_1_383' title='bbox 305 2897 403 2955; x_wconf 89' lang='lat' dir='ltr'><strong>honorii</strong></span> <span class='ocrx_word' id='word_1_384' title='bbox 426 2895 528 2952; x_wconf 90' lang='lat' dir='ltr'><strong>homini</strong></span> <span class='ocrx_word' id='word_1_385' title='bbox 555 2895 658 2965; x_wconf 88' lang='lat' dir='ltr'><strong>antiqui</strong></span> <span class='ocrx_word' id='word_1_386' title='bbox 677 2896 790 2965; x_wconf 88' lang='lat' dir='ltr'><strong>erroris,</strong></span> <span class='ocrx_word' id='word_1_387' title='bbox 816 2906 868 2954; x_wconf 89' lang='lat' dir='ltr'><strong>etc.</strong></span> <span class='ocrx_word' id='word_1_388' title='bbox 889 2900 958 2956; x_wconf 74' lang='lat' dir='ltr'><strong>deii.</strong></span> 
     </span>
    </p>
   </div>
   <div class='ocr_carea' id='block_1_9' title="bbox 205 2972 1914 5678">
    <p class='ocr_par' dir='ltr' id='par_1_10' title="bbox 217 2972 1914 3972">
     <span class='ocr_line' id='line_1_41' title="bbox 257 2972 1779 3145; baseline 0.002 -45"><span class='ocrx_word' id='word_1_389' title='bbox 257 3045 297 3126; x_wconf 80' lang='lat' dir='ltr'><strong>(l)</strong></span> <span class='ocrx_word' id='word_1_390' title='bbox 313 3044 360 3101; x_wconf 90' lang='lat' dir='ltr'><strong>llic</strong></span> <span class='ocrx_word' id='word_1_391' title='bbox 374 3044 443 3101; x_wconf 89' lang='lat' dir='ltr'><strong>liber</strong></span> <span class='ocrx_word' id='word_1_392' title='bbox 475 3047 501 3101; x_wconf 93' lang='lat' dir='ltr'><strong>in</strong></span> <span class='ocrx_word' id='word_1_393' title='bbox 524 3047 669 3117; x_wconf 85' lang='lat' dir='ltr'><strong>eieinplari</strong></span> <span class='ocrx_word' id='word_1_394' title='bbox 698 3046 836 3120; x_wconf 80' lang='lat' dir='ltr'><strong>Agebardi</strong></span> <span class='ocrx_word' id='word_1_395' title='bbox 860 2972 1353 3145; x_wconf 43' lang='lat' dir='ltr'><strong>passgmilrffecmrssrlolrldisssententiam</strong></span> <span class='ocrx_word' id='word_1_396' title='bbox 1369 3048 1471 3104; x_wconf 84' lang='lat' dir='ltr'><strong>dixere.</strong></span> <span class='ocrx_word' id='word_1_397' title='bbox 1488 3047 1550 3103; x_wconf 86' lang='lat' dir='ltr'><strong>lire.</strong></span> <span class='ocrx_word' id='word_1_398' title='bbox 1773 3113 1779 3124; x_wconf 29' lang='grc' dir='ltr'>ι</span> 
     </span>
     <span class='ocr_line' id='line_1_42' title="bbox 222 3111 1869 3192; baseline -0.002 -20"><span class='ocrx_word' id='word_1_399' title='bbox 222 3117 360 3182; x_wconf 77' lang='lat' dir='ltr'><strong>scribitur,</strong></span> <span class='ocrx_word' id='word_1_400' title='bbox 377 3119 509 3174; x_wconf 77' lang='lat' dir='ltr'><strong>uicinia</strong></span> <span class='ocrx_word' id='word_1_401' title='bbox 522 3119 648 3184; x_wconf 75' lang='lat' dir='ltr'><strong>Animis,-</strong></span> <span class='ocrx_word' id='word_1_402' title='bbox 665 3120 714 3173; x_wconf 89' lang='lat' dir='ltr'><strong>sed</strong></span> <span class='ocrx_word' id='word_1_403' title='bbox 733 3119 813 3174; x_wconf 88' lang='lat' dir='ltr'><strong>lalso.</strong></span> <span class='ocrx_word' id='word_1_404' title='bbox 839 3123 917 3190; x_wconf 90' lang='lat' dir='ltr'><strong>Nam,</strong></span> <span class='ocrx_word' id='word_1_405' title='bbox 943 3128 973 3178; x_wconf 97' lang='lat' dir='ltr'><strong>ut</strong></span> <span class='ocrx_word' id='word_1_406' title='bbox 992 3139 1025 3179; x_wconf 88' lang='lat' dir='ltr'><strong>eii</strong></span> <span class='ocrx_word' id='word_1_407' title='bbox 1116 3122 1156 3192; x_wconf 85' lang='lat' dir='ltr'><strong>(u)</strong></span> <span class='ocrx_word' id='word_1_408' title='bbox 1171 3120 1408 3179; x_wconf 75' lang='lat' dir='ltr'><strong>ildcoomriisille</strong></span> <span class='ocrx_word' id='word_1_409' title='bbox 1419 3123 1489 3173; x_wconf 84' lang='lat' dir='ltr'><strong>lune</strong></span> <span class='ocrx_word' id='word_1_410' title='bbox 1505 3114 1650 3188; x_wconf 78' lang='lat' dir='ltr'><strong>sapientie</strong></span> <span class='ocrx_word' id='word_1_411' title='bbox 1664 3111 1869 3171; x_wconf 75' lang='lat' dir='ltr'><strong>sociathult</strong></span> 
     </span>
     <span class='ocr_line' id='line_1_43' title="bbox 223 3180 1914 3259; baseline -0.002 -18"><span class='ocrx_word' id='word_1_412' title='bbox 223 3187 300 3244; x_wconf 90' lang='lat' dir='ltr'><strong>istius</strong></span> <span class='ocrx_word' id='word_1_413' title='bbox 313 3188 403 3259; x_wconf 91' lang='lat' dir='ltr'><strong>operis</strong></span> <span class='ocrx_word' id='word_1_414' title='bbox 415 3187 547 3258; x_wconf 93' lang='lat' dir='ltr'><strong>principio</strong></span> <span class='ocrx_word' id='word_1_415' title='bbox 572 3194 645 3259; x_wconf 89' lang='lat' dir='ltr'><strong>patet</strong></span> <span class='ocrx_word' id='word_1_416' title='bbox 661 3230 668 3254; x_wconf 95' lang='lat'><strong>,</strong></span> <span class='ocrx_word' id='word_1_417' title='bbox 686 3188 708 3242; x_wconf 93' lang='lat' dir='ltr'><strong>is</strong></span> <span class='ocrx_word' id='word_1_418' title='bbox 731 3186 781 3243; x_wconf 87' lang='lat' dir='ltr'><strong>luit</strong></span> <span class='ocrx_word' id='word_1_419' title='bbox 800 3191 893 3247; x_wconf 93' lang='lat' dir='ltr'><strong>titulus</strong></span> <span class='ocrx_word' id='word_1_420' title='bbox 916 3192 1026 3248; x_wconf 88' lang='lat' dir='ltr'><strong>alterius</strong></span> <span class='ocrx_word' id='word_1_421' title='bbox 1080 3193 1123 3247; x_wconf 92' lang='lat' dir='ltr'><strong>hic</strong></span> <span class='ocrx_word' id='word_1_422' title='bbox 1137 3192 1212 3246; x_wconf 86' lang='lat' dir='ltr'><strong>reddi</strong></span> <span class='ocrx_word' id='word_1_423' title='bbox 1227 3207 1336 3246; x_wconf 87' lang='lat' dir='ltr'><strong>sensnm</strong></span> <span class='ocrx_word' id='word_1_424' title='bbox 1347 3191 1491 3247; x_wconf 89' lang='lat' dir='ltr'><strong>verborum</strong></span> <span class='ocrx_word' id='word_1_425' title='bbox 1505 3185 1633 3254; x_wconf 89' lang='lat' dir='ltr'><strong>Platonis,</strong></span> <span class='ocrx_word' id='word_1_426' title='bbox 1648 3184 1675 3238; x_wconf 93' lang='lat' dir='ltr'><strong>io</strong></span> <span class='ocrx_word' id='word_1_427' title='bbox 1687 3180 1868 3240; x_wconf 77' lang='lat' dir='ltr'><strong>Plioedooazil</strong></span> <span class='ocrx_word' id='word_1_428' title='bbox 1911 3210 1914 3215; x_wconf 95' lang='lat'>·</span> 
     </span>
     <span class='ocr_line' id='line_1_44' title="bbox 221 3249 1913 3378; baseline -0.005 -65"><span class='ocrx_word' id='word_1_429' title='bbox 221 3258 283 3315; x_wconf 92' lang='lat' dir='ltr'><strong>libri</strong></span> <span class='ocrx_word' id='word_1_430' title='bbox 299 3259 517 3332; x_wconf 84' lang='lat' dir='ltr'><strong>quemadsersus</strong></span> <span class='ocrx_word' id='word_1_431' title='bbox 538 3259 740 3334; x_wconf 86' lang='lat' dir='ltr'><strong>Hermogenem</strong></span> <span class='ocrx_word' id='word_1_432' title='bbox 760 3260 904 3330; x_wconf 89' lang='lat' dir='ltr'><strong>Septimius</strong></span> <span class='ocrx_word' id='word_1_433' title='bbox 936 3273 1030 3319; x_wconf 89' lang='lat' dir='ltr'><strong>noster</strong></span> <span class='ocrx_word' id='word_1_434' title='bbox 1084 3261 1128 3335; x_wconf 77' lang='grc' dir='ltr'><strong>μὲν</strong></span> <span class='ocrx_word' id='word_1_435' title='bbox 1143 3263 1255 3335; x_wconf 76' lang='grc' dir='ltr'>τυγχάνει</span> <span class='ocrx_word' id='word_1_436' title='bbox 1275 3261 1349 3330; x_wconf 72' lang='grc' dir='ltr'>ἀληθῆ</span> <span class='ocrx_word' id='word_1_437' title='bbox 1363 3261 1451 3314; x_wconf 76' lang='lat' dir='ltr'><strong>doreti</strong></span> <span class='ocrx_word' id='word_1_438' title='bbox 1472 3258 1519 3330; x_wconf 77' lang='grc' dir='ltr'><strong>ἐγὼ</strong></span> <span class='ocrx_word' id='word_1_439' title='bbox 1538 3259 1615 3329; x_wconf 78' lang='grc' dir='ltr'>λέγω,</span> <span class='ocrx_word' id='word_1_440' title='bbox 1629 3260 1710 3315; x_wconf 70' lang='grc' dir='ltr'><strong>καλῶς</strong></span> <span class='ocrx_word' id='word_1_441' title='bbox 1727 3249 1766 3378; x_wconf 41' lang='grc' dir='ltr'><strong>ὅδὲ</strong></span> <span class='ocrx_word' id='word_1_442' title='bbox 1780 3254 1829 3323; x_wconf 73' lang='grc' dir='ltr'><strong>ἔχει</strong></span> <span class='ocrx_word' id='word_1_443' title='bbox 1847 3270 1867 3305; x_wconf 84' lang='grc' dir='ltr'><strong>ιι</strong></span> <span class='ocrx_word' id='word_1_444' title='bbox 1911 3276 1913 3283; x_wconf 90' lang='grc'><strong><em>·</em></strong></span> 
     </span>
     <span class='ocr_line' id='line_1_45' title="bbox 220 3323 1913 3404; baseline -0.005 -18"><span class='ocrx_word' id='word_1_445' title='bbox 220 3340 418 3401; x_wconf 89' lang='lat' dir='ltr'><strong>composuerat,</strong></span> <span class='ocrx_word' id='word_1_446' title='bbox 436 3340 466 3387; x_wconf 94' lang='lat' dir='ltr'><strong>ut</strong></span> <span class='ocrx_word' id='word_1_447' title='bbox 487 3329 642 3386; x_wconf 85' lang='lat' dir='ltr'><strong>ostenderet</strong></span> <span class='ocrx_word' id='word_1_448' title='bbox 670 3328 735 3400; x_wconf 92' lang='lat' dir='ltr'><strong>quid</strong></span> <span class='ocrx_word' id='word_1_449' title='bbox 756 3332 860 3386; x_wconf 88' lang='lat' dir='ltr'><strong>censeri</strong></span> <span class='ocrx_word' id='word_1_450' title='bbox 875 3332 965 3388; x_wconf 89' lang='lat' dir='ltr'><strong>anima</strong></span> <span class='ocrx_word' id='word_1_451' title='bbox 979 3334 1027 3390; x_wconf 91' lang='lat' dir='ltr'><strong>de·</strong></span> <span class='ocrx_word' id='word_1_452' title='bbox 1082 3336 1225 3390; x_wconf 73' lang='grc' dir='ltr'><strong>πεισθῆναι·</strong></span> <span class='ocrx_word' id='word_1_453' title='bbox 1241 3331 1262 3386; x_wconf 81' lang='lat' dir='ltr'><strong>el</strong></span> <span class='ocrx_word' id='word_1_454' title='bbox 1271 3329 1298 3385; x_wconf 79' lang='grc' dir='ltr'><strong>δὲ</strong></span> <span class='ocrx_word' id='word_1_455' title='bbox 1315 3326 1388 3404; x_wconf 73' lang='grc' dir='ltr'>μηδὲν</span> <span class='ocrx_word' id='word_1_456' title='bbox 1404 3330 1455 3385; x_wconf 77' lang='grc' dir='ltr'><strong>ἐστι</strong></span> <span class='ocrx_word' id='word_1_457' title='bbox 1468 3329 1648 3395; x_wconf 75' lang='grc' dir='ltr'><strong>τελευτήσαντι,</strong></span> <span class='ocrx_word' id='word_1_458' title='bbox 1662 3325 1720 3379; x_wconf 80' lang='grc' dir='ltr'>ἀλλ’</span> <span class='ocrx_word' id='word_1_459' title='bbox 1734 3344 1750 3378; x_wconf 87' lang='lat' dir='ltr'><strong>c</strong></span> <span class='ocrx_word' id='word_1_460' title='bbox 1766 3342 1780 3377; x_wconf 82' lang='lat' dir='ltr'><strong>u</strong></span> <span class='ocrx_word' id='word_1_461' title='bbox 1794 3323 1870 3379; x_wconf 66' lang='lat' dir='ltr'><strong>radah</strong></span> <span class='ocrx_word' id='word_1_462' title='bbox 1911 3330 1913 3345; x_wconf 92' lang='lat'>&#39;</span> 
     </span>
     <span class='ocr_line' id='line_1_46' title="bbox 220 3394 1913 3488; baseline -0.006 -30"><span class='ocrx_word' id='word_1_463' title='bbox 220 3402 306 3458; x_wconf 89' lang='lat' dir='ltr'><strong>beret.</strong></span> <span class='ocrx_word' id='word_1_464' title='bbox 327 3403 432 3458; x_wconf 87' lang='lat' dir='ltr'><strong>Etenim</strong></span> <span class='ocrx_word' id='word_1_465' title='bbox 446 3408 575 3460; x_wconf 86' lang='lat' dir='ltr'><strong>coitstcrc</strong></span> <span class='ocrx_word' id='word_1_466' title='bbox 589 3417 625 3459; x_wconf 84' lang='lat' dir='ltr'><strong>ea</strong></span> <span class='ocrx_word' id='word_1_467' title='bbox 638 3403 688 3456; x_wconf 83' lang='lat' dir='ltr'><strong>llet&#39;</strong></span> <span class='ocrx_word' id='word_1_468' title='bbox 709 3402 793 3470; x_wconf 81' lang='lat' dir='ltr'><strong>fletu,</strong></span> <span class='ocrx_word' id='word_1_469' title='bbox 816 3419 883 3471; x_wconf 84' lang='lat' dir='ltr'><strong>iton,</strong></span> <span class='ocrx_word' id='word_1_470' title='bbox 903 3412 934 3460; x_wconf 95' lang='lat' dir='ltr'><strong>ut</strong></span> <span class='ocrx_word' id='word_1_471' title='bbox 964 3403 1029 3460; x_wconf 87' lang='lat' dir='ltr'><strong>ller-</strong></span> <span class='ocrx_word' id='word_1_472' title='bbox 1081 3425 1109 3474; x_wconf 69' lang='lat' dir='ltr'><strong>qi</strong></span> <span class='ocrx_word' id='word_1_473' title='bbox 1120 3405 1163 3459; x_wconf 80' lang='lat' dir='ltr'><strong>rbi</strong></span> <span class='ocrx_word' id='word_1_474' title='bbox 1179 3406 1264 3477; x_wconf 73' lang='grc' dir='ltr'>χρόνον</span> <span class='ocrx_word' id='word_1_475' title='bbox 1278 3404 1320 3458; x_wconf 78' lang='lat' dir='ltr'><strong>aba</strong></span> <span class='ocrx_word' id='word_1_476' title='bbox 1336 3403 1385 3475; x_wconf 72' lang='grc' dir='ltr'><strong>πρὸ</strong></span> <span class='ocrx_word' id='word_1_477' title='bbox 1395 3407 1439 3456; x_wconf 83' lang='grc' dir='ltr'><strong>τοῦ</strong></span> <span class='ocrx_word' id='word_1_478' title='bbox 1451 3394 1641 3473; x_wconf 62' lang='lat' dir='ltr'><strong>massengiaci</strong></span> <span class='ocrx_word' id='word_1_479' title='bbox 1655 3399 1708 3457; x_wconf 74' lang='grc' dir='ltr'><strong>τοῖς</strong></span> <span class='ocrx_word' id='word_1_480' title='bbox 1724 3399 1831 3488; x_wconf 65' lang='lat' dir='ltr'><strong>nepotas</strong></span> <span class='ocrx_word' id='word_1_481' title='bbox 1845 3412 1870 3447; x_wconf 83' lang='grc' dir='ltr'><strong>ιι</strong></span> <span class='ocrx_word' id='word_1_482' title='bbox 1911 3442 1913 3451; x_wconf 91' lang='grc'>,</span> 
     </span>
     <span class='ocr_line' id='line_1_47' title="bbox 219 3466 1868 3554; baseline -0.006 -26"><span class='ocrx_word' id='word_1_483' title='bbox 219 3489 362 3554; x_wconf 87' lang='lat' dir='ltr'><strong>morgenes</strong></span> <span class='ocrx_word' id='word_1_484' title='bbox 380 3473 549 3552; x_wconf 60' lang='lat' dir='ltr'><strong>dicebanex</strong></span> <span class='ocrx_word' id='word_1_485' title='bbox 560 3472 838 3543; x_wconf 79' lang='lat' dir='ltr'><strong>meteriiesapqesta,</strong></span> <span class='ocrx_word' id='word_1_486' title='bbox 859 3474 1028 3530; x_wconf 87' lang='lat' dir='ltr'><strong>linctantum</strong></span> <span class='ocrx_word' id='word_1_487' title='bbox 1080 3476 1139 3544; x_wconf 69' lang='lat' dir='ltr'><strong>abac</strong></span> <span class='ocrx_word' id='word_1_488' title='bbox 1153 3475 1240 3547; x_wconf 71' lang='grc' dir='ltr'><strong>ἔσομαι</strong></span> <span class='ocrx_word' id='word_1_489' title='bbox 1259 3475 1332 3546; x_wconf 72' lang='lat' dir='ltr'><strong>diupi</strong></span> <span class='ocrx_word' id='word_1_490' title='bbox 1364 3494 1417 3532; x_wconf 77' lang='grc' dir='ltr'>νος·</span> <span class='ocrx_word' id='word_1_491' title='bbox 1433 3470 1583 3543; x_wconf 71' lang='grc' dir='ltr'><strong>ἡδὲᾶγνιιά</strong></span> <span class='ocrx_word' id='word_1_492' title='bbox 1605 3488 1648 3542; x_wconf 82' lang='grc' dir='ltr'><strong>μοι</strong></span> <span class='ocrx_word' id='word_1_493' title='bbox 1662 3466 1725 3535; x_wconf 71' lang='lat' dir='ltr'><strong>atri</strong></span> <span class='ocrx_word' id='word_1_494' title='bbox 1752 3483 1868 3551; x_wconf 64' lang='lat' dir='ltr'><strong>mmm·</strong></span> 
     </span>
     <span class='ocr_line' id='line_1_48' title="bbox 221 3495 1868 3620; baseline -0.003 -22"><span class='ocrx_word' id='word_1_495' title='bbox 221 3558 254 3601; x_wconf 88' lang='lat' dir='ltr'><strong>eo</strong></span> <span class='ocrx_word' id='word_1_496' title='bbox 271 3542 372 3614; x_wconf 90' lang='lat' dir='ltr'><strong>libello,</strong></span> <span class='ocrx_word' id='word_1_497' title='bbox 387 3559 434 3615; x_wconf 88' lang='lat' dir='ltr'><strong>qur</strong></span> <span class='ocrx_word' id='word_1_498' title='bbox 449 3543 529 3600; x_wconf 89' lang='lat' dir='ltr'><strong>hodie</strong></span> <span class='ocrx_word' id='word_1_499' title='bbox 553 3542 732 3607; x_wconf 88' lang='lat' dir='ltr'><strong>desiderator,</strong></span> <span class='ocrx_word' id='word_1_500' title='bbox 758 3542 887 3602; x_wconf 88' lang='lat' dir='ltr'><strong>aduersus</strong></span> <span class='ocrx_word' id='word_1_501' title='bbox 921 3547 1027 3602; x_wconf 88' lang='lat' dir='ltr'><strong>haereti·</strong></span> <span class='ocrx_word' id='word_1_502' title='bbox 1081 3548 1155 3614; x_wconf 78' lang='grc' dir='ltr'>τελεῖ,</span> <span class='ocrx_word' id='word_1_503' title='bbox 1175 3547 1250 3600; x_wconf 69' lang='lat' dir='ltr'><strong>naabi</strong></span> <span class='ocrx_word' id='word_1_504' title='bbox 1268 3546 1314 3618; x_wconf 69' lang='grc' dir='ltr'><strong>γὰρ</strong></span> <span class='ocrx_word' id='word_1_505' title='bbox 1333 3495 1362 3599; x_wconf 54' lang='lat' dir='ltr'><strong>di</strong></span> <span class='ocrx_word' id='word_1_506' title='bbox 1384 3540 1423 3612; x_wconf 76' lang='grc' dir='ltr'><strong>ἦν,</strong></span> <span class='ocrx_word' id='word_1_507' title='bbox 1446 3545 1503 3597; x_wconf 77' lang='grc' dir='ltr'>ἀλλ’</span> <span class='ocrx_word' id='word_1_508' title='bbox 1521 3542 1601 3614; x_wconf 69' lang='grc' dir='ltr'>ὀλίγον</span> <span class='ocrx_word' id='word_1_509' title='bbox 1622 3541 1723 3611; x_wconf 76' lang='grc' dir='ltr'>ὕστερον</span> <span class='ocrx_word' id='word_1_510' title='bbox 1737 3537 1868 3620; x_wconf 52' lang='lat' dir='ltr'><strong>deffleat</strong></span> 
     </span>
     <span class='ocr_line' id='line_1_49' title="bbox 220 3609 1913 3689; baseline -0.003 -19"><span class='ocrx_word' id='word_1_511' title='bbox 220 3629 282 3671; x_wconf 89' lang='lat' dir='ltr'><strong>cum</strong></span> <span class='ocrx_word' id='word_1_512' title='bbox 305 3614 497 3683; x_wconf 86' lang='lat' dir='ltr'><strong>disputaverat.</strong></span> <span class='ocrx_word' id='word_1_513' title='bbox 521 3614 600 3670; x_wconf 88' lang='lat' dir='ltr'><strong>Nunc</strong></span> <span class='ocrx_word' id='word_1_514' title='bbox 623 3614 658 3669; x_wconf 89' lang='lat' dir='ltr'><strong>de</strong></span> <span class='ocrx_word' id='word_1_515' title='bbox 691 3613 787 3669; x_wconf 76' lang='lat' dir='ltr'><strong>amunte</strong></span> <span class='ocrx_word' id='word_1_516' title='bbox 815 3622 897 3686; x_wconf 88' lang='lat' dir='ltr'><strong>statu,</strong></span> <span class='ocrx_word' id='word_1_517' title='bbox 940 3632 971 3674; x_wconf 90' lang='lat' dir='ltr'><strong>ac</strong></span> <span class='ocrx_word' id='word_1_518' title='bbox 994 3617 1028 3674; x_wconf 91' lang='lat' dir='ltr'><strong>de</strong></span> <span class='ocrx_word' id='word_1_519' title='bbox 1084 3618 1217 3675; x_wconf 75' lang='lat' dir='ltr'><strong>astreis</strong></span> <span class='ocrx_word' id='word_1_520' title='bbox 1232 3626 1367 3689; x_wconf 72' lang='lat' dir='ltr'><strong>suntquis·</strong></span> <span class='ocrx_word' id='word_1_521' title='bbox 1382 3616 1452 3680; x_wconf 89' lang='lat' dir='ltr'><strong>dico,</strong></span> <span class='ocrx_word' id='word_1_522' title='bbox 1468 3616 1538 3670; x_wconf 90' lang='lat' dir='ltr'><strong>beno</strong></span> <span class='ocrx_word' id='word_1_523' title='bbox 1553 3611 1680 3684; x_wconf 86' lang='lat' dir='ltr'><strong>estquod</strong></span> <span class='ocrx_word' id='word_1_524' title='bbox 1704 3609 1868 3667; x_wconf 71' lang='lat' dir='ltr'><strong>crediderim·</strong></span> <span class='ocrx_word' id='word_1_525' title='bbox 1911 3624 1913 3629; x_wconf 86' lang='lat'>·</span> 
     </span>
     <span class='ocr_line' id='line_1_50' title="bbox 221 3683 1870 3763; baseline -0.001 -27"><span class='ocrx_word' id='word_1_526' title='bbox 221 3684 416 3754; x_wconf 81' lang='lat' dir='ltr'><strong>quaestionibus</strong></span> <span class='ocrx_word' id='word_1_527' title='bbox 445 3683 557 3754; x_wconf 87' lang='lat' dir='ltr'><strong>reliquis</strong></span> <span class='ocrx_word' id='word_1_528' title='bbox 587 3684 620 3738; x_wconf 93' lang='lat' dir='ltr'><strong>ad</strong></span> <span class='ocrx_word' id='word_1_529' title='bbox 645 3699 704 3738; x_wconf 92' lang='lat' dir='ltr'><strong>eam</strong></span> <span class='ocrx_word' id='word_1_530' title='bbox 734 3685 937 3754; x_wconf 85' lang='lat' dir='ltr'><strong>pertinentibus,</strong></span> <span class='ocrx_word' id='word_1_531' title='bbox 972 3688 1028 3759; x_wconf 87' lang='lat' dir='ltr'><strong>agit</strong></span> <span class='ocrx_word' id='word_1_532' title='bbox 1082 3688 1183 3744; x_wconf 87' lang='lat' dir='ltr'><strong>Sirero</strong></span> <span class='ocrx_word' id='word_1_533' title='bbox 1198 3697 1385 3758; x_wconf 92' lang='lat' dir='ltr'><strong>postmortem</strong></span> <span class='ocrx_word' id='word_1_534' title='bbox 1399 3686 1465 3742; x_wconf 90' lang='lat' dir='ltr'><strong>nihil</strong></span> <span class='ocrx_word' id='word_1_535' title='bbox 1492 3692 1627 3757; x_wconf 85' lang='lat' dir='ltr'><strong>superest,</strong></span> <span class='ocrx_word' id='word_1_536' title='bbox 1653 3690 1745 3763; x_wconf 82' lang='lat' dir='ltr'><strong>tamen</strong></span> <span class='ocrx_word' id='word_1_537' title='bbox 1770 3688 1870 3758; x_wconf 70' lang='lat' dir='ltr'><strong>tompus</strong></span> 
     </span>
     <span class='ocr_line' id='line_1_51' title="bbox 221 3752 1870 3831; baseline -0.001 -23"><span class='ocrx_word' id='word_1_538' title='bbox 221 3753 350 3808; x_wconf 87' lang='lat' dir='ltr'><strong>adversus</strong></span> <span class='ocrx_word' id='word_1_539' title='bbox 383 3753 571 3825; x_wconf 88' lang='lat' dir='ltr'><strong>philosophos.</strong></span> <span class='ocrx_word' id='word_1_540' title='bbox 606 3755 700 3826; x_wconf 90' lang='lat' dir='ltr'><strong>ltaque</strong></span> <span class='ocrx_word' id='word_1_541' title='bbox 729 3757 942 3826; x_wconf 86' lang='lat' dir='ltr'><strong>receptissimum</strong></span> <span class='ocrx_word' id='word_1_542' title='bbox 970 3759 1028 3828; x_wconf 85' lang='lat' dir='ltr'><strong>jam</strong></span> <span class='ocrx_word' id='word_1_543' title='bbox 1081 3759 1144 3814; x_wconf 91' lang='lat' dir='ltr'><strong>illud</strong></span> <span class='ocrx_word' id='word_1_544' title='bbox 1159 3760 1233 3831; x_wconf 92' lang='lat' dir='ltr'><strong>quod</strong></span> <span class='ocrx_word' id='word_1_545' title='bbox 1249 3766 1289 3815; x_wconf 93' lang='lat' dir='ltr'><strong>est</strong></span> <span class='ocrx_word' id='word_1_546' title='bbox 1308 3767 1370 3814; x_wconf 89' lang='lat' dir='ltr'><strong>ante</strong></span> <span class='ocrx_word' id='word_1_547' title='bbox 1384 3769 1508 3828; x_wconf 90' lang='lat' dir='ltr'><strong>mortem,</strong></span> <span class='ocrx_word' id='word_1_548' title='bbox 1532 3755 1623 3811; x_wconf 90' lang='lat' dir='ltr'><strong>miuus</strong></span> <span class='ocrx_word' id='word_1_549' title='bbox 1639 3752 1709 3809; x_wconf 87' lang='lat' dir='ltr'><strong>milri</strong></span> <span class='ocrx_word' id='word_1_550' title='bbox 1731 3752 1870 3809; x_wconf 78' lang='lat' dir='ltr'><strong>molesia</strong></span> 
     </span>
     <span class='ocr_line' id='line_1_52' title="bbox 219 3822 1868 3903; baseline -0.002 -23"><span class='ocrx_word' id='word_1_551' title='bbox 219 3823 336 3894; x_wconf 88' lang='lat' dir='ltr'><strong>vrrlgatis</strong></span> <span class='ocrx_word' id='word_1_552' title='bbox 367 3822 533 3882; x_wconf 81' lang='lat' dir='ltr'><strong>editionibus</strong></span> <span class='ocrx_word' id='word_1_553' title='bbox 560 3824 667 3879; x_wconf 90' lang='lat' dir='ltr'><strong>titulum</strong></span> <span class='ocrx_word' id='word_1_554' title='bbox 697 3828 852 3897; x_wconf 88' lang='lat' dir='ltr'><strong>generalem</strong></span> <span class='ocrx_word' id='word_1_555' title='bbox 870 3830 908 3885; x_wconf 83' lang='lat' dir='ltr'><strong>lle</strong></span> <span class='ocrx_word' id='word_1_556' title='bbox 923 3831 1027 3887; x_wconf 84' lang='lat' dir='ltr'><strong>Anime</strong></span> <span class='ocrx_word' id='word_1_557' title='bbox 1081 3829 1311 3903; x_wconf 86' lang='lat' dir='ltr'><strong>erit;ign0rantia</strong></span> <span class='ocrx_word' id='word_1_558' title='bbox 1330 3838 1420 3885; x_wconf 91' lang='lat' dir='ltr'><strong>autem</strong></span> <span class='ocrx_word' id='word_1_559' title='bbox 1445 3828 1491 3883; x_wconf 89' lang='lat' dir='ltr'><strong>illa</strong></span> <span class='ocrx_word' id='word_1_560' title='bbox 1513 3825 1582 3882; x_wconf 91' lang='lat' dir='ltr'><strong>mihi</strong></span> <span class='ocrx_word' id='word_1_561' title='bbox 1601 3825 1730 3881; x_wconf 86' lang='lat' dir='ltr'><strong>diuturna</strong></span> <span class='ocrx_word' id='word_1_562' title='bbox 1755 3837 1814 3879; x_wconf 88' lang='lat' dir='ltr'><strong>noo</strong></span> <span class='ocrx_word' id='word_1_563' title='bbox 1832 3826 1868 3877; x_wconf 82' lang='lat' dir='ltr'><strong>est</strong></span> 
     </span>
     <span class='ocr_line' id='line_1_53' title="bbox 217 3893 1871 3972; baseline 0.001 -23"><span class='ocrx_word' id='word_1_564' title='bbox 217 3893 386 3950; x_wconf 85' lang='lat' dir='ltr'><strong>retinuimus.</strong></span> <span class='ocrx_word' id='word_1_565' title='bbox 397 3895 461 3950; x_wconf 83' lang='lat' dir='ltr'><strong>ltin.</strong></span> <span class='ocrx_word' id='word_1_566' title='bbox 1081 3900 1194 3971; x_wconf 87' lang='lat' dir='ltr'><strong>(malum</strong></span> <span class='ocrx_word' id='word_1_567' title='bbox 1209 3900 1311 3972; x_wconf 92' lang='lat' dir='ltr'><strong>quippe</strong></span> <span class='ocrx_word' id='word_1_568' title='bbox 1331 3909 1403 3958; x_wconf 91' lang='lat' dir='ltr'><strong>esset</strong></span> <span class='ocrx_word' id='word_1_569' title='bbox 1425 3896 1581 3970; x_wconf 86' lang='lat' dir='ltr'><strong>quoddam),</strong></span> <span class='ocrx_word' id='word_1_570' title='bbox 1603 3911 1702 3953; x_wconf 82' lang='lat' dir='ltr'><strong>reruni</strong></span> <span class='ocrx_word' id='word_1_571' title='bbox 1717 3893 1803 3968; x_wconf 87' lang='lat' dir='ltr'><strong>paulo</strong></span> <span class='ocrx_word' id='word_1_572' title='bbox 1819 3898 1871 3965; x_wconf 83' lang='lat' dir='ltr'><strong>potl</strong></span> 
     </span>
    </p>

    <p class='ocr_par' dir='ltr' id='par_1_11' title="bbox 215 3965 1871 4683">
     <span class='ocr_line' id='line_1_54' title="bbox 254 3965 1350 4042; baseline 0.006 -23"><span class='ocrx_word' id='word_1_573' title='bbox 254 3965 295 4035; x_wconf 80' lang='lat' dir='ltr'><strong>(a)</strong></span> <span class='ocrx_word' id='word_1_574' title='bbox 309 3965 406 4021; x_wconf 82' lang='lat' dir='ltr'><strong>llascio</strong></span> <span class='ocrx_word' id='word_1_575' title='bbox 417 3967 540 4038; x_wconf 82' lang='lat' dir='ltr'><strong>jamlroc</strong></span> <span class='ocrx_word' id='word_1_576' title='bbox 549 3968 676 4039; x_wconf 86' lang='lat' dir='ltr'><strong>primum</strong></span> <span class='ocrx_word' id='word_1_577' title='bbox 686 3984 725 4023; x_wconf 85' lang='lat' dir='ltr'><strong>uit</strong></span> <span class='ocrx_word' id='word_1_578' title='bbox 737 3975 893 4042; x_wconf 81' lang='lat' dir='ltr'><strong>opportuno</strong></span> <span class='ocrx_word' id='word_1_579' title='bbox 907 3971 938 4027; x_wconf 88' lang='lat' dir='ltr'><strong>iii</strong></span> <span class='ocrx_word' id='word_1_580' title='bbox 956 3974 1027 4027; x_wconf 84' lang='lat' dir='ltr'><strong>tem·</strong></span> <span class='ocrx_word' id='word_1_581' title='bbox 1079 3972 1204 4029; x_wconf 89' lang='lat' dir='ltr'><strong>interibit.</strong></span> <span class='ocrx_word' id='word_1_582' title='bbox 1219 3994 1233 4021; x_wconf 80' lang='grc' dir='ltr'><strong>ι</strong></span> <span class='ocrx_word' id='word_1_583' title='bbox 1249 3972 1287 4027; x_wconf 83' lang='lat' dir='ltr'><strong>lu</strong></span> <span class='ocrx_word' id='word_1_584' title='bbox 1301 3972 1350 4026; x_wconf 86' lang='lat' dir='ltr'><strong>Pri.</strong></span> 
     </span>
     <span class='ocr_line' id='line_1_55' title="bbox 219 4034 1870 4163; baseline 0.001 -72"><span class='ocrx_word' id='word_1_585' title='bbox 219 4050 296 4106; x_wconf 85' lang='lat' dir='ltr'><strong>pore,</strong></span> <span class='ocrx_word' id='word_1_586' title='bbox 313 4036 455 4163; x_wconf 52' lang='lat' dir='ltr'><strong>m‘fgism&#39;</strong></span> <span class='ocrx_word' id='word_1_587' title='bbox 469 4036 623 4120; x_wconf 76' lang='lat' dir='ltr'><strong>illloquitur</strong></span> <span class='ocrx_word' id='word_1_588' title='bbox 639 4039 790 4111; x_wconf 87' lang='lat' dir='ltr'><strong>magistros,</strong></span> <span class='ocrx_word' id='word_1_589' title='bbox 807 4043 859 4098; x_wconf 91' lang='lat' dir='ltr'><strong>hoc</strong></span> <span class='ocrx_word' id='word_1_590' title='bbox 884 4049 926 4098; x_wconf 85' lang='lat' dir='ltr'><strong>est</strong></span> <span class='ocrx_word' id='word_1_591' title='bbox 938 4042 1026 4113; x_wconf 92' lang='lat' dir='ltr'><strong>philo·</strong></span> <span class='ocrx_word' id='word_1_592' title='bbox 1115 4045 1155 4113; x_wconf 85' lang='grc'><strong>(6)</strong></span> <span class='ocrx_word' id='word_1_593' title='bbox 1173 4046 1238 4113; x_wconf 80' lang='lat' dir='ltr'><strong>Qiiie</strong></span> <span class='ocrx_word' id='word_1_594' title='bbox 1255 4061 1314 4100; x_wconf 86' lang='lat' dir='ltr'><strong>uim</strong></span> <span class='ocrx_word' id='word_1_595' title='bbox 1331 4044 1419 4100; x_wconf 84' lang='lat' dir='ltr'><strong>istem</strong></span> <span class='ocrx_word' id='word_1_596' title='bbox 1437 4040 1719 4119; x_wconf 74' lang='lat' dir='ltr'><strong>perniciosissimum.</strong></span> <span class='ocrx_word' id='word_1_597' title='bbox 1735 4034 1870 4093; x_wconf 75' lang='lat' dir='ltr'><strong>uenias</strong></span> 
     </span>
     <span class='ocr_line' id='line_1_56' title="bbox 219 4106 1868 4197; baseline 0.004 -37"><span class='ocrx_word' id='word_1_598' title='bbox 219 4106 336 4179; x_wconf 89' lang='lat' dir='ltr'><strong>sophos:</strong></span> <span class='ocrx_word' id='word_1_599' title='bbox 378 4122 461 4175; x_wconf 88' lang='lat' dir='ltr'><strong>escro,</strong></span> <span class='ocrx_word' id='word_1_600' title='bbox 477 4117 576 4181; x_wconf 88' lang='lat' dir='ltr'><strong>inquit,</strong></span> <span class='ocrx_word' id='word_1_601' title='bbox 589 4124 646 4179; x_wconf 82' lang='lat' dir='ltr'><strong>Jam</strong></span> <span class='ocrx_word' id='word_1_602' title='bbox 665 4109 717 4166; x_wconf 88' lang='lat' dir='ltr'><strong>lioc</strong></span> <span class='ocrx_word' id='word_1_603' title='bbox 739 4111 865 4182; x_wconf 89' lang='lat' dir='ltr'><strong>primum,</strong></span> <span class='ocrx_word' id='word_1_604' title='bbox 887 4112 1025 4195; x_wconf 80' lang='lat' dir='ltr'><strong>magistri,</strong></span> <span class='ocrx_word' id='word_1_605' title='bbox 1081 4114 1135 4170; x_wconf 90' lang='lat' dir='ltr'><strong>soli</strong></span> <span class='ocrx_word' id='word_1_606' title='bbox 1154 4114 1296 4170; x_wconf 89' lang='lat' dir='ltr'><strong>Christiani</strong></span> <span class='ocrx_word' id='word_1_607' title='bbox 1310 4115 1461 4182; x_wconf 90' lang='lat' dir='ltr'><strong>traducunt,</strong></span> <span class='ocrx_word' id='word_1_608' title='bbox 1486 4111 1608 4197; x_wconf 79' lang='lat' dir='ltr'><strong>abigunt,</strong></span> <span class='ocrx_word' id='word_1_609' title='bbox 1624 4122 1743 4188; x_wconf 78' lang='lat' dir='ltr'><strong>niigrare</strong></span> <span class='ocrx_word' id='word_1_610' title='bbox 1766 4114 1868 4179; x_wconf 70' lang='lat' dir='ltr'><strong>coguut.</strong></span> 
     </span>
     <span class='ocr_line' id='line_1_57' title="bbox 219 4176 1870 4261; baseline 0.002 -30"><span class='ocrx_word' id='word_1_611' title='bbox 219 4179 466 4259; x_wconf 81' lang='lat' dir='ltr'><strong>auopportuuoin</strong></span> <span class='ocrx_word' id='word_1_612' title='bbox 482 4186 605 4252; x_wconf 90' lang='lat' dir='ltr'><strong>ternpore</strong></span> <span class='ocrx_word' id='word_1_613' title='bbox 629 4181 663 4235; x_wconf 91' lang='lat' dir='ltr'><strong>de</strong></span> <span class='ocrx_word' id='word_1_614' title='bbox 682 4182 779 4238; x_wconf 82' lang='lat' dir='ltr'><strong>animae</strong></span> <span class='ocrx_word' id='word_1_615' title='bbox 798 4191 868 4239; x_wconf 91' lang='lat' dir='ltr'><strong>statu</strong></span> <span class='ocrx_word' id='word_1_616' title='bbox 891 4185 1027 4241; x_wconf 75' lang='lat' dir='ltr'><strong>actitatum</strong></span> <span class='ocrx_word' id='word_1_617' title='bbox 1081 4185 1221 4243; x_wconf 87' lang='lat' dir='ltr'><strong>excutiunt</strong></span> <span class='ocrx_word' id='word_1_618' title='bbox 1249 4185 1283 4242; x_wconf 91' lang='lat' dir='ltr'><strong>de</strong></span> <span class='ocrx_word' id='word_1_619' title='bbox 1309 4184 1475 4252; x_wconf 85' lang='lat' dir='ltr'><strong>hominibus,</strong></span> <span class='ocrx_word' id='word_1_620' title='bbox 1503 4180 1662 4261; x_wconf 66' lang='lat' dir='ltr'><strong>adjurando⁸</strong></span> <span class='ocrx_word' id='word_1_621' title='bbox 1676 4178 1784 4261; x_wconf 68' lang='lat' dir='ltr'><strong>adlucet</strong></span> <span class='ocrx_word' id='word_1_622' title='bbox 1810 4176 1870 4259; x_wconf 68' lang='lat' dir='ltr'><strong>und·</strong></span> 
     </span>
     <span class='ocr_line' id='line_1_58' title="bbox 218 4250 1871 4325; baseline 0.001 -21"><span class='ocrx_word' id='word_1_623' title='bbox 218 4256 253 4304; x_wconf 90' lang='lat' dir='ltr'><strong>sit</strong></span> <span class='ocrx_word' id='word_1_624' title='bbox 266 4265 295 4304; x_wconf 92' lang='lat' dir='ltr'><strong>in</strong></span> <span class='ocrx_word' id='word_1_625' title='bbox 314 4264 422 4306; x_wconf 88' lang='lat' dir='ltr'><strong>carcere</strong></span> <span class='ocrx_word' id='word_1_626' title='bbox 451 4250 585 4318; x_wconf 88' lang='lat' dir='ltr'><strong>Socratis;</strong></span> <span class='ocrx_word' id='word_1_627' title='bbox 613 4252 663 4307; x_wconf 87' lang='lat' dir='ltr'><strong>etsi</strong></span> <span class='ocrx_word' id='word_1_628' title='bbox 695 4252 762 4307; x_wconf 90' lang='lat' dir='ltr'><strong>nibil</strong></span> <span class='ocrx_word' id='word_1_629' title='bbox 803 4255 836 4310; x_wconf 93' lang='lat' dir='ltr'><strong>de</strong></span> <span class='ocrx_word' id='word_1_630' title='bbox 863 4254 923 4310; x_wconf 92' lang='lat' dir='ltr'><strong>loco</strong></span> <span class='ocrx_word' id='word_1_631' title='bbox 955 4257 1027 4311; x_wconf 88' lang='lat' dir='ltr'><strong>inte·</strong></span> <span class='ocrx_word' id='word_1_632' title='bbox 1081 4256 1195 4313; x_wconf 86' lang='lat' dir='ltr'><strong>verbum</strong></span> <span class='ocrx_word' id='word_1_633' title='bbox 1214 4258 1387 4325; x_wconf 77' lang='lat' dir='ltr'><strong>exorcisare,</strong></span> <span class='ocrx_word' id='word_1_634' title='bbox 1411 4255 1493 4311; x_wconf 89' lang='lat' dir='ltr'><strong>etiam</strong></span> <span class='ocrx_word' id='word_1_635' title='bbox 1517 4253 1587 4323; x_wconf 88' lang='lat' dir='ltr'><strong>juria</strong></span> <span class='ocrx_word' id='word_1_636' title='bbox 1612 4250 1701 4309; x_wconf 77' lang='lat' dir='ltr'><strong>ciuilis</strong></span> <span class='ocrx_word' id='word_1_637' title='bbox 1723 4251 1871 4305; x_wconf 80' lang='lat' dir='ltr'><strong>aocmntaa</strong></span> 
     </span>
     <span class='ocr_line' id='line_1_59' title="bbox 218 4319 1869 4401; baseline 0.001 -28"><span class='ocrx_word' id='word_1_638' title='bbox 218 4326 282 4388; x_wconf 87' lang='lat' dir='ltr'><strong>rest,</strong></span> <span class='ocrx_word' id='word_1_639' title='bbox 307 4327 359 4376; x_wconf 90' lang='lat' dir='ltr'><strong>etc.</strong></span> <span class='ocrx_word' id='word_1_640' title='bbox 383 4322 447 4378; x_wconf 87' lang='lat' dir='ltr'><strong>llaec</strong></span> <span class='ocrx_word' id='word_1_641' title='bbox 477 4322 559 4396; x_wconf 84' lang='lat' dir='ltr'><strong>igitur</strong></span> <span class='ocrx_word' id='word_1_642' title='bbox 586 4322 727 4379; x_wconf 88' lang='lat' dir='ltr'><strong>scribenda</strong></span> <span class='ocrx_word' id='word_1_643' title='bbox 764 4340 797 4381; x_wconf 90' lang='lat' dir='ltr'><strong>ac</strong></span> <span class='ocrx_word' id='word_1_644' title='bbox 837 4323 1026 4401; x_wconf 87' lang='lat' dir='ltr'><strong>distinguenda</strong></span> <span class='ocrx_word' id='word_1_645' title='bbox 1079 4328 1192 4384; x_wconf 89' lang='lat' dir='ltr'><strong>ethnicis</strong></span> <span class='ocrx_word' id='word_1_646' title='bbox 1207 4337 1311 4386; x_wconf 91' lang='lat' dir='ltr'><strong>notum.</strong></span> <span class='ocrx_word' id='word_1_647' title='bbox 1325 4329 1415 4384; x_wconf 89' lang='lat' dir='ltr'><strong>llocce</strong></span> <span class='ocrx_word' id='word_1_648' title='bbox 1432 4334 1522 4382; x_wconf 89' lang='lat' dir='ltr'><strong>autern</strong></span> <span class='ocrx_word' id='word_1_649' title='bbox 1536 4322 1627 4381; x_wconf 85' lang='lat' dir='ltr'><strong>officio</strong></span> <span class='ocrx_word' id='word_1_650' title='bbox 1646 4320 1796 4377; x_wconf 72' lang='lat' dir='ltr'><strong>curtinum</strong></span> <span class='ocrx_word' id='word_1_651' title='bbox 1816 4319 1869 4375; x_wconf 87' lang='lat' dir='ltr'><strong>lan·</strong></span> 
     </span>
     <span class='ocr_line' id='line_1_60' title="bbox 217 4390 1870 4475; baseline 0.001 -31"><span class='ocrx_word' id='word_1_652' title='bbox 217 4398 281 4471; x_wconf 81' lang='lat' dir='ltr'><strong>sunt</strong></span> <span class='ocrx_word' id='word_1_653' title='bbox 296 4391 347 4447; x_wconf 94' lang='lat' dir='ltr'><strong>hoc</strong></span> <span class='ocrx_word' id='word_1_654' title='bbox 365 4392 469 4449; x_wconf 89' lang='lat' dir='ltr'><strong>modo:</strong></span> <span class='ocrx_word' id='word_1_655' title='bbox 495 4416 507 4444; x_wconf 81' lang='grc' dir='ltr'><strong>ι</strong></span> <span class='ocrx_word' id='word_1_656' title='bbox 537 4394 623 4448; x_wconf 82' lang='grc' dir='ltr'><strong>Ειίιιιι</strong></span> <span class='ocrx_word' id='word_1_657' title='bbox 647 4393 675 4447; x_wconf 92' lang='lat' dir='ltr'><strong>in</strong></span> <span class='ocrx_word' id='word_1_658' title='bbox 703 4409 812 4452; x_wconf 86' lang='lat' dir='ltr'><strong>carcerc</strong></span> <span class='ocrx_word' id='word_1_659' title='bbox 844 4396 962 4454; x_wconf 87' lang='lat' dir='ltr'><strong>Socratis</strong></span> <span class='ocrx_word' id='word_1_660' title='bbox 993 4398 1026 4453; x_wconf 89' lang='lat' dir='ltr'><strong>de</strong></span> <span class='ocrx_word' id='word_1_661' title='bbox 1080 4401 1222 4470; x_wconf 86' lang='lat' dir='ltr'><strong>gebantur,</strong></span> <span class='ocrx_word' id='word_1_662' title='bbox 1243 4415 1297 4456; x_wconf 93' lang='lat' dir='ltr'><strong>nou</strong></span> <span class='ocrx_word' id='word_1_663' title='bbox 1317 4396 1485 4468; x_wconf 81' lang='lat' dir='ltr'><strong>perfraudes</strong></span> <span class='ocrx_word' id='word_1_664' title='bbox 1499 4405 1544 4452; x_wconf 88' lang='lat' dir='ltr'><strong>aut</strong></span> <span class='ocrx_word' id='word_1_665' title='bbox 1575 4394 1754 4475; x_wconf 85' lang='lat' dir='ltr'><strong>imposturas,</strong></span> <span class='ocrx_word' id='word_1_666' title='bbox 1769 4390 1870 4447; x_wconf 79' lang='lat' dir='ltr'><strong>sedac-</strong></span> 
     </span>
     <span class='ocr_line' id='line_1_61' title="bbox 216 4455 1867 4549; baseline 0 -35"><span class='ocrx_word' id='word_1_667' title='bbox 216 4475 314 4516; x_wconf 81' lang='lat' dir='ltr'><strong>animae</strong></span> <span class='ocrx_word' id='word_1_668' title='bbox 330 4469 400 4518; x_wconf 90' lang='lat' dir='ltr'><strong>statu</strong></span> <span class='ocrx_word' id='word_1_669' title='bbox 415 4464 552 4545; x_wconf 82' lang='lat' dir='ltr'><strong>velitatum</strong></span> <span class='ocrx_word' id='word_1_670' title='bbox 568 4473 619 4520; x_wconf 91' lang='lat' dir='ltr'><strong>est.</strong></span> <span class='ocrx_word' id='word_1_671' title='bbox 634 4464 732 4521; x_wconf 88' lang='lat' dir='ltr'><strong>Nescio</strong></span> <span class='ocrx_word' id='word_1_672' title='bbox 752 4469 810 4537; x_wconf 86' lang='lat' dir='ltr'><strong>jani</strong></span> <span class='ocrx_word' id='word_1_673' title='bbox 833 4467 886 4524; x_wconf 92' lang='lat' dir='ltr'><strong>hoc</strong></span> <span class='ocrx_word' id='word_1_674' title='bbox 908 4468 1026 4539; x_wconf 92' lang='lat' dir='ltr'><strong>primum</strong></span> <span class='ocrx_word' id='word_1_675' title='bbox 1042 4455 1065 4533; x_wconf 78' lang='grc' dir='ltr'><strong>Ι)</strong></span> <span class='ocrx_word' id='word_1_676' title='bbox 1082 4469 1159 4525; x_wconf 89' lang='lat' dir='ltr'><strong>minis</strong></span> <span class='ocrx_word' id='word_1_677' title='bbox 1174 4470 1273 4526; x_wconf 84' lang='lat' dir='ltr'><strong>Christi</strong></span> <span class='ocrx_word' id='word_1_678' title='bbox 1297 4476 1439 4541; x_wconf 89' lang='lat' dir='ltr'><strong>potestate,</strong></span> <span class='ocrx_word' id='word_1_679' title='bbox 1463 4483 1517 4549; x_wconf 85' lang='lat' dir='ltr'><strong>qua</strong></span> <span class='ocrx_word' id='word_1_680' title='bbox 1536 4464 1665 4537; x_wconf 79' lang='lat' dir='ltr'><strong>preditus</strong></span> <span class='ocrx_word' id='word_1_681' title='bbox 1679 4472 1739 4520; x_wconf 85' lang='lat' dir='ltr'><strong>erat</strong></span> <span class='ocrx_word' id='word_1_682' title='bbox 1765 4458 1867 4535; x_wconf 80' lang='lat' dir='ltr'><strong>quilibet</strong></span> 
     </span>
     <span class='ocr_line' id='line_1_62' title="bbox 215 4531 1868 4662; baseline 0 -74"><span class='ocrx_word' id='word_1_683' title='bbox 215 4547 251 4585; x_wconf 91' lang='lat' dir='ltr'><strong>an</strong></span> <span class='ocrx_word' id='word_1_684' title='bbox 275 4541 430 4613; x_wconf 91' lang='lat' dir='ltr'><strong>opportuno</strong></span> <span class='ocrx_word' id='word_1_685' title='bbox 453 4551 480 4589; x_wconf 92' lang='lat' dir='ltr'><strong>in</strong></span> <span class='ocrx_word' id='word_1_686' title='bbox 506 4545 639 4606; x_wconf 87' lang='lat' dir='ltr'><strong>tempore,</strong></span> <span class='ocrx_word' id='word_1_687' title='bbox 669 4536 799 4612; x_wconf 85' lang='lat' dir='ltr'><strong>magistri,</strong></span> <span class='ocrx_word' id='word_1_688' title='bbox 822 4539 872 4594; x_wconf 89' lang='lat' dir='ltr'><strong>etsi</strong></span> <span class='ocrx_word' id='word_1_689' title='bbox 906 4538 972 4594; x_wconf 89' lang='lat' dir='ltr'><strong>niliil</strong></span> <span class='ocrx_word' id='word_1_690' title='bbox 994 4541 1027 4596; x_wconf 93' lang='lat' dir='ltr'><strong>de</strong></span> <span class='ocrx_word' id='word_1_691' title='bbox 1082 4541 1260 4608; x_wconf 89' lang='lat' dir='ltr'><strong>Christianus,</strong></span> <span class='ocrx_word' id='word_1_692' title='bbox 1274 4551 1304 4596; x_wconf 93' lang='lat' dir='ltr'><strong>ut</strong></span> <span class='ocrx_word' id='word_1_693' title='bbox 1316 4539 1464 4612; x_wconf 86' lang='lat' dir='ltr'><strong>Septimius</strong></span> <span class='ocrx_word' id='word_1_694' title='bbox 1477 4554 1505 4592; x_wconf 92' lang='lat' dir='ltr'><strong>in</strong></span> <span class='ocrx_word' id='word_1_695' title='bbox 1520 4535 1635 4662; x_wconf 62' lang='lat' dir='ltr'><strong>apolog.</strong></span> <span class='ocrx_word' id='word_1_696' title='bbox 1647 4540 1773 4615; x_wconf 75' lang='lat' dir='ltr'><strong>testatur.</strong></span> <span class='ocrx_word' id='word_1_697' title='bbox 1794 4531 1868 4614; x_wconf 61' lang='lat' dir='ltr'><strong>idua·</strong></span> 
     </span>
     <span class='ocr_line' id='line_1_63' title="bbox 215 4600 1866 4683; baseline 0.002 -27"><span class='ocrx_word' id='word_1_698' title='bbox 215 4600 275 4659; x_wconf 89' lang='lat' dir='ltr'><strong>loeo</strong></span> <span class='ocrx_word' id='word_1_699' title='bbox 288 4611 409 4660; x_wconf 84' lang='lat' dir='ltr'><strong>interest.</strong></span> <span class='ocrx_word' id='word_1_700' title='bbox 427 4627 438 4655; x_wconf 82' lang='lat' dir='ltr'><strong>i</strong></span> <span class='ocrx_word' id='word_1_701' title='bbox 458 4607 520 4662; x_wconf 79' lang='lat' dir='ltr'><strong>liic.</strong></span> <span class='ocrx_word' id='word_1_702' title='bbox 1082 4627 1138 4679; x_wconf 93' lang='lat' dir='ltr'><strong>sus,</strong></span> <span class='ocrx_word' id='word_1_703' title='bbox 1153 4611 1250 4683; x_wconf 90' lang='lat' dir='ltr'><strong>inquit,</strong></span> <span class='ocrx_word' id='word_1_704' title='bbox 1275 4612 1429 4682; x_wconf 87' lang='lat' dir='ltr'><strong>equolibct</strong></span> <span class='ocrx_word' id='word_1_705' title='bbox 1447 4608 1602 4665; x_wconf 88' lang='lat' dir='ltr'><strong>Christiano</strong></span> <span class='ocrx_word' id='word_1_706' title='bbox 1626 4605 1691 4679; x_wconf 88' lang='lat' dir='ltr'><strong>oqui</strong></span> <span class='ocrx_word' id='word_1_707' title='bbox 1704 4600 1866 4679; x_wconf 56' lang='lat' dir='ltr'><strong>sptrtlmtlbg</strong></span> 
     </span>
    </p>

    <p class='ocr_par' dir='ltr' id='par_1_12' title="bbox 214 4670 1869 4966">
     <span class='ocr_line' id='line_1_64' title="bbox 251 4670 1867 4750; baseline 0.001 -21"><span class='ocrx_word' id='word_1_708' title='bbox 251 4676 290 4745; x_wconf 85' lang='grc'><strong>(3)</strong></span> <span class='ocrx_word' id='word_1_709' title='bbox 305 4678 409 4732; x_wconf 68' lang='lat' dir='ltr'><strong>aliatum</strong></span> <span class='ocrx_word' id='word_1_710' title='bbox 439 4682 508 4733; x_wconf 84' lang='lat' dir='ltr'><strong>tuac</strong></span> <span class='ocrx_word' id='word_1_711' title='bbox 539 4679 672 4735; x_wconf 85' lang='lat' dir='ltr'><strong>Socratis.</strong></span> <span class='ocrx_word' id='word_1_712' title='bbox 712 4680 830 4735; x_wconf 85' lang='lat' dir='ltr'><strong>Platonis</strong></span> <span class='ocrx_word' id='word_1_713' title='bbox 865 4681 1034 4738; x_wconf 80' lang='lat' dir='ltr'><strong>Phaedonem</strong></span> <span class='ocrx_word' id='word_1_714' title='bbox 1089 4691 1142 4737; x_wconf 91' lang='lat' dir='ltr'><strong>tam</strong></span> <span class='ocrx_word' id='word_1_715' title='bbox 1161 4699 1190 4738; x_wconf 91' lang='lat' dir='ltr'><strong>se</strong></span> <span class='ocrx_word' id='word_1_716' title='bbox 1208 4684 1359 4739; x_wconf 78' lang='lat' dir='ltr'><strong>demonem</strong></span> <span class='ocrx_word' id='word_1_717' title='bbox 1373 4680 1545 4738; x_wconf 84' lang='lat' dir='ltr'><strong>confitebitur</strong></span> <span class='ocrx_word' id='word_1_718' title='bbox 1565 4678 1691 4746; x_wconf 83' lang='lat' dir='ltr'><strong>deiero,</strong></span> <span class='ocrx_word' id='word_1_719' title='bbox 1714 4691 1797 4750; x_wconf 87' lang='lat' dir='ltr'><strong>quam</strong></span> <span class='ocrx_word' id='word_1_720' title='bbox 1813 4670 1867 4731; x_wconf 71' lang='lat' dir='ltr'><strong>alib</strong></span> 
     </span>
     <span class='ocr_line' id='line_1_65' title="bbox 214 4744 1866 4827; baseline 0.002 -28"><span class='ocrx_word' id='word_1_721' title='bbox 214 4746 382 4826; x_wconf 82' lang='lat' dir='ltr'><strong>subindicat;</strong></span> <span class='ocrx_word' id='word_1_722' title='bbox 404 4748 431 4802; x_wconf 90' lang='lat' dir='ltr'><strong>in</strong></span> <span class='ocrx_word' id='word_1_723' title='bbox 452 4764 506 4819; x_wconf 92' lang='lat' dir='ltr'><strong>quo</strong></span> <span class='ocrx_word' id='word_1_724' title='bbox 521 4759 673 4805; x_wconf 87' lang='lat' dir='ltr'><strong>recensetur</strong></span> <span class='ocrx_word' id='word_1_725' title='bbox 695 4750 851 4821; x_wconf 88' lang='lat' dir='ltr'><strong>disputatio,</strong></span> <span class='ocrx_word' id='word_1_726' title='bbox 868 4769 949 4824; x_wconf 88' lang='lat' dir='ltr'><strong>quam</strong></span> <span class='ocrx_word' id='word_1_727' title='bbox 973 4770 1031 4808; x_wconf 92' lang='lat' dir='ltr'><strong>mo·</strong></span> <span class='ocrx_word' id='word_1_728' title='bbox 1087 4754 1174 4809; x_wconf 89' lang='lat' dir='ltr'><strong>Deum</strong></span> <span class='ocrx_word' id='word_1_729' title='bbox 1188 4753 1222 4808; x_wconf 91' lang='lat' dir='ltr'><strong>de</strong></span> <span class='ocrx_word' id='word_1_730' title='bbox 1233 4752 1312 4810; x_wconf 86' lang='lat' dir='ltr'><strong>falso.</strong></span> <span class='ocrx_word' id='word_1_731' title='bbox 1328 4777 1339 4803; x_wconf 79' lang='lat' dir='ltr'><strong>i</strong></span> <span class='ocrx_word' id='word_1_732' title='bbox 1356 4755 1449 4827; x_wconf 89' lang='lat' dir='ltr'><strong>ltaque</strong></span> <span class='ocrx_word' id='word_1_733' title='bbox 1463 4749 1619 4808; x_wconf 89' lang='lat' dir='ltr'><strong>tralatitium</strong></span> <span class='ocrx_word' id='word_1_734' title='bbox 1632 4756 1661 4805; x_wconf 92' lang='lat' dir='ltr'><strong>et</strong></span> <span class='ocrx_word' id='word_1_735' title='bbox 1670 4744 1866 4821; x_wconf 61' lang='lat' dir='ltr'><strong>vulgarorum</strong></span> 
     </span>
     <span class='ocr_line' id='line_1_66' title="bbox 215 4810 1869 4906; baseline 0.001 -35"><span class='ocrx_word' id='word_1_736' title='bbox 215 4826 335 4898; x_wconf 74' lang='lat' dir='ltr'><strong>ritirrus,¹</strong></span> <span class='ocrx_word' id='word_1_737' title='bbox 356 4819 451 4899; x_wconf 81' lang='lat' dir='ltr'><strong>hausta</strong></span> <span class='ocrx_word' id='word_1_738' title='bbox 478 4821 573 4900; x_wconf 81' lang='lat' dir='ltr'><strong>cicuta,</strong></span> <span class='ocrx_word' id='word_1_739' title='bbox 596 4820 691 4876; x_wconf 89' lang='lat' dir='ltr'><strong>habuit</strong></span> <span class='ocrx_word' id='word_1_740' title='bbox 725 4822 847 4880; x_wconf 86' lang='lat' dir='ltr'><strong>Socrates</strong></span> <span class='ocrx_word' id='word_1_741' title='bbox 880 4825 914 4879; x_wconf 91' lang='lat' dir='ltr'><strong>de</strong></span> <span class='ocrx_word' id='word_1_742' title='bbox 936 4827 1031 4881; x_wconf 84' lang='lat' dir='ltr'><strong>animm</strong></span> <span class='ocrx_word' id='word_1_743' title='bbox 1085 4825 1157 4906; x_wconf 86' lang='lat' dir='ltr'><strong>opud</strong></span> <span class='ocrx_word' id='word_1_744' title='bbox 1180 4825 1347 4881; x_wconf 81' lang='lat' dir='ltr'><strong>Christianos</strong></span> <span class='ocrx_word' id='word_1_745' title='bbox 1367 4824 1560 4881; x_wconf 81' lang='lat' dir='ltr'><strong>exorcistarum</strong></span> <span class='ocrx_word' id='word_1_746' title='bbox 1582 4834 1684 4877; x_wconf 91' lang='lat' dir='ltr'><strong>munus</strong></span> <span class='ocrx_word' id='word_1_747' title='bbox 1711 4816 1794 4875; x_wconf 86' lang='lat' dir='ltr'><strong>etiam</strong></span> <span class='ocrx_word' id='word_1_748' title='bbox 1815 4810 1869 4872; x_wconf 83' lang='lat' dir='ltr'><strong>Sal·</strong></span> 
     </span>
     <span class='ocr_line' id='line_1_67' title="bbox 214 4888 1868 4966; baseline 0.005 -26"><span class='ocrx_word' id='word_1_749' title='bbox 214 4892 352 4944; x_wconf 88' lang='lat' dir='ltr'><strong>rationalis</strong></span> <span class='ocrx_word' id='word_1_750' title='bbox 366 4892 575 4946; x_wconf 82' lang='lat' dir='ltr'><strong>immortalitate.</strong></span> <span class='ocrx_word' id='word_1_751' title='bbox 589 4891 629 4946; x_wconf 82' lang='lat' dir='ltr'><strong>hu</strong></span> <span class='ocrx_word' id='word_1_752' title='bbox 643 4892 692 4948; x_wconf 88' lang='lat' dir='ltr'><strong>Pa.</strong></span> <span class='ocrx_word' id='word_1_753' title='bbox 1085 4896 1141 4966; x_wconf 91' lang='lat' dir='ltr'><strong>pitii</strong></span> <span class='ocrx_word' id='word_1_754' title='bbox 1152 4896 1241 4952; x_wconf 80' lang='lat' dir='ltr'><strong>Seueri</strong></span> <span class='ocrx_word' id='word_1_755' title='bbox 1264 4896 1375 4965; x_wconf 80' lang='lat' dir='ltr'><strong>iaculo,</strong></span> <span class='ocrx_word' id='word_1_756' title='bbox 1390 4912 1422 4952; x_wconf 87' lang='lat' dir='ltr'><strong>ex</strong></span> <span class='ocrx_word' id='word_1_757' title='bbox 1435 4910 1469 4950; x_wconf 91' lang='lat' dir='ltr'><strong>eo</strong></span> <span class='ocrx_word' id='word_1_758' title='bbox 1485 4893 1624 4961; x_wconf 87' lang='lat' dir='ltr'><strong>discimus,</strong></span> <span class='ocrx_word' id='word_1_759' title='bbox 1634 4889 1709 4962; x_wconf 92' lang='lat' dir='ltr'><strong>quod</strong></span> <span class='ocrx_word' id='word_1_760' title='bbox 1720 4890 1757 4947; x_wconf 83' lang='lat' dir='ltr'><strong>ds</strong></span> <span class='ocrx_word' id='word_1_761' title='bbox 1766 4888 1868 4962; x_wconf 58' lang='grc' dir='ltr'><strong>ΜΝ,</strong></span> 
     </span>
    </p>

    <p class='ocr_par' dir='ltr' id='par_1_13' title="bbox 205 4952 1874 5678">
     <span class='ocr_line' id='line_1_68' title="bbox 242 4952 1869 5040; baseline 0.001 -26"><span class='ocrx_word' id='word_1_762' title='bbox 242 4958 289 5039; x_wconf 62' lang='grc' dir='ltr'><strong>(ᾇ)</strong></span> <span class='ocrx_word' id='word_1_763' title='bbox 305 4960 368 5040; x_wconf 75' lang='lat' dir='ltr'><strong>lent</strong></span> <span class='ocrx_word' id='word_1_764' title='bbox 382 4962 685 5020; x_wconf 83' lang='lat' dir='ltr'><strong>cicutisdemiaatioiits</strong></span> <span class='ocrx_word' id='word_1_765' title='bbox 701 4964 858 5023; x_wconf 77' lang='lat' dir='ltr'><strong>salmasius.</strong></span> <span class='ocrx_word' id='word_1_766' title='bbox 887 4966 947 5023; x_wconf 91' lang='lat' dir='ltr'><strong>Non</strong></span> <span class='ocrx_word' id='word_1_767' title='bbox 961 4964 1028 5020; x_wconf 92' lang='lat' dir='ltr'><strong>sim·</strong></span> <span class='ocrx_word' id='word_1_768' title='bbox 1082 4967 1172 5035; x_wconf 91' lang='lat' dir='ltr'><strong>relert,</strong></span> <span class='ocrx_word' id='word_1_769' title='bbox 1185 4983 1266 5038; x_wconf 89' lang='lat' dir='ltr'><strong>quem</strong></span> <span class='ocrx_word' id='word_1_770' title='bbox 1280 4967 1397 5023; x_wconf 86' lang='lat' dir='ltr'><strong>llilerius</strong></span> <span class='ocrx_word' id='word_1_771' title='bbox 1419 4966 1560 5022; x_wconf 89' lang='lat' dir='ltr'><strong>Pictonum</strong></span> <span class='ocrx_word' id='word_1_772' title='bbox 1577 4962 1734 5035; x_wconf 84' lang='lat' dir='ltr'><strong>episcopus,</strong></span> <span class='ocrx_word' id='word_1_773' title='bbox 1759 4952 1869 5017; x_wconf 69' lang='lat' dir='ltr'><strong>mund</strong></span> 
     </span>
     <span class='ocr_line' id='line_1_69' title="bbox 211 5028 1869 5120; baseline 0.004 -41"><span class='ocrx_word' id='word_1_774' title='bbox 211 5028 435 5110; x_wconf 72' lang='lat' dir='ltr'><strong>plicitercicutas</strong></span> <span class='ocrx_word' id='word_1_775' title='bbox 448 5032 523 5098; x_wconf 88' lang='lat' dir='ltr'><strong>dicit,</strong></span> <span class='ocrx_word' id='word_1_776' title='bbox 552 5050 613 5104; x_wconf 84' lang='lat' dir='ltr'><strong>quae</strong></span> <span class='ocrx_word' id='word_1_777' title='bbox 632 5050 686 5090; x_wconf 92' lang='lat' dir='ltr'><strong>non</strong></span> <span class='ocrx_word' id='word_1_778' title='bbox 709 5036 807 5093; x_wconf 81' lang='lat' dir='ltr'><strong>intritae</strong></span> <span class='ocrx_word' id='word_1_779' title='bbox 840 5038 946 5094; x_wconf 87' lang='lat' dir='ltr'><strong>Socrati</strong></span> <span class='ocrx_word' id='word_1_780' title='bbox 966 5038 1023 5093; x_wconf 94' lang='lat' dir='ltr'><strong>nisi</strong></span> <span class='ocrx_word' id='word_1_781' title='bbox 1082 5039 1306 5120; x_wconf 81' lang='lat' dir='ltr'><strong>liominisgratia,</strong></span> <span class='ocrx_word' id='word_1_782' title='bbox 1322 5038 1484 5095; x_wconf 84' lang='lat' dir='ltr'><strong>exorcistam</strong></span> <span class='ocrx_word' id='word_1_783' title='bbox 1499 5049 1582 5108; x_wconf 88' lang='lat' dir='ltr'><strong>agere</strong></span> <span class='ocrx_word' id='word_1_784' title='bbox 1601 5033 1775 5113; x_wconf 73' lang='lat' dir='ltr'><strong>jusseratis</strong></span> <span class='ocrx_word' id='word_1_785' title='bbox 1794 5028 1869 5101; x_wconf 73' lang='lat' dir='ltr'><strong>Qua!</strong></span> 
     </span>
     <span class='ocr_line' id='line_1_70' title="bbox 210 5098 1869 5185; baseline 0.005 -34"><span class='ocrx_word' id='word_1_786' title='bbox 210 5098 264 5153; x_wconf 91' lang='lat' dir='ltr'><strong>sub</strong></span> <span class='ocrx_word' id='word_1_787' title='bbox 279 5099 345 5182; x_wconf 75' lang='lat' dir='ltr'><strong>solia</strong></span> <span class='ocrx_word' id='word_1_788' title='bbox 362 5116 488 5159; x_wconf 88' lang='lat' dir='ltr'><strong>oceasum</strong></span> <span class='ocrx_word' id='word_1_789' title='bbox 506 5104 595 5174; x_wconf 87' lang='lat' dir='ltr'><strong>luere,</strong></span> <span class='ocrx_word' id='word_1_790' title='bbox 618 5107 665 5162; x_wconf 91' lang='lat' dir='ltr'><strong>sed</strong></span> <span class='ocrx_word' id='word_1_791' title='bbox 702 5108 804 5164; x_wconf 86' lang='lat' dir='ltr'><strong>cicutas</strong></span> <span class='ocrx_word' id='word_1_792' title='bbox 836 5107 1024 5176; x_wconf 89' lang='lat' dir='ltr'><strong>damnationis,</strong></span> <span class='ocrx_word' id='word_1_793' title='bbox 1079 5108 1134 5175; x_wconf 90' lang='lat' dir='ltr'><strong>ille,</strong></span> <span class='ocrx_word' id='word_1_794' title='bbox 1151 5110 1248 5182; x_wconf 91' lang='lat' dir='ltr'><strong>inquit,</strong></span> <span class='ocrx_word' id='word_1_795' title='bbox 1270 5109 1477 5174; x_wconf 88' lang='lat' dir='ltr'><strong>ordinationem,</strong></span> <span class='ocrx_word' id='word_1_796' title='bbox 1502 5123 1535 5162; x_wconf 87' lang='lat' dir='ltr'><strong>oe</strong></span> <span class='ocrx_word' id='word_1_797' title='bbox 1563 5106 1725 5185; x_wconf 82' lang='lat' dir='ltr'><strong>despexisse</strong></span> <span class='ocrx_word' id='word_1_798' title='bbox 1752 5110 1869 5175; x_wconf 70' lang='lat' dir='ltr'><strong>tanqam</strong></span> 
     </span>
     <span class='ocr_line' id='line_1_71' title="bbox 210 5172 1765 5295; baseline 0.005 -72"><span class='ocrx_word' id='word_1_799' title='bbox 210 5172 337 5295; x_wconf 51' lang='lat' dir='ltr'><strong>2⁸³⁸J¹¹¹</strong></span> <span class='ocrx_word' id='word_1_800' title='bbox 353 5172 404 5227; x_wconf 89' lang='lat' dir='ltr'><strong>sub</strong></span> <span class='ocrx_word' id='word_1_801' title='bbox 419 5174 484 5230; x_wconf 89' lang='lat' dir='ltr'><strong>solis</strong></span> <span class='ocrx_word' id='word_1_802' title='bbox 499 5185 588 5232; x_wconf 90' lang='lat' dir='ltr'><strong>ortum</strong></span> <span class='ocrx_word' id='word_1_803' title='bbox 616 5179 806 5235; x_wconf 84' lang='lat' dir='ltr'><strong>nuntiauerant</strong></span> <span class='ocrx_word' id='word_1_804' title='bbox 829 5179 1021 5237; x_wconf 85' lang='lat' dir='ltr'><strong>Undecimuiri.</strong></span> <span class='ocrx_word' id='word_1_805' title='bbox 1077 5180 1248 5237; x_wconf 85' lang='lat' dir='ltr'><strong>humiliorem</strong></span> <span class='ocrx_word' id='word_1_806' title='bbox 1263 5181 1398 5239; x_wconf 86' lang='lat' dir='ltr'><strong>videretur</strong></span> <span class='ocrx_word' id='word_1_807' title='bbox 1419 5195 1472 5235; x_wconf 91' lang='lat' dir='ltr'><strong>non</strong></span> <span class='ocrx_word' id='word_1_808' title='bbox 1490 5176 1643 5249; x_wconf 82' lang='lat' dir='ltr'><strong>repudiauit</strong></span> <span class='ocrx_word' id='word_1_809' title='bbox 1658 5194 1684 5229; x_wconf 77' lang='grc' dir='ltr'><strong>,ι</strong></span> <span class='ocrx_word' id='word_1_810' title='bbox 1698 5174 1765 5233; x_wconf 79' lang='lat' dir='ltr'><strong>Ilia.</strong></span> 
     </span>
     <span class='ocr_line' id='line_1_72' title="bbox 237 5224 1869 5322; baseline 0.004 -27"><span class='ocrx_word' id='word_1_811' title='bbox 237 5241 345 5298; x_wconf 88' lang='lat' dir='ltr'><strong>dmrssis</strong></span> <span class='ocrx_word' id='word_1_812' title='bbox 364 5246 437 5300; x_wconf 92' lang='lat' dir='ltr'><strong>enim</strong></span> <span class='ocrx_word' id='word_1_813' title='bbox 450 5247 564 5304; x_wconf 89' lang='lat' dir='ltr'><strong>subinde</strong></span> <span class='ocrx_word' id='word_1_814' title='bbox 585 5249 687 5313; x_wconf 79' lang='lat' dir='ltr'><strong>enticis,</strong></span> <span class='ocrx_word' id='word_1_815' title='bbox 705 5250 803 5307; x_wconf 92' lang='lat' dir='ltr'><strong>nobilis</strong></span> <span class='ocrx_word' id='word_1_816' title='bbox 819 5249 865 5307; x_wconf 93' lang='lat' dir='ltr'><strong>ille</strong></span> <span class='ocrx_word' id='word_1_817' title='bbox 879 5250 913 5306; x_wconf 91' lang='lat' dir='ltr'><strong>de</strong></span> <span class='ocrx_word' id='word_1_818' title='bbox 934 5251 1023 5306; x_wconf 88' lang='lat' dir='ltr'><strong>anima</strong></span> <span class='ocrx_word' id='word_1_819' title='bbox 1112 5255 1153 5322; x_wconf 79' lang='grc'><strong>(7)</strong></span> <span class='ocrx_word' id='word_1_820' title='bbox 1166 5254 1230 5310; x_wconf 89' lang='lat' dir='ltr'><strong>Sola</strong></span> <span class='ocrx_word' id='word_1_821' title='bbox 1246 5252 1380 5309; x_wconf 83' lang='lat' dir='ltr'><strong>troducit.</strong></span> <span class='ocrx_word' id='word_1_822' title='bbox 1399 5224 1532 5306; x_wconf 57' lang='lat' dir='ltr'><strong>hamdem</strong></span> <span class='ocrx_word' id='word_1_823' title='bbox 1547 5261 1613 5306; x_wconf 88' lang='lat' dir='ltr'><strong>rerc</strong></span> <span class='ocrx_word' id='word_1_824' title='bbox 1628 5254 1793 5319; x_wconf 84' lang='lat' dir='ltr'><strong>potestatem</strong></span> <span class='ocrx_word' id='word_1_825' title='bbox 1809 5256 1869 5301; x_wconf 70' lang='lat' dir='ltr'><strong>cu·</strong></span> 
     </span>
     <span class='ocr_line' id='line_1_73' title="bbox 209 5316 1870 5397; baseline 0.005 -31"><span class='ocrx_word' id='word_1_826' title='bbox 209 5327 301 5371; x_wconf 87' lang='lat' dir='ltr'><strong>sermo</strong></span> <span class='ocrx_word' id='word_1_827' title='bbox 324 5316 436 5397; x_wconf 85' lang='lat' dir='ltr'><strong>¹haberi</strong></span> <span class='ocrx_word' id='word_1_828' title='bbox 468 5327 597 5391; x_wconf 76' lang='lat' dir='ltr'><strong>caeperat.</strong></span> <span class='ocrx_word' id='word_1_829' title='bbox 620 5319 679 5376; x_wconf 85' lang='lat' dir='ltr'><strong>lam</strong></span> <span class='ocrx_word' id='word_1_830' title='bbox 706 5321 800 5376; x_wconf 90' lang='lat' dir='ltr'><strong>cicutis</strong></span> <span class='ocrx_word' id='word_1_831' title='bbox 841 5320 1022 5376; x_wconf 89' lang='lat' dir='ltr'><strong>damnationis</strong></span> <span class='ocrx_word' id='word_1_832' title='bbox 1074 5322 1272 5380; x_wconf 86' lang='lat' dir='ltr'><strong>cessamluisse</strong></span> <span class='ocrx_word' id='word_1_833' title='bbox 1286 5323 1386 5379; x_wconf 84' lang='lat' dir='ltr'><strong>ludaeis</strong></span> <span class='ocrx_word' id='word_1_834' title='bbox 1400 5322 1481 5378; x_wconf 90' lang='lat' dir='ltr'><strong>etiarn</strong></span> <span class='ocrx_word' id='word_1_835' title='bbox 1495 5334 1553 5377; x_wconf 89' lang='lat' dir='ltr'><strong>aero</strong></span> <span class='ocrx_word' id='word_1_836' title='bbox 1569 5333 1620 5376; x_wconf 90' lang='lat' dir='ltr'><strong>suo</strong></span> <span class='ocrx_word' id='word_1_837' title='bbox 1649 5317 1747 5389; x_wconf 79' lang='lat' dir='ltr'><strong>relect,</strong></span> <span class='ocrx_word' id='word_1_838' title='bbox 1762 5316 1870 5393; x_wconf 61' lang='lat' dir='ltr'><strong>lm!</strong></span> 
     </span>
     <span class='ocr_line' id='line_1_74' title="bbox 208 5384 1872 5465; baseline 0.002 -24"><span class='ocrx_word' id='word_1_839' title='bbox 208 5385 357 5453; x_wconf 85' lang='lat' dir='ltr'><strong>ealiaustis,</strong></span> <span class='ocrx_word' id='word_1_840' title='bbox 379 5388 432 5445; x_wconf 92' lang='lat' dir='ltr'><strong>hoc</strong></span> <span class='ocrx_word' id='word_1_841' title='bbox 453 5399 518 5456; x_wconf 89' lang='lat' dir='ltr'><strong>est,</strong></span> <span class='ocrx_word' id='word_1_842' title='bbox 542 5391 597 5460; x_wconf 75' lang='lat' dir='ltr'><strong>Jam</strong></span> <span class='ocrx_word' id='word_1_843' title='bbox 645 5389 735 5445; x_wconf 88' lang='lat' dir='ltr'><strong>audita</strong></span> <span class='ocrx_word' id='word_1_844' title='bbox 758 5391 936 5447; x_wconf 88' lang='lat' dir='ltr'><strong>damnationis</strong></span> <span class='ocrx_word' id='word_1_845' title='bbox 962 5406 1020 5448; x_wconf 72' lang='lat' dir='ltr'><strong>suae</strong></span> <span class='ocrx_word' id='word_1_846' title='bbox 1074 5393 1121 5450; x_wconf 82' lang='lat' dir='ltr'><strong>lili.</strong></span> <span class='ocrx_word' id='word_1_847' title='bbox 1142 5409 1170 5459; x_wconf 85' lang='lat' dir='ltr'><strong>ir,</strong></span> <span class='ocrx_word' id='word_1_848' title='bbox 1188 5411 1248 5465; x_wconf 73' lang='lat' dir='ltr'><strong>capi.</strong></span> <span class='ocrx_word' id='word_1_849' title='bbox 1273 5398 1300 5459; x_wconf 86' lang='lat' dir='ltr'><strong>s,</strong></span> <span class='ocrx_word' id='word_1_850' title='bbox 1321 5393 1411 5458; x_wconf 83' lang='lat' dir='ltr'><strong>credo.</strong></span> <span class='ocrx_word' id='word_1_851' title='bbox 1428 5394 1464 5450; x_wconf 93' lang='lat' dir='ltr'><strong>ob</strong></span> <span class='ocrx_word' id='word_1_852' title='bbox 1487 5390 1646 5449; x_wconf 82' lang='lat' dir='ltr'><strong>familiarem</strong></span> <span class='ocrx_word' id='word_1_853' title='bbox 1666 5388 1724 5444; x_wconf 91' lang='lat' dir='ltr'><strong>illis</strong></span> <span class='ocrx_word' id='word_1_854' title='bbox 1746 5388 1809 5447; x_wconf 83' lang='lat' dir='ltr'><strong>ueri</strong></span> <span class='ocrx_word' id='word_1_855' title='bbox 1826 5384 1872 5443; x_wconf 75' lang='lat' dir='ltr'><strong>litt</strong></span> 
     </span>
     <span class='ocr_line' id='line_1_75' title="bbox 207 5457 1874 5537; baseline 0.005 -28"><span class='ocrx_word' id='word_1_856' title='bbox 207 5458 350 5522; x_wconf 82' lang='lat' dir='ltr'><strong>sententia,</strong></span> <span class='ocrx_word' id='word_1_857' title='bbox 373 5460 452 5529; x_wconf 88' lang='lat' dir='ltr'><strong>quasi</strong></span> <span class='ocrx_word' id='word_1_858' title='bbox 475 5461 509 5516; x_wconf 91' lang='lat' dir='ltr'><strong>ah</strong></span> <span class='ocrx_word' id='word_1_859' title='bbox 527 5460 705 5531; x_wconf 91' lang='lat' dir='ltr'><strong>eotemporis</strong></span> <span class='ocrx_word' id='word_1_860' title='bbox 741 5471 876 5518; x_wconf 92' lang='lat' dir='ltr'><strong>momento</strong></span> <span class='ocrx_word' id='word_1_861' title='bbox 903 5472 1018 5517; x_wconf 87' lang='lat' dir='ltr'><strong>mortem</strong></span> <span class='ocrx_word' id='word_1_862' title='bbox 1073 5466 1218 5521; x_wconf 90' lang='lat' dir='ltr'><strong>notitiam:</strong></span> <span class='ocrx_word' id='word_1_863' title='bbox 1239 5490 1248 5515; x_wconf 80' lang='lat' dir='ltr'><strong>i</strong></span> <span class='ocrx_word' id='word_1_864' title='bbox 1268 5465 1422 5537; x_wconf 83' lang='lat' dir='ltr'><strong>litpropter</strong></span> <span class='ocrx_word' id='word_1_865' title='bbox 1447 5467 1507 5528; x_wconf 86' lang='lat' dir='ltr'><strong>hoc,</strong></span> <span class='ocrx_word' id='word_1_866' title='bbox 1537 5460 1634 5533; x_wconf 90' lang='lat' dir='ltr'><strong>inquit,</strong></span> <span class='ocrx_word' id='word_1_867' title='bbox 1662 5457 1757 5517; x_wconf 84' lang='lat' dir='ltr'><strong>Judaei</strong></span> <span class='ocrx_word' id='word_1_868' title='bbox 1794 5466 1874 5527; x_wconf 64' lang='lat' dir='ltr'><strong>traam</strong></span> 
     </span>
     <span class='ocr_line' id='line_1_76' title="bbox 206 5525 1874 5612; baseline 0.001 -31"><span class='ocrx_word' id='word_1_869' title='bbox 206 5525 329 5610; x_wconf 81' lang='lat' dir='ltr'><strong>Socrates</strong></span> <span class='ocrx_word' id='word_1_870' title='bbox 344 5531 438 5588; x_wconf 89' lang='lat' dir='ltr'><strong>bibere</strong></span> <span class='ocrx_word' id='word_1_871' title='bbox 454 5532 590 5612; x_wconf 79' lang='lat' dir='ltr'><strong>caepisset,</strong></span> <span class='ocrx_word' id='word_1_872' title='bbox 606 5533 715 5612; x_wconf 85' lang='lat' dir='ltr'><strong>cumob</strong></span> <span class='ocrx_word' id='word_1_873' title='bbox 754 5547 788 5588; x_wconf 91' lang='lat' dir='ltr'><strong>en</strong></span> <span class='ocrx_word' id='word_1_874' title='bbox 820 5533 1017 5607; x_wconf 86' lang='lat' dir='ltr'><strong>quoquejndi-</strong></span> <span class='ocrx_word' id='word_1_875' title='bbox 1071 5553 1140 5593; x_wconf 90' lang='lat' dir='ltr'><strong>nunc</strong></span> <span class='ocrx_word' id='word_1_876' title='bbox 1159 5536 1209 5593; x_wconf 87' lang='lat' dir='ltr'><strong>lrec</strong></span> <span class='ocrx_word' id='word_1_877' title='bbox 1228 5539 1288 5611; x_wconf 89' lang='lat' dir='ltr'><strong>ipsa</strong></span> <span class='ocrx_word' id='word_1_878' title='bbox 1303 5527 1766 5608; x_wconf 83' lang='lat' dir='ltr'><strong>inuocationedaemouiaet&#39;lugaot,</strong></span> <span class='ocrx_word' id='word_1_879' title='bbox 1786 5526 1874 5587; x_wconf 78' lang='lat' dir='ltr'><strong>alto.</strong></span> 
     </span>
     <span class='ocr_line' id='line_1_77' title="bbox 205 5602 1019 5678; baseline 0.011 -23"><span class='ocrx_word' id='word_1_880' title='bbox 205 5612 251 5655; x_wconf 86' lang='lat' dir='ltr'><strong>ces</strong></span> <span class='ocrx_word' id='word_1_881' title='bbox 277 5609 360 5657; x_wconf 86' lang='lat' dir='ltr'><strong>uitam</strong></span> <span class='ocrx_word' id='word_1_882' title='bbox 389 5602 523 5660; x_wconf 91' lang='lat' dir='ltr'><strong>custodiis</strong></span> <span class='ocrx_word' id='word_1_883' title='bbox 554 5604 689 5661; x_wconf 88' lang='lat' dir='ltr'><strong>ademisse</strong></span> <span class='ocrx_word' id='word_1_884' title='bbox 724 5615 886 5663; x_wconf 89' lang='lat' dir='ltr'><strong>censeantur</strong></span> <span class='ocrx_word' id='word_1_885' title='bbox 910 5621 943 5662; x_wconf 83' lang='lat' dir='ltr'><strong>ex</strong></span> <span class='ocrx_word' id='word_1_886' title='bbox 963 5621 1019 5678; x_wconf 91' lang='lat' dir='ltr'><strong>quo</strong></span> 
     </span>
    </p>
   </div>
   <div class='ocr_carea' id='block_1_10' title="bbox 0 0 1928 6119">
    <p class='ocr_par' dir='ltr' id='par_1_14' title="bbox 0 0 1928 6119">
     <span class='ocr_line' id='line_1_78' title="bbox 0 0 1928 6119; baseline 0 0"><span class='ocrx_word' id='word_1_887' title='bbox 0 0 1928 6119; x_wconf 95' lang='lat' dir='ltr'><strong> </strong></span> 
     </span>
    </p>
   </div>
  </div>
 </body>
</html>
