3840 6134
166 313 235 375 1135
704 301 749 362 ιι
768 298 912 362 aarum
929 294 1279 359 ιιιιυιιιιιιιοιιιιι
1499 276 1505 288 '
1743 297 1813 360 tras

163 437 242 493 Solus
256 438 403 506 perpetuus
416 430 490 486 Deus
503 434 554 495 est,
570 427 702 483 immensa
717 432 846 497 potestas.
976 436 1000 516 Ι
1017 421 1156 493 Sanguine
1175 437 1235 476 nam
1250 419 1328 478 vituli
1343 419 1481 493 populum,
1496 420 1575 477 simul
1589 420 1682 478 omnia
1700 438 1775 498 rasa,

164 528 241 581 linnc
255 523 297 580 lex
312 537 372 578 esse
387 521 471 576 Deum
488 518 590 591 populo
605 524 799 572 monstraverat
813 528 905 580 unum,
1015 510 1103 582 Atque
1117 509 1417 582 sacerdotesetseripta
1432 510 1568 568 volumina
1587 510 1667 586 legis,

166 609 282 670 1010
294 613 378 682 Cujus
392 625 444 667 vor
454 608 522 665 tlosi
532 607 637 678 pollens
652 605 679 661 in
695 612 786 661 monte
801 604 889 660 locuta
908 607 959 660 est.
1017 597 1132 655 1080
1146 599 1251 672 Sparsit
1265 615 1342 673 aquae
1352 600 1437 656 mixto
1446 605 1522 657 vates
1537 599 1681 670 sicjussus
1696 600 1731 655 ab
1740 601 1806 669 alto,

165 703 241 758 lllius
256 704 314 757 hanc
328 701 423 765 virtus,
440 696 582 768 sapientia,
599 695 696 768 gloria,
711 695 833 760 verbum,
1013 688 1074 743 Non
1088 688 1112 726 ²²
1126 688 1264 760 propriam
1279 705 1365 761 spem,
1381 702 1435 744 nec
1449 687 1567 760 speciem
1589 688 1693 746 virtute
1712 705 1811 747 ramn-

163 791 259 857 Filius,
274 779 407 846 immenso
421 786 542 860 genitum
557 784 707 841 delumine
723 784 823 849 lumen,
1013 775 1146 846 Exemplo
1156 774 1233 834 rituli
1243 791 1387 847 passurum
1400 775 1427 831 in
1440 790 1554 847 corpore
1564 775 1703 833 Christum
1714 795 1721 847 ;
1732 775 1808 851 [tem

163 881 214 936 Per
226 887 318 936 vatum
332 893 416 935 noces
430 878 501 931 hunc
513 889 597 931 unum
612 872 731 928 clamitat
744 887 813 928 esse,
1012 861 1062 932 Qui
1078 866 1145 936 juga
1159 866 1226 920 dura
1239 863 1329 920 serens
1343 865 1597 934 humeris,temonis
1611 872 1703 923 aratro

164 969 266 1025 Ordine
281 966 432 1037 suscipiens
446 964 556 1035 Paulus,
570 963 611 1020 sic
631 961 711 1018 tradit
721 970 748 1018 et
757 962 816 1032 ipse
960 969 962 974 ·
1012 952 1127 1009 Fortiter
1140 953 1248 1026 abrupit
1263 971 1313 1010 sua
1327 966 1434 1025 pectora
1448 969 1560 1011 vomere
1574 953 1651 1024 lerri,

163 1058 251 1114 linum
261 1057 333 1112 bunc
342 1070 402 1110 esse
413 1055 531 1119 Patrem,
542 1067 680 1126 perquem
693 1058 757 1106 sunt
769 1047 860 1106 omnia
869 1045 955 1118 iacta;
1013 1039 1166 1097 lulundens
1180 1042 1264 1099 sulcis
1279 1042 1376 1099 animae
1391 1043 1434 1098 sui
1448 1042 1591 1117 sanguinis
1600 1042 1705 1098 undem
1729 1062 1737 1100 :

162 1149 251 1218 Atque
264 1160 348 1200 unum
359 1143 504 1208 Christum,
519 1157 567 1212 per
581 1156 663 1213 quem
686 1142 760 1197 Deus
776 1138 866 1195 omnia
882 1136 955 1206 lecit,
1010 1130 1078 1186 Natu
1093 1132 1185 1203 templi
1200 1149 1264 1189 vasa
1278 1135 1337 1190 baec
1347 1132 1490 1206 designant
1503 1147 1620 1205 corpora
1632 1140 1738 1190 nostra.

160 1236 201 1290 Ad
216 1250 296 1308 quem
311 1249 340 1291 se
354 1247 468 1290 curvare
481 1246 555 1303 genu
570 1229 648 1302 plane
661 1245 743 1286 omne
755 1227 866 1295 latetur,
1010 1222 1072 1294 lpse
1088 1223 1137 1279 Dei
1153 1223 1284 1296 templum
1299 1239 1405 1290 terum,
1422 1240 1478 1283 non
1492 1232 1554 1281 ante
1566 1224 1700 1293 dicatum,

162 1321 204 1377 Ex
218 1337 272 1394 quo
286 1320 375 1378 omnis
388 1317 478 1390 patria
493 1318 520 1372 in
539 1315 610 1374 coelo
622 1324 746 1388 terraque
759 1321 871 1373 vocatur
880 1312 953 1384 (60);
1016 1312 1138 1384 Namque
1147 1328 1198 1370 suo
1210 1313 1432 1370 socioshomines
1448 1312 1501 1374 sibi
1514 1313 1651 1388 sanguine
1671 1312 1735 1371 lecit

161 1410 212 1478 Qui
227 1411 295 1465 zelat
311 1409 439 1481 populum
453 1421 559 1462 summo
574 1405 681 1478 pietatis
695 1419 787 1461 amore
1008 1400 1097 1474 Atque
1107 1402 1259 1460 sacerdotes
1274 1402 1360 1460 voluit
1373 1401 1414 1460 sui
1424 1402 1547 1475 corporis
1559 1416 1622 1458 esso
1634 1403 1708 1475 (dii,

160 1502 195 1558 Ut
209 1500 300 1566 Pater,
314 1505 341 1554 et
354 1504 445 1553 sancte
455 1494 513 1552 vult
526 1509 634 1551 onmem
650 1495 738 1552 rivere
751 1506 872 1557 earnem,
1009 1489 1070 1562 lpse
1084 1491 1170 1547 Patris
1183 1491 1282 1548 summi
1296 1490 1431 1564 perlectus
1442 1493 1505 1563 jure
1520 1491 1663 1549 sacerdos.

159 1591 297 1661 Apparere
311 1587 363 1642 sibi
383 1586 508 1641 mundam
527 1586 586 1640 sine
600 1582 711 1640 crimine
726 1582 843 1652 plebem,
1008 1578 1148 1648 Auditum,
1165 1580 1261 1649 nisum,
1271 1596 1397 1655 gressum
1411 1578 1546 1637 mandavit
1558 1579 1689 1651 inertem,

160 1679 216 1735 lloc
229 1678 288 1735 zelo
306 1686 425 1732 nostram
444 1673 563 1731 custodit
577 1673 638 1744 lege
652 1670 776 1739 salntem,
1008 1668 1182 1740 Aspersitque
1197 1668 1266 1726 libro
1281 1676 1363 1726 testes
1379 1684 1501 1743 praesaga
1517 1670 1634 1735 locutus,

157 1766 305 1840 Legitimos
320 1770 412 1819 monet
426 1777 496 1829 esse,
511 1762 598 1831 jubet,
613 1759 729 1833 castigat
739 1765 766 1816 et
784 1758 873 1825 instat,
971 1775 994 1855 Β
1009 1756 1205 1815 Demonstrans
1217 1758 1305 1832 legem
1318 1773 1368 1815 suo
1383 1757 1499 1816 uinctam
1513 1756 1647 1832 sanguine
1661 1765 1767 1828 sancto,

157 1838 314 1926 Corripiens
328 1851 436 1906 Galatas
447 1849 543 1906 iratres
556 1852 585 1905 et
598 1849 736 1921 apostolus
746 1847 828 1913 idem,
1007 1845 1083 1902 Hanc
1096 1853 1122 1901 et
1134 1862 1185 1918 per
1198 1847 1307 1906 vitulam
1322 1844 1474 1903 manifestat
1487 1845 1595 1903 victima
1608 1861 1735 1915 causam,

157 1942 253 1998 Talem
267 1955 297 1995 se
312 1939 410 1995 Paulus
428 1937 515 1994 zelum
535 1952 564 1993 se
579 1937 689 2008 scripsit
699 1936 810 1993 habere.
1008 1934 1145 2008 Sanguine
1159 1936 1192 1992 de
1206 1937 1287 2006 cujus
1299 1951 1349 2009 pro
1363 1935 1442 2007 plebe
1462 1934 1567 2007 piacula
1585 1951 1700 1992 sumens

460 2025 574 2082 CAPUT
599 2026 646 2081 ill.
1006 2025 1080 2081 lutra
1094 2026 1217 2083 velamen
1234 2025 1549 2097 primusleritalerebat,

193 2116 319 2176 Reddidit
328 2131 394 2188 ergo
408 2115 480 2172 Deus
495 2114 580 2188 gratis
592 2124 704 2188 peccata
717 2121 827 2187 paterna
1006 2114 1162 2171 Castrorum
1176 2127 1250 2173 extra
1264 2114 1336 2171 iores
1349 2130 1448 2186 corpus
1461 2115 1751 2187 jussuqnecremauit,

156 2208 187 2264 ln
200 2205 361 2279 cataclysmo
385 2220 501 2262 enecans
516 2204 616 2276 paritor
629 2219 690 2259 cum
715 2203 791 2277 prole
805 2213 949 2275 parentes3
1006 2204 1090 2274 Cujus
1104 2203 1137 2260 de
1151 2203 1241 2261 cinere
1255 2203 1404 2259 mundabat
1418 2218 1533 2275 corpora
1547 2204 1625 2273 lapsa

156 2296 297 2369 Genteque
310 2294 367 2365 jam
380 2304 475 2366 quarta
489 2293 595 2367 genitos
609 2292 644 2349 de
658 2291 744 2362 stirpe
759 2298 882 2361 nepotes.
1004 2296 1059 2352 lloc
1073 2297 1205 2353 Dominus
1216 2304 1315 2368 noster,
1330 2295 1376 2368 qni
1394 2310 1446 2353 nos
1459 2311 1507 2351 sua
1520 2304 1607 2352 morte
1621 2296 1752 2367 redemit,

155 2387 222 2441 Cum
235 2385 292 2440 lere
307 2388 463 2454 nongentos
476 2383 526 2438 bos
541 2389 605 2437 tunc
617 2379 749 2448 adiuverit
763 2395 858 2435 annos.
1002 2384 1084 2442 Extra
1097 2394 1195 2459 castra,
1209 2386 1304 2443 rolens
1318 2385 1412 2457 populi
1427 2384 1481 2444 vim
1493 2401 1589 2458 passus
1596 2385 1699 2461 iniqui,

153 2473 287 2531 iudicium
302 2473 409 2538 durum,
426 2471 560 2527 sententia
573 2484 647 2526 aaeva
660 2469 779 2539 ridetur,
1003 2475 1128 2549 Implevit
1141 2477 1240 2549 legem,
1256 2474 1335 2532 iactis
1348 2474 1479 2546 praedicta
1493 2474 1646 2546 probando,

154 2562 286 2620 Parvulas
299 2569 325 2618 et
340 2560 463 2619 Sodomis
488 2560 575 2616 adhuc
590 2559 694 2630 insons,
709 2558 809 2625 mollis,
824 2557 945 2630 inermis,
1000 2564 1053 2636 Qui
1067 2580 1131 2624 uere
1144 2565 1256 2622 mundat
1266 2564 1373 2637 plebem
1388 2565 1539 2622 cacumine
1551 2564 1678 2638 plenam,

155 2654 188 2710 Ut
202 2661 292 2708 careat
310 2652 382 2719 vita,
396 2651 462 2723 quid
471 2649 542 2707 enim
555 2657 716 2722 peccaverat
734 2646 841 2704 inlansi
1000 2656 1100 2713 Omnia
1113 2655 1276 2723 concedens,
1293 2654 1372 2726 quasi
1387 2653 1468 2711 dives
1477 2653 1600 2726 corporis
1613 2663 1722 2728 auctor,

152 2741 231 2811 Quod
245 2740 353 2798 crudele
367 2748 457 2814 putes,
469 2741 521 2796 lnoc
537 2746 579 2795 est
591 2738 700 2810 pietatis
714 2738 873 2806 honestum;
1000 2747 1072 2803 [ntra
1083 2744 1205 2801 velamen
1219 2742 1281 2800 eceli
1295 2758 1357 2798 cnm
1371 2743 1501 2816 sangnine
1515 2758 1637 2815 gressus,

149 2834 279 2888 Auctores
294 2829 412 2895 sceleris,
432 2828 536 2885 lacinus
555 2834 737 2885 accresceret
755 2826 835 2894 ultra,
998 2832 1210 2906 Effunditquem
1227 2849 1275 2904 pro
1288 2833 1433 2889 multorum
1448 2831 1675 2892 mortibusunns.

148 2918 286 2975 Exstinxit
300 2916 477 2988 subolemque
491 2923 598 2987 patrum
612 2926 720 2989 peccata
733 2924 904 2988 sequentum.
999 2924 1073 2997 Ergo
1086 2922 1253 2981 sacerdotem
1268 2938 1397 2995 magnum
1412 2921 1488 2995 decet
1506 2920 1594 2977 hostia
1607 2929 1718 2989 sancta,

148 3006 201 3062 Sed
217 3023 271 3062 non
289 3022 351 3063 cnm
365 3005 485 3077 patribus
499 3021 594 3078 poenas
609 3007 735 3064 innoxius
750 3005 838 3062 inians
997 3012 1086 3082 Quam
1100 3011 1183 3087 digne
1200 3008 1338 3083 perlectus
1348 3010 1461 3076 habens,
1477 3009 1579 3068 oilerre
1597 3012 1755 3083 probetur:

147 3096 295 3166 Perpetuas
317 3094 381 3164 tntu
397 3094 519 3168 ignarus,
533 3110 621 3166 neque
635 3092 756 3151 criminis
767 3101 872 3161 tuclus,
961 3053 983 3133 c
998 3101 1104 3172 Corpus
1116 3101 1208 3170 habet,
1219 3101 1276 3155 baee
1289 3106 1331 3155 est
1349 3097 1507 3156 mortalibus
1520 3099 1609 3187 hostia
1624 3099 1706 3160 viva:

146 3183 186 3239 Ne
201 3181 277 3240 lieret
295 3183 402 3252 selenis,
418 3199 531 3241 consors
544 3184 633 3240 aetatis
646 3183 753 3253 adnltae,
1000 3191 1075 3249 Hanc
1093 3191 1203 3263 dignam
1218 3191 1335 3263 magnis,
1351 3205 1401 3261 pro
1415 3189 1522 3246 cunctis
1535 3190 1637 3246 obtulit
1652 3206 1750 3263 unam,

146 3273 249 3346 Sponte
257 3274 345 3331 lutura
356 3274 435 3341 mala,
453 3290 527 3331 mors
539 3273 684 3331 immatura
696 3273 818 3332 resolvit.
998 3280 1138 3338 Hircorum
1148 3278 1252 3350 speeies
1267 3277 1391 3334 homines
1409 3279 1481 3336 dicat
1493 3295 1553 3337 esse
1563 3280 1693 3351 repulsos

997 3371 1036 3426 lix
1051 3369 1157 3426 dnobus
1170 3367 1284 3441 populis
1293 3367 1412 3439 steriles,
1428 3368 1490 3426 sine
1505 3367 1641 3425 [ructibus
1654 3370 1763 3441 ambos,

460 3416 575 3474 CAPUT
594 3415 641 3474 Ν·
997 3457 1073 3529 Quos
1090 3458 1118 3515 in
1126 3457 1271 3531 Evangelio
1284 3457 1416 3514 Dominus
1427 3473 1535 3530 quoque
1556 3456 1637 3528 dixit,
1654 3468 1681 3516 et
1704 3459 1797 3517 haedos

180 3541 233 3599 Cur
246 3544 321 3600 Dens
339 3557 406 3616 ergo
426 3542 504 3613 jubet
518 3556 645 3615 pecorum
661 3540 715 3597 sibi
733 3542 865 3614 sangnine
879 3542 943 3601 lun·
995 3547 1051 3603 Aba
1076 3547 1176 3605 oribus
1189 3545 1261 3604 cerni
1277 3553 1380 3603 sentes
1401 3547 1430 3604 in
1444 3554 1519 3620 parte
1532 3545 1654 3621 sinistra,

808 3629 846 3702 [di
861 3629 943 3703 (dlii
995 3637 1063 3693 Esse
1076 3637 1185 3709 quidem
1198 3635 1332 3706 quosdam
1347 3635 1456 3692 Domini
1476 3650 1527 3708 pro
1546 3636 1661 3694 nomine
1684 3651 1793 3711 passarp

141 3719 269 3791 legeque
284 3717 453 3791 constringit,
465 3733 500 3773 uc
513 3718 575 3789 quis
589 3719 799 3775 transcenderet
813 3735 908 3776 errans
997 3725 1044 3784 Sic
1057 3734 1147 3782 aetum
1160 3724 1290 3796 sterilem,
1306 3724 1423 3782 lruotnm
1438 3726 1558 3798 velasse,
1573 3741 1705 3797 supremo

140 3807 171 3861 ln
182 3807 294 3877 populo,
312 3806 433 3876 lapidum
449 3807 577 3877 prasenti
595 3814 683 3864 morte
696 3808 836 3864 minatus?
997 3816 1053 3871 llos
1067 3813 1164 3871 meritc
1177 3813 1277 3886 dignos
1291 3830 1356 3884 arae,
1372 3814 1452 3872 decet
1464 3830 1525 3872 esse
1537 3814 1710 3887 prophetas;

141 3896 231 3966 Atque
244 3893 342 3950 iterum
357 3895 415 3950 haec
429 3895 568 3966 reprobat,
584 3905 668 3970 negat
683 3896 742 3953 haec
755 3896 806 3953 sibi
829 3913 942 3956 munera
995 3902 1127 3972 Abiectos
1138 3904 1217 3973 alios,
1231 3906 1333 3962 Lazaro
1351 3912 1381 3962 ut
1395 3905 1471 3964 diues
1488 3905 1610 3978 iniquus,

141 3982 297 4053 Corripiens
312 3983 420 4054 plebem
433 3985 539 4054 peccati
549 3983 675 4041 examine
688 3987 829 4056 pressam?
840 3987 939 4062 [grata
995 3990 1025 4048 ln
1039 4008 1089 4051 sua
1102 3992 1200 4051 duritie
1212 3993 1260 4066 qui
1276 4009 1449 4065 permansere
1463 3993 1576 4066 repulsi.

139 4072 199 4144 lpse
210 4071 288 4145 jubet
303 4088 391 4139 verax,
413 4074 503 4142 justus
517 4071 597 4129 simul
611 4074 670 4146 ipse
686 4075 791 4147 repellit
807 4093 814 4134 :

139 4160 168 4217 Si
183 4161 281 4233 quaeris
295 4176 401 4230 causas,
417 4177 514 4218 errans
525 4162 630 4219 desiste
645 4164 767 4236 moveri;
1305 4170 1419 4230 CAPUT
1447 4171 1479 4229 V.

138 4250 225 4307 Causa
239 4251 337 4307 etenim
354 4249 417 4307 lidei
432 4250 545 4308 rationis
559 4251 678 4325 imagine
692 4254 794 4324 major.

91 4383 94 4391 ,
136 4338 237 4409 Aspice
253 4356 302 4412 per
316 4340 456 4412 speculum
471 4340 601 4415 fulgentis
621 4342 731 4400 luminis
744 4347 880 4413 umbram,
1025 4349 1093 4406 Nam
1116 4349 1203 4407 uelum
1221 4348 1250 4406 in
1275 4350 1366 4407 medio
1388 4350 1512 4422 pendens
1543 4351 1678 4410 cernebat
1701 4361 1789 4413 utres·

136 4427 207 4497 Quid
221 4428 311 4486 vitulis
334 4430 453 4504 sanguis,
468 4429 560 4487 titulae
574 4431 653 4502 cinis,
670 4433 761 4489 hircus
772 4442 897 4507 uterque3
951 4407 975 4486 ss
990 4438 1073 4511 lnque
1087 4439 1155 4497 duas
1168 4448 1261 4512 partes
1274 4440 1361 4497 aedem
1374 4440 1501 4497 diviserat
1523 4456 1616 4499 unam.
1636 4441 1704 4517 [que
1724 4444 1789 4518 (63),

136 4517 186 4573 llic
199 4516 326 4573 dimissus
340 4519 406 4589 abit,
420 4519 490 4575 cadit
505 4520 574 4576 alter
588 4529 618 4575 ut
634 4520 724 4577 hostia
741 4524 861 4595 templo:
991 4529 1121 4585 interiora
1135 4528 1245 4601 qnidam
1259 4536 1416 4587 sanctorum
1431 4538 1524 4588 sancta
1538 4539 1648 4592 vocata.

824 4597 919 4661 Vtriae
939 4607 1092 4672 lectiones.

172 4669 198 4707 2²
215 4668 284 4725 Nam
301 4669 394 4729 Obert.

832 4749 1085 4823 Commentarius,

171 4821 229 4892 (60)
243 4824 349 4895 anue
364 4826 457 4881 omnia
470 4825 571 4890 patria
584 4825 616 4880 in
631 4825 698 4884 eoeln
710 4829 842 4902 terraque
852 4845 937 4892 vocc—
991 4834 1175 4899 elebamini,
1190 4848 1272 4904 supra
1291 4831 1480 4891 adnotavimus
1494 4847 1515 4891 1.
1525 4847 1565 4901 rr,
1576 4833 1641 4892 adu.
1658 4835 1746 4895 darc.
1761 4851 1786 4893 e.

136 4894 195 4948 tur.
225 4893 370 4950 Reservata
391 4904 432 4948 est
454 4895 488 4949 ab
530 4901 638 4952 auctore
665 4896 692 4952 in
724 4899 775 4954 bac
804 4902 938 4971 scriptura
993 4905 1038 4976 lo,
1053 4922 1082 4960 n.
1097 4907 1160 4975 soa,
1175 4904 1262 4961 ubiea
1278 4902 1463 4961 darelatins.
1479 4904 1585 4962 Rursus
1594 4918 1687 4963 anmm
1709 4906 1786 4981 paulo

133 4961 238 5032 Ephes.
254 4979 288 5018 ιιι
312 4977 363 5019 ror
381 4963 477 5021 Graeca
490 4966 591 5038 πατριὰ,
614 4969 649 5023 de
672 4983 724 5040 qna
748 4970 779 5024 B.
802 4969 938 5048 Hierony·
993 4986 1065 5049 post,
1086 4975 1149 5030 dum
1167 4977 1268 5033 vitute
1282 4978 1428 5034 uictimam
1452 4976 1575 5049 explicat,
1593 4978 1680 5034 utitur
1703 4992 1783 5036 voce:

135 5047 205 5115 mus,
216 5035 278 5091 adr.
306 5034 410 5093 Helvid.
426 5036 560 5103 scribens,
596 5038 694 5095 latetur
712 5040 821 5099 Latinos
845 5056 936 5116 pater·
991 5048 1164 5120 coeremitae,
1179 5063 1229 5130 pro
1244 5047 1587 5120 contaminatissimum
1602 5048 1785 5122 deinceps‚de

133 5113 231 5161 nitates
253 5120 358 5172 tooure,
382 5121 452 5179 quos
481 5109 570 5166 Graeci
606 5118 704 5166 vocant
724 5113 840 5184 πατριὰς,
875 5134 937 5175 cum
990 5118 1095 5177 duobus
1111 5119 1198 5177 ltt'rcts
1213 5120 1282 5189 apii.

131 5190 166 5233 ex
181 5191 232 5231 una
247 5176 337 5233 radice
350 5181 433 5234 multa
447 5181 553 5250 generis
567 5181 647 5238 tnrba
659 5181 832 5243 diffunditur.
1026 5190 1265 5261 (63)llamoelttm
1274 5191 1306 5246 in
1315 5190 1409 5248 medio
1418 5188 1688 5263 peadearceraebat
1697 5197 1785 5250 aaa

169 5248 223 5319 (till
253 5248 309 5305 Cur
322 5251 394 5307 Deua
413 5266 477 5322 erpo
486 5251 568 5333 iudet
580 5269 715 5325 peccarem
733 5255 786 5312 sibi
798 5261 937 5328 sunguine
990 5277 1052 5336 que,
1069 5271 1121 5318 etc.
1136 5261 1277 5332 Accipiter
1292 5261 1432 5334 cernebat,
1444 5276 1510 5333 pro:
1527 5263 1724 5334 decernebam,-
1742 5270 1784 5320 nt·

129 5319 226 5391 fundi,
238 5328 290 5376 etc.
306 5320 421 5377 Pulchre
434 5325 549 5391 explicat
564 5322 703 5392 sacrificia,
717 5326 805 5382 vituli
818 5328 933 5404 vitulae,
989 5341 1051 5406 pote
1060 5331 1134 5404 quod
1145 5332 1322 5406 distingueret
1335 5333 1405 5388 inter
1420 5334 1526 5390 Sancta
1538 5338 1784 5407 scortorumque

129 5400 157 5446 et
169 5391 243 5448 birci
262 5394 411 5468 utriusque
430 5412 440 5450 :
456 5391 578 5451 alludens
602 5393 746 5450 iterumad
763 5398 822 5452 r.9
847 5398 933 5472 Epist.
989 5405 1064 5460 solus
1096 5403 1297 5475 ingrediebatur
1327 5418 1449 5460 summus
1481 5405 1611 5477 pontifex,
1636 5415 1665 5464 et
1696 5414 1783 5463 sancta

127 5460 160 5517 ed
177 5461 258 5518 Hebr.
988 5474 1045 5535 sive
1059 5474 1272 5544 tabernaculum,
1288 5474 1315 5529 in
1330 5475 1403 5547 quod
1423 5475 1674 5535 intromittebantur
1693 5474 1780 5536 cauri

151 5531 219 5612 ‚(⁶²)
233 5535 322 5607 Atque
336 5533 491 5594 secerdotes
501 5535 588 5592 voluit
611 5536 656 5594 sai
667 5539 790 5610 corporis
800 5554 867 5611 erse,
880 5551 921 5601 etc
987 5547 1153 5604 sacerdotes.

126 5601 173 5660 llus
185 5605 275 5664 serbis
288 5604 443 5664 confirmari
455 5606 603 5666 vamtatem
628 5609 751 5680 emporis
769 5615 798 5669 et
812 5618 932 5687 sangui-
