3840 6134
160 299 212 367 115

496 295 717 363 TEETthlhlll
734 293 869 360 obtutu
887 290 1020 357 989811.
1040 323 1077 340 -
1095 290 1209 357 mutus
1226 291 1249 365 Ι,
1268 291 1441 358 Postulat.

1754 288 1804 357 llb

157 429 284 504 tur(98),
299 429 456 489 subustis?
472 430 616 507 unguentis
639 429 787 489 delibuitur
804 430 829 468 ‘¹⁹
842 427 900 487 95
915 442 949 482 en
965 443 989 525 g
1005 437 1056 524 pec
1078 422 1183 478 asinum
1206 421 1298 480 babuit
1322 423 1456 494 privatum
1475 422 1553 481 :Iste
1577 438 1610 481 ta
1628 422 1759 483 curribus
1774 428 1802 483 ei

156 520 284 594 lacrymis
308 523 458 595 conjugum
482 529 509 579 et
526 522 664 580 matrum?
679 523 805 580 Fortasse
819 537 950 594 quorum·

155 608 221 666 dam
235 619 262 666 et
271 610 505 669 Christianorum:
519 621 546 668 et
560 612 631 682 apud
645 613 778 670 Barbaros
796 611 869 669 enim
878 609 953 668 Chri·

156 704 214 754 stus
227 698 295 771 (99).
311 699 363 771 Qui
378 700 448 756 hanc
461 701 611 773 portaverit
629 702 655 757 in
673 702 760 775 capite
779 704 949 771 causanti),

155 802 246 845 nonne
262 797 289 845 et
307 787 365 858 ipse
387 789 579 863 oppugnavit?
602 792 650 847 Est
672 800 699 848 et
718 793 772 848 alia
795 790 890 847 militia
909 806 952 845 re·

154 877 259 952 giurum
288 877 459 937 familiarum.
482 883 550 936 Nam
577 890 604 937 et
631 889 783 938 castrenses
810 880 951 953 appellan-

155 976 200 1023 tur
214 967 356 1025 munificiae
371 979 399 1025 et
411 969 479 1040 ipsae
493 969 653 1027 solemnium
668 969 885 1028 Caesareanorum
902 971 949 1040 (9).

154 1053 250 1113 Sedet
264 1066 291 1112 tu
312 1057 425 1129 proinde
450 1058 529 1119 miles
551 1077 582 1117 ac
606 1077 701 1119 seruus
722 1061 834 1118 alterius
856 1076 886 1116 es
902 1080 908 1118 :
926 1070 953 1117 et

124 1174 128 1181 ’
155 1145 179 1203 si
193 1144 318 1216 duorum,
336 1147 385 1204 Dei
399 1156 426 1203 et
440 1148 565 1216 Caesaris,
587 1160 659 1207 certe
679 1160 743 1207 tunc
756 1164 811 1206 nou
823 1151 949 1216 Caesaris,

154 1248 216 1362 {um
232 1245 257 1293 te
271 1237 329 1294 Deo
344 1237 440 1304 debes,
456 1239 537 1296 etiam
548 1238 576 1295 iu
586 1241 784 1309 communibus,
795 1239 952 1311 credo,po·

166 1320 227 1363 tort.

457 1450 572 1508 CAPUT
586 1451 659 1507 Xlll.

189 1576 328 1634 Coronant
359 1585 386 1634 et
416 1576 539 1647 publicos
571 1576 682 1634 ordines
708 1577 808 1635 laureis
836 1577 950 1650 publicae

153 1680 255 1731 cansa,
271 1664 443 1739 magistratus
457 1682 522 1724 uero
540 1665 650 1738 insuper
664 1666 754 1722 aureis
768 1667 801 1723 ⁵0.
818 1666 950 1738 Superfe-

1005 512 1055 569 rsti
1082 514 1113 570 ia
1135 514 1222 585 equis,
1245 528 1296 568 nos
1320 517 1417 570 autera
1440 513 1472 569 iu
1494 513 1609 572 nomine
1624 514 1737 571 Domini
1753 514 1801 573 ber

1006 601 1097 659 nostri
1111 603 1304 659 invocabimus
1328 603 1413 671 (Psoi.
1437 600 1510 675 utu).
1535 599 1594 660 96
1615 603 1659 661 tu
1682 603 1742 677 ipso
1761 602 1803 659 in·

1006 691 1093 746 colata
1132 688 1277 761 Rabylonis
1314 688 1386 745 illius
1422 689 1450 745 in
1485 691 1651 764 Apocalypsi
1691 691 1803 749 ioannis

1006 779 1195 837 submovemur
1221 780 1312 852 (Apoe.
1337 780 1432 849 xvru),
1452 780 1552 837 nedum
1577 796 1593 836 a
1616 794 1748 856 suggestu
1767 782 1803 836 ⁵².

1006 865 1157 924 Coronatur
1171 875 1197 924 et
1210 867 1309 941 uulgus
1332 883 1404 924 nuuc
1427 884 1462 925 ex
1484 870 1673 942 principalium
1687 886 1802 945 prospe·

1006 955 1113 1013 ritatum
1128 957 1315 1023 exsultatione,
1333 973 1404 1015 nunc
1426 973 1459 1014 ex
1483 960 1683 1030 municipalium
1705 959 1804 1018 sotem·

1005 1045 1120 1102 nitatum
1143 1046 1309 1118 proprietate
1331 1063 1337 1104 ε
1358 1053 1386 1104 et
1409 1055 1450 1103 est
1464 1047 1552 1104 omnis
1570 1049 1684 1119 publicae
1699 1048 1800 1106 laetitiae

1005 1134 1112 1191 luxuria
1125 1135 1266 1207 captatrix.
1291 1135 1345 1192 Sed
1361 1143 1389 1192 tu
1409 1136 1572 1209 peregrinus
1593 1138 1686 1195 muudi
1709 1140 1800 1211 hujus,

1005 1221 1074 1282 ciuis
1094 1239 1220 1295 supernae
1243 1224 1394 1281 Jerusalem
1409 1245 1416 1281 :
1433 1227 1542 1292 Noster,
1562 1226 1649 1299 iuquit
1663 1228 1799 1302 (Philipp.

1004 1327 1045 1384 uu,
1061 1313 1119 1382 90),
1134 1315 1327 1388 nuanicipatus
1342 1315 1376 1370 ia
1390 1316 1477 1372 caelis.
1498 1316 1589 1373 Habes
1611 1325 1672 1371 tuos
1690 1332 1800 1383 sensus,

1005 1411 1066 1459 tuos
1079 1403 1164 1459 fastos
1180 1402 1234 1475 (7);
1259 1403 1325 1460 nihil
1349 1404 1398 1460 tibi
1416 1420 1478 1460 cum
1492 1405 1598 1477 gaudiia
1617 1404 1728 1473 saeculi3
1744 1406 1799 1462 imo

1005 1492 1167 1548 contrarium
1190 1491 1295 1548 debes:
1325 1492 1468 1550 Saeculum
1488 1493 1561 1550 euim
1583 1495 1725 1567 gaudebit,
1754 1511 1800 1553 uos

1004 1596 1068 1639 aero
1083 1582 1211 1653 lugebitis
1223 1584 1315 1654 (ioan.
1336 1598 1394 1652 xur,
1409 1586 1464 1652 99).
1484 1580 1518 1638 Et
1533 1590 1607 1654 puto,
1627 1585 1737 1655 felices,
1752 1583 1798 1649 ait,

1006 1667 1132 1742 lugentes
1145 1671 1255 1742 (hatti.
1270 1688 1300 1737 v,
1316 1672 1354 1742 5),
1373 1686 1427 1728 non
1448 1679 1602 1730 coronatos.
1623 1671 1760 1729 Coronant
1773 1680 1799 1728 et

153 1762 249 1810 runtur
268 1755 348 1811 otiam
362 1754 417 1810 illis
431 1756 579 1812 hetruscae.
596 1754 636 1830 (3)
649 1758 709 1814 Ηοο
729 1756 890 1813 uocabulum
909 1764 951 1812 est
967 1735 989 1814 Β
1005 1757 1106 1828 nuptiae
1129 1774 1243 1829 sponsos
1269 1760 1318 1830 (8),
1340 1759 1402 1816 ideo
1430 1775 1483 1816 non
1512 1761 1645 1818 nubamus
1673 1760 1798 1829 ethnicis,

152 1856 322 1913 coronarum,
343 1860 410 1914 quas
424 1843 540 1917 gemmis
555 1852 581 1900 et
594 1843 666 1901 ioliis
687 1860 721 1900 ex
734 1860 801 1900 auro
815 1845 951 1918 quercinis

152 1931 294 1990 allevem
317 1932 432 2004 insignis
450 1933 483 1989 ad
498 1933 670 1991 deducendas
689 1935 798 1990 thensas
818 1934 869 2005 (l),
888 1949 950 1990 cum

151 2021 279 2095 palmatis
294 2021 366 2095 togis
391 2030 510 2078 sumunt.
527 2022 595 2079 Sunt
608 2029 636 2079 et
657 2023 835 2096 provinciales
849 2040 947 2093 aurem,

152 2110 300 2185 imaginum
322 2098 388 2182 iam,
414 2127 470 2168 aon
492 2111 625 2183 virorum,
648 2113 735 2184 capita
758 2114 860 2183 majora
875 2129 950 2186 quae-

152 2210 252 2257 rentes.
268 2200 323 2256 Sed
338 2201 377 2256 tui
396 2201 507 2258 ordines
519 2208 546 2257 et
560 2201 598 2258 tui
613 2202 796 2277 magistratus,
817 2210 843 2259 et
861 2203 948 2273 ipsum

151 2288 236 2346 curiae
258 2304 358 2345 nomen
381 2289 503 2347 Ecclesia
526 2299 567 2347 est
593 2289 701 2346 Christi.
729 2289 804 2346 Illius
827 2306 858 2346 es
884 2307 949 2348 con·

151 2377 269 2450 scriptus
283 2379 311 2433 in
330 2378 406 2434 libris
421 2380 482 2435 vite
498 2378 536 2452 (5)
551 2379 687 2452 (Philipp.
703 2395 750 2449 rv3
770 2382 854 2455 Apoc.
873 2381 945 2448 mur).

151 2464 211 2524 illic
229 2484 357 2540 purpurae
379 2475 430 2525 tuae
453 2469 564 2543 sanguis
587 2467 694 2523 Domini
718 2477 746 2524 et
766 2469 856 2526 clavus
879 2470 948 2526 latus

150 2555 178 2612 in
191 2571 270 2612 cruce
284 2557 370 2629 ipsius
384 2558 502 2628 (Matth.
516 2558 629 2627 xxvrt);
647 2556 702 2613 illic
714 2557 818 2615 securis
833 2556 866 2611 ad
881 2574 945 2614 cau·

150 2643 237 2702 dicem
256 2647 279 2684 ⁵¹
300 2647 403 2702 arboris
426 2646 516 2718 posita
540 2647 650 2717 (hlotth.
676 2661 717 2718 ιιι,
740 2646 796 2719 to),
810 2646 865 2702 illic
879 2649 944 2718 (lsa.

150 2746 192 2787 ιιι.
210 2733 236 2802 i)
253 2733 337 2806 virgae
354 2735 474 2790 eulesse
496 2735 545 2806 (6).
572 2733 695 2791 Viderint
717 2743 743 2790 et
766 2734 867 2806 publici
882 2735 946 2806 equi

150 2836 212 2878 cum
235 2825 343 2879 coronis
370 2823 440 2879 suis.
465 2825 597 2882 Dominus
624 2832 702 2891 tuus,
728 2824 774 2880 ubi
797 2825 946 2881 secuudum

151 2909 317 2986 Scripturam
340 2912 450 2983 (tuceta.
474 2917 536 2985 xxi)
556 2914 705 2971 Jerusalem
729 2915 833 2988 ingredi
850 2914 945 2984 voluit,

1005 1861 1039 1902 ne
1052 1861 1103 1903 nos
1118 1847 1150 1902 ad
1171 1848 1208 1903 id·
1220 1849 1351 1906 lolatriam
1367 1865 1452 1923 usquc
1468 1851 1612 1914 deducant,
1627 1867 1643 1907 a
1656 1867 1712 1923 qua
1725 1850 1798 1923 apud

1004 1934 1063 1991 illos
1087 1935 1188 2009 nuptiae
1211 1936 1359 2009 incipiunt:
1386 1939 1470 1994 habes
1493 1940 1580 2014 legem
1603 1956 1618 1993 a
1640 1940 1800 2012 patriarchis

1003 2022 1110 2096 quidem
1134 2026 1215 2096 (Cea.
1241 2042 1323 2092 xxiv,
1340 2028 1375 2095 33
1394 2028 1487 2084 Galat.
1510 2032 1562 2100 ιιι),
1580 2028 1662 2086 hahes
1683 2029 1800 2101 Aposto-

1003 2110 1059 2167 lum
1074 2114 1107 2168 in
1121 2116 1238 2171 Domino
1257 2117 1364 2172 nubere
1380 2116 1521 2185 iubentem
1542 2117 1563 2188 (Ι
1584 2119 1644 2175 Cor.
1661 2119 1720 2188 vul.
1746 2119 1798 2175 Co·

1003 2209 1079 2258 ronat
1094 2209 1119 2258 et
1134 2201 1244 2259 libertas
1267 2204 1411 2262 saecularis.
1437 2205 1488 2260 Sed
1510 2214 1539 2260 tu
1559 2207 1617 2276 jam
1641 2207 1799 2277 redemptus

1002 2304 1031 2345 es
1049 2306 1065 2346 a
1083 2290 1199 2358 Christo,
1226 2293 1384 2364 etquidem
1408 2309 1517 2367 magno.
1540 2293 1652 2352 Servum
1680 2295 1798 2351 alienum

1002 2381 1139 2451 quomodo
1155 2381 1281 2437 saecrrlum
1304 2383 1494 2438 manumittet?
1517 2383 1573 2438 Etsi
1593 2382 1703 2439 libertas
1724 2383 1798 2440 vide·

1001 2477 1045 2524 tur
1059 2468 1093 2541 ⁵³,
1108 2469 1156 2524 sed
1176 2478 1203 2525 et
1217 2471 1331 2527 servitus
1352 2471 1503 2528 videbatur.
1525 2472 1622 2529 Omnia
1637 2472 1797 2545 imaginaria

1001 2557 1027 2612 iu
1042 2559 1148 2625 saeculo,
1167 2569 1194 2615 et
1208 2559 1276 2619 nihil
1298 2561 1365 2617 ueri.
1384 2561 1453 2617 Nam
1469 2571 1496 2617 et
1512 2569 1575 2619 tunc
1590 2561 1660 2618 liber
1680 2562 1798 2619 hominis

1001 2664 1060 2704 eras
1093 2649 1248 2720 redemptus
1274 2666 1290 2705 a
1316 2651 1446 2707 Christo:
1475 2660 1503 2706 et
1529 2667 1603 2707 auno
1635 2667 1732 2708 seruus
1767 2668 1797 2707 es

1001 2736 1108 2802 Christi,
1123 2738 1187 2794 licet
1204 2738 1385 2795 manumissus
1403 2741 1436 2796 ab
1455 2739 1574 2795 homine.
1590 2740 1618 2796 Si
1637 2756 1728 2796 veram
1752 2757 1798 2811 pu·

1000 2835 1039 2884 tas
1057 2827 1147 2883 saeculi
1157 2826 1316 2893 libertatem,
1333 2837 1363 2885 ut
1376 2840 1403 2886 et
1422 2843 1520 2885 corona
1539 2830 1562 2867 ⁵³
1582 2829 1738 2902 consignes,
1754 2847 1798 2886 re·

1003 2915 1077 2974 diisti
1089 2917 1118 2972 in
1127 2916 1284 2974 seruitutem
1295 2918 1421 2990 hominis,
1435 2933 1515 2990 quam
1528 2931 1607 2989 putes
1620 2919 1775 2976 libertatem

848 3043 944 3108 Varia
958 3046 1114 3108 lectiones.

185 3150 211 3192 ⁴⁹
230 3151 301 3207 ilinc
323 3149 441 3206 adversis
463 3147 610 3215 lemniscis,
625 3149 765 3205 inauratur
786 3148 923 3216 lamnulis,
938 3149 1094 3221 unguentis,
1110 3152 1202 3207 Paros.
1217 3148 1289 3206 loliis
1307 3148 1428 3215 struitur,
1444 3149 1590 3206 adornatur
1604 3152 1750 3217 lemniscis,
1763 3155 1792 3210 C.

155 3226 257 3284 Woaru.
273 3221 417 3287 Triumphi
433 3223 524 3276 laurea
539 3219 609 3276 soliis
624 3221 764 3277 instruitur
777 3221 842 3277 triac
854 3221 975 3278 adversis
990 3220 1136 3284 lemniscis,
1151 3221 1214 3276 hinc
1227 3229 1337 3277 auratur
1351 3221 1491 3292 lamuulis3
1509 3222 1654 3296 unguentis
1677 3224 1795 3279 delibui-

150 3304 204 3353 tur.
220 3297 288 3353 Jaa.
304 3310 341 3350 ex
357 3293 404 3348 lds.
422 3293 446 3331 ⁵⁰
461 3293 494 3348 Ut
507 3291 632 3357 Athenis,
650 3300 680 3348 ut
693 3293 786 3348 Romae
804 3294 908 3350 irruerit
923 3292 1049 3359 Semelen,
1061 3297 1090 3349 et
1103 3294 1187 3363 sorte,
1202 3294 1308 3364 inquit.
1325 3294 1358 3349 ab
1375 3295 1454 3349 inter
1474 3297 1534 3350 rete
1548 3295 1665 3366 quodam
1681 3296 1794 3368 adjecta

149 3372 229 3426 aunt.
245 3366 269 3406 ⁵²
283 3365 324 3423 tu
339 3363 443 3421 radIces
457 3365 524 3420 lun.
536 3362 560 3401 ⁵²
574 3362 617 3418 hd
631 3374 791 3436 suggestum
805 3365 872 3420 ian.
888 3364 914 3402 ⁵³
924 3361 1052 3421 Videatur
1064 3363 1125 3422 eod.
1147 3365 1247 3422 Wotttu.
1262 3364 1287 3402 ⁵⁴
1298 3363 1429 3420 Coronam
1480 3367 1533 3423 tiu.
1549 3365 1637 3424 lihen.
1655 3369 1740 3424 Fron.

848 3488 1098 3554 Commentarius.

150 3615 253 3663 suano.
278 3599 372 3658 Proelia
395 3597 573 3671 relinquenda
594 3596 713 3661 Caesari,
730 3610 871 3678 'coronam
898 3612 947 3653 sae-
962 3612 984 3692 c
997 3611 1057 3653 esse
1069 3597 1221 3654 uehiculum
1236 3605 1403 3679 argenteum,
1426 3615 1481 3671 quo
1504 3599 1608 3655 exuviae
1623 3599 1736 3656 deorum
1752 3602 1794 3656 tu·

150 3676 211 3733 culo
225 3676 384 3732 etSatauae:
401 3669 536 3726 hominem
553 3669 640 3738 ipsum
655 3669 798 3739 imaginem
813 3668 873 3736 Der,
886 3670 947 3724 red·
1000 3668 1043 3724 dis
1068 3669 1231 3727 circensibus
1253 3686 1282 3725 un
1306 3671 1405 3726 circum
1428 3672 1460 3727 ad
1480 3671 1605 3743 puluinar
1618 3672 1793 3729 satiebantur.

150 3747 268 3804 dandum
281 3746 351 3808 Deo,
365 3741 415 3797 sed
437 3756 543 3811 purum,
561 3739 607 3796 sed
627 3738 754 3808 liberum,
776 3738 875 3797 nullius
888 3756 946 3798 ser·

150 3834 224 3883 rum,
241 3815 342 3872 nultius
356 3813 477 3881 mititem,
492 3818 590 3883 praeter
600 3811 659 3869 Dei.
671 3811 732 3866 liic.

187 3888 243 3961 (98)
259 3888 373 3944 lamma
396 3888 526 3942 ornator.
549 3883 634 3940 Vetus
657 3881 804 3951 exemplar,
819 3882 945 3940 Lemnis.

149 3959 308 4019 Lemniacis.
325 3959 389 4014 ch.

187 4033 243 4104 (99)
256 4032 291 4086 Et
310 4029 386 4102 apud
405 4025 541 4083 Barbaros
560 4027 638 4082 enim
653 4026 795 4084 Christus.
813 4024 887 4079 Idem
901 4040 947 4080 re-

150 4105 259 4175 spondit
272 4102 401 4172 Tryphon
425 4097 585 4153 Luciunieus
609 4097 786 4169 interroganti
803 4097 892 4153 Critiae
912 4113 945 4153 an

150 4177 308 4246 Scytharum
332 4188 375 4227 res
397 4185 469 4227 curae
487 4176 578 4224 essent
602 4168 677 4225 deo?
701 4170 827 4236 Omnino,
845 4168 944 4240 inquit,

151 4247 173 4303 εἰ
186 4247 257 4315 τύχοι
269 4266 298 4318 γε
311 4243 413 4316 Χριστὸς
431 4241 472 4294 καὶ
491 4238 516 4292 ἐν
535 4241 619 4296 husai.
635 4241 696 4298 lito.

155 4316 162 4329 “
186 4319 226 4390 (ί)
240 4319 292 4386 Qai
306 4316 378 4372 hanc
390 4313 547 4387 portaverit
567 4313 706 4383 incapite
721 4328 844 4369 carmani.
861 4310 946 4367 Coro·

151 4406 216 4447 nam
238 4387 437 4456 triumphalem,
461 4382 765 4457 causamcadavorum,
794 4385 944 4451 bustorum,

150 4463 337 4532 laerymarum.
355 4458 419 4513 lito.

184 4535 223 4605 (9)
236 4532 397 4601 munificiae,
408 4531 436 4584 ct
447 4530 513 4600 ipsoe
526 4527 696 4585 solemnium
708 4528 944 4584 cesarianoram.

149 4605 232 4677 llpud
255 4604 365 4659 Festum
388 4598 501 4669 tegimus
527 4599 665 4654 munifices
694 4607 806 4653 vocatos
833 4596 945 4663 milites,

150 4677 197 4750 qui
220 4691 273 4733 non
297 4673 441 4738 vacabant,
465 4670 513 4725 sed
536 4686 635 4725 munus
655 4670 768 4741 principi
792 4668 944 4724 iaciebant:

998 3741 1095 3797 Eunu.

1036 3812 1072 3882 (8)
1089 3813 1268 3885 Contemptus
1279 3813 1312 3868 in
1327 3813 1406 3870 libris
1424 3815 1500 3871 oitoe.
1515 3815 1555 3869 De
1568 3812 1627 3871 istis
1643 3830 1752 3887 quoque
1767 3814 1796 3870 li·

1000 3883 1058 3942 bris
1072 3883 1223 3940 inaudierat
1241 3883 1344 3954 aliquid
1368 3886 1495 3954 Tryphon
1518 3884 1638 3940 Luciani.
1663 3886 1708 3940 Ait
1722 3885 1795 3941 enim

999 3957 1033 4011 ad
1059 3955 1187 4010 Calliam:
1203 3953 1278 4009 “note
1309 3956 1382 4008 ἔασον
1411 3957 1506 4009 ἅπαντα
1533 3957 1567 4017 ὡς
1589 3958 1631 4008 sai
1649 3976 1675 4008 σε
1695 3955 1718 4008 ἐν
1742 3961 1796 4018 ταῖς

999 4024 1150 4154 {conpellere
1192 4027 1280 4098 plausu
1328 4033 1378 4081 τῶν
1424 4026 1520 4098 ἀγαθῶν
1575 4028 1792 4099 aino-piperata.

1025 4113 1064 4153 ιο.

1033 4167 1074 4240 (6)
1089 4169 1151 4227 litio
1163 4170 1250 4240 virpoe
1264 4184 1301 4225 eu
1319 4168 1414 4226 radice
1424 4171 1507 4229 iesse.
1523 4169 1619 4244 Virgas
1642 4169 1714 4240 dicit,
1731 4170 1795 4226 allu-

998 4240 1065 4296 dens
1087 4242 1120 4296 ad
1145 4241 1232 4297 fasces
1256 4241 1436 4298 Romanorum
1459 4240 1680 4314 magistratuum,
1705 4251 1735 4298 et
1756 4242 1795 4298 sic

999 4311 1097 4383 legitur
1108 4312 1136 4366 in
1149 4313 1208 4368 cod.
1224 4311 1372 4384 Agebardi.
1388 4314 1450 4370 liro.

1036 4385 1075 4453 (7)
1094 4385 1161 4440 Teos
1171 4387 1271 4456 fustor.
1283 4384 1354 4438 Fasti
1367 4393 1444 4440 erant
1458 4382 1519 4438 libri
1529 4383 1698 4440 continentes
1711 4383 1795 4441 totius

998 4454 1061 4509 anni
1086 4455 1215 4512 rationem
1237 4463 1264 4511 et
1290 4454 1484 4511 celebritates:
1512 4470 1573 4511 cum
1605 4463 1730 4525 respectu
1758 4457 1792 4511 ad

999 4526 1051 4582 hos
1064 4526 1182 4598 loquitur
1204 4526 1390 4583 Tertullianus.
1415 4527 1445 4581 ln
1466 4526 1587 4582 Ecclesia
1608 4543 1716 4598 quoque
1731 4534 1795 4581 suut

999 4597 1069 4662 testi,
1098 4613 1133 4654 ne
1162 4608 1189 4653 tu
1216 4596 1423 4666 municipiorum
1448 4597 1530 4653 fastos
1557 4607 1583 4653 et
1610 4598 1794 4655 solemnitates

999 4684 1072 4725 cura.
1106 4667 1246 4723 Notandus
1273 4683 1337 4724 sane
1363 4665 1438 4723 loeus
1461 4669 1493 4723 ad
1522 4683 1625 4725 morem
1654 4669 1793 4735 Ecclesiae,

149 4749 195 4817 aui
222 4745 354 4806 vacabant
385 4741 589 4815 appellabantur
627 4739 808 4797 beneficiarii.
837 4739 890 4796 Sed
918 4747 946 4796 et
998 4756 1060 4811 quae
1082 4739 1237 4796 conterebat
1259 4737 1385 4802 natalitia,
1408 4737 1497 4794 idest
1521 4739 1612 4797 obitus
1635 4749 1792 4811 martyrum,

151 4819 265 4891 Vegetio
290 4813 429 4872 munifices
443 4822 507 4868 sunt
520 4813 620 4869 milites
638 4814 686 4885 qui
701 4828 801 4868 munus
814 4809 944 4869 iaciunta
998 4810 1026 4866 in
1049 4811 1153 4878 fastos;
1176 4825 1247 4880 quos
1276 4810 1358 4865 iustos
1372 4809 1553 4866 ecclesiastico
1576 4811 1686 4867 nomino
1708 4826 1793 4868 uoca-

149 4906 204 4963 quo
215 4888 292 4945 liberi
308 4896 371 4943 suut
384 4887 518 4942 immunes
532 4886 578 4955 qui
597 4884 732 4940 dicuutur.
749 4885 862 4954 Expone
876 4897 941 4956 ergo
959 4901 982 4977 u
998 4897 1058 4963 mus
1070 4881 1281 4962 martyrolopia.
1306 4880 1393 4951 liujus
1414 4883 1452 4937 rei
1477 4891 1517 4939 est
1530 4882 1604 4939 locus
1618 4882 1728 4956 elegans
1741 4884 1795 4956 Cy·

148 4962 302 5030 munificae,
310 4959 338 5014 id
348 4965 390 5014 est
400 4957 435 5011 ad
444 4971 543 5012 munus
556 4955 717 5011 solemnium
729 4953 942 5010 caesarianorum
997 4968 1085 5023 prtem
1099 4959 1179 5024 epist.
1195 4955 1239 5008 88.
1255 4953 1319 5008 Luc.

38 5060 49 5073 .
149 5033 283 5090 adstricta
292 5040 318 5086 et
332 5029 467 5101 obligata.
483 5027 618 5084 Posterior
629 5034 694 5083 aetas
707 5026 877 5094 munificum
893 5039 941 5093 pro
1033 5025 1071 5093 (8)
1082 5025 1224 5081 Coronant
1236 5023 1512 5104 atquaptia’eponsos.
1525 5024 1584 5081 liuo
1594 5027 1710 5097 pertinet
1720 5025 1794 5095 quod

148 5105 285 5174 munifice
307 5099 456 5170 usurpavit.
476 5100 544 5153 Nam
568 5106 596 5154 et
619 5098 718 5154 Paulus
731 5097 821 5153 turso.
837 5095 865 5149 iu
880 5111 941 5165 cap.
998 5109 1095 5165 sponsa
1111 5094 1143 5148 ad
1163 5093 1250 5149 uirum
1271 5101 1321 5149 uter
1346 5111 1450 5164 parans,
1467 5112 1499 5151 ex
1521 5097 1637 5152 verbena
1663 5113 1723 5167 quae
1743 5097 1794 5152 Ve-

146 5179 265 5243 dianas,
281 5175 319 5228 De
332 5175 408 5231 verb.
428 5169 532 5246 signif..
553 5170 632 5225 etium
653 5167 769 5224 oitieium
791 5165 944 5246 siguificare
996 5165 1054 5222 neri
1082 5165 1168 5221 dicata
1195 5173 1246 5235 ost,
1280 5173 1306 5222 et
1320 5164 1432 5221 boribus
1457 5167 1601 5240 herbisque
1623 5184 1638 5221 a
1662 5184 1692 5223 se
1715 5168 1793 5223 lectis

146 5249 237 5311 docet,
261 5245 333 5302 unde
355 5259 468 5300 munera
491 5240 624 5309 militaria,
643 5249 671 5295 et
692 5239 823 5311 quosdam
843 5236 943 5293 ruihtes
996 5236 1124 5293 corollam
1157 5247 1247 5293 texere
1274 5235 1368 5303 soleat,
1402 5253 1514 5310 eamque
1542 5255 1637 5293 secum
1665 5238 1792 5294 deterre:

144 5320 286 5376 uitauiticos
304 5315 405 5372 uocari.
421 5315 515 5370 Ruunt.
996 5324 1057 5363 uam
1073 5316 1164 5379 empta
1180 5315 1289 5380 gestare
1312 5318 1385 5365 serta
1411 5309 1475 5366 vitio
1499 5310 1624 5366 dabatur.
1639 5310 1706 5366 Item
1721 5311 1792 5382 quod

181 5394 220 5460 (8)
248 5388 473 5463 §superferantur
506 5384 591 5439 ctiam
619 5382 678 5438 illis
716 5383 870 5436 Hetrusca.
898 5379 943 5435 Sic
996 5395 1112 5451 sponsus
1125 5380 1199 5435 domi
1214 5379 1285 5435 illam
1301 5381 1435 5453 operiens,
1452 5391 1546 5450 paratu
1562 5397 1661 5451 magno
1682 5383 1792 5451 janrraur

143 5462 224 5518 hatrat
241 5472 317 5519 vetus
331 5456 479 5524 exemplar,
493 5456 714 5526 superferuntur
738 5452 807 5520 illis,
828 5453 877 5508 hoc
891 5459 942 5524 ost,
996 5466 1135 5516 coronare,
1151 5453 1288 5522 multaque
1302 5453 1377 5509 lauro
1400 5467 1530 5508 exornare
1545 5453 1640 5519 soleat,
1656 5454 1791 5525 quemad-

142 5535 223 5590 etiam
237 5533 325 5588 aureis
341 5527 489 5586 nobiliores
506 5524 648 5581 habentur.
664 5524 727 5580 hro.
996 5524 1105 5580 modum
1119 5532 1211 5581 auctor
1221 5534 1262 5582 est
1272 5523 1420 5581 Alexander
1429 5523 1464 5578 ab
1479 5524 1555 5580 hieu.
1571 5525 1639 5580 Pau.

78 5620 81 5625 ’
178 5609 218 5676 (t)
230 5607 269 5663 ,nt
282 5602 456 5662 di‘drrreudas
471 5600 595 5657 thensas.
610 5598 743 5655 Thensaur
754 5594 850 5653 Festus
863 5595 942 5653 docet
