3840 6134
140 315 198 378 665

465 436 576 493 cavet
590 437 628 492 tt.

179 533 222 588 De
238 527 312 587 exitu
327 525 405 599 plane
418 524 556 598 passionis
579 525 637 594 ejus
651 522 798 598 ambigitis,
814 531 945 597 negantes

142 621 298 696 passionem
311 616 400 675 erucis
418 614 447 670 in
466 613 602 672 Christum
622 614 803 687 predicatum,
820 623 847 672 et
858 630 945 688 argu-

142 716 296 768 mentantes
323 707 436 776 iusuper
456 719 510 761 non
533 721 594 761 esse
616 703 792 776 credendum,
813 710 841 759 ut
861 703 894 760 ad
918 702 945 759 id

144 816 232 877 genus
252 798 348 854 mortis
375 794 530 866 exposuerit
554 795 629 850 Deus
650 792 736 849 filium
758 809 848 857 svium,
875 793 947 867 quod

145 891 206 960 ipse
219 886 287 943 dixit
302 903 309 943 ε
325 884 490 951 Maledictus
504 886 595 940 omnis
614 882 695 939 berno
706 884 755 955 qui
769 881 901 955 pependit
915 882 947 936 in

145 977 221 1049 tigna
242 976 338 1048 (Dent.
354 989 415 1041 xxi,
432 972 489 1043 23).
506 972 557 1028 Sed
573 972 655 1042 hujus
669 971 867 1028 maledictionis
881 985 946 1027 sen-

145 1079 205 1120 sum
218 1062 355 1141 anmeedit
369 1076 459 1117 rerum
483 1061 621 1131 probatio.
645 1058 716 1114 Dicit
738 1059 810 1114 enim
833 1058 861 1113 in
876 1059 948 1114 Deu-

146 1153 297 1209 teronomio
310 1168 316 1207 :
327 1151 358 1208 Si
370 1155 467 1206 nutent
481 1150 574 1220 suerit
586 1147 725 1220 inuliquo
743 1147 889 1212 delictum,
905 1148 948 1202 ita

145 1245 180 1298 ul
187 1241 333 1314 iudicium
347 1241 447 1297 martis
461 1238 510 1308 sit,
526 1243 554 1294 at
567 1239 715 1302 morietur,
726 1239 754 1293 et
774 1235 948 1309 suspendetis

147 1326 425 1401 mucilaginosa
439 1330 467 1385 et
486 1327 636 1399 sepultura
654 1325 795 1399 sepelietis
810 1340 874 1382 euni
887 1325 950 1395 ipsu

147 1419 193 1476 die
208 1435 215 1473 ι
229 1421 364 1493 quonium
380 1415 550 1473 maledictus
566 1432 583 1471 u
597 1418 652 1472 Dea
667 1413 811 1471 estomnis
827 1415 875 1486 qui
888 1428 951 1468 sus-

148 1525 253 1582 pensus
266 1507 356 1580 suerit
369 1506 402 1561 in
417 1506 504 1576 liqna,
520 1507 549 1560 et
565 1520 623 1559 non
636 1503 824 1577 inquinabitis
841 1506 950 1559 terrain

777 302 886 368 tissa
903 257 981 367 inv.
1009 305 1151 368 tunsos.

961 448 984 530 Α
1001 441 1073 494 runt
1086 453 1132 495 me
1146 439 1224 494 aceto
1237 435 1325 506 (Psal.
1340 451 1439 502 txvltt,
1451 437 1513 508 73);
1532 444 1568 507 et,
1585 440 1673 513 Super
1686 446 1792 499 uestem

999 544 1092 585 meam
1103 525 1599 598 miseruntsortem(Psal.xxi,19);
1615 529 1685 585 sicut
1696 541 1794 588 catera

999 632 1061 688 quae
1084 614 1112 670 in
1131 614 1205 670 iilum
1233 613 1404 671 commissuri
1424 613 1529 682 essetis,
1560 615 1689 687 praedicta
1722 627 1793 674 sunt.

999 704 1066 776 Quae
1079 704 1188 776 quidem
1203 703 1292 760 omnia
1308 703 1368 775 ipso
1386 704 1411 742 ⁴³
1427 719 1582 773 perpessus,
1598 721 1653 761 non
1667 722 1718 778 pro
1732 713 1794 763 actu

1000 808 1051 848 suo
1064 793 1152 865 aliqu'o
1166 793 1237 848 malo
1250 808 1344 864 passus
1358 798 1408 860 est,
1420 792 1467 848 sed
1482 798 1512 847 nt
1526 794 1685 866 scripturae
1695 795 1796 869 imple·

1001 888 1102 940 rentur
1115 883 1148 938 de
1158 899 1205 940 ora
1217 882 1424 956 prophetarunt
1433 881 1544 953 (uniit.
1555 899 1616 951 rivi,
1633 884 1688 954 bb).
1703 883 1736 938 Et
1747 883 1797 938 iiti-

1001 987 1054 1044 qne
1069 979 1265 1029 sacramentum
1289 971 1423 1042 passionis
1446 971 1534 1043 ipsius
1553 969 1666 1044 figurari
1681 971 1707 1025 in
1722 988 1796 1044 prae-

1002 1059 1182 1117 dicationibus
1220 1067 1401 1133 oportuerat3
1440 1067 1597 1133 quantoque
1624 1058 1796 1125 incredibile,

1001 1155 1075 1205 tento
1098 1147 1185 1222 magis
1207 1148 1360 1204 scandalum
1385 1147 1517 1216 tutorum,
1534 1149 1557 1205 si
1581 1149 1653 1205 nude
1667 1148 1799 1220 predica·

1002 1247 1076 1295 retur
1088 1239 1113 1277 ⁴⁴
1128 1255 1136 1307 ;
1152 1247 1307 1310 quantoque
1326 1236 1508 1312 magnificum,
1526 1237 1687 1311 tantomagis
1699 1239 1799 1297 obum-

1002 1325 1143 1393 brandum,
1161 1335 1190 1382 ut
1208 1327 1351 1384 difficultas
1364 1328 1515 1385 intellectus
1529 1326 1641 1398 gratiam
1657 1325 1705 1381 Dei
1721 1340 1798 1396 quae-

1004 1424 1085 1471 reret.
1106 1417 1200 1488 ltaque
1227 1416 1254 1470 in
1283 1416 1377 1487 primis
1396 1418 1470 1474 Isaac
1488 1432 1578 1474 cuma
1602 1422 1679 1488 patre
1712 1413 1799 1469 hostia

1004 1507 1156 1571 duceretur,
1168 1514 1192 1561 et
1207 1505 1310 1578 lignum
1320 1506 1372 1578 ipsi
1386 1507 1437 1562 sibi
1454 1505 1661 1579 portaret(Gen.
1672 1520 1747 1571 xxii,
1759 1504 1797 1574 6),

1737 310 1792 374 666
1896 364 1898 369 s

150 1615 233 1674 quam
249 1598 383 1654 Dominus
397 1596 472 1651 Deus
483 1598 550 1651 tuus
560 1592 639 1649 dabit
652 1594 705 1650 tibi
714 1594 746 1648 in
760 1589 946 1662 sortem(i'bid.
1003 1594 1101 1651 Christi
1129 1593 1229 1650 exitum
1254 1596 1310 1664 jam
1337 1604 1402 1650 tune
1424 1595 1581 1660 denotabat,
1608 1593 1636 1649 in
1664 1593 1800 1649 victimam

151 1691 198 1751 22,
226 1684 283 1756 23),
302 1683 389 1757 igitur
415 1694 469 1736 non
501 1681 529 1736 in
555 1682 625 1738 hane
648 1682 800 1751 passionem
816 1679 949 1736 Christum
1004 1682 1125 1740 concessi
1149 1684 1269 1749 aPatre,
1285 1683 1390 1757 lignum
1405 1682 1539 1754 passionis
1565 1699 1620 1737 suae
1646 1680 1800 1749 bajulantis.

154 1772 309 1840 maleiliiiit3
328 1771 372 1826 sed
394 1769 595 1826 distinctionem
619 1768 692 1838 iecit,
714 1776 742 1824 ιιι
757 1769 803 1840 qni
817 1768 845 1823 in
860 1767 952 1840 aliquo
1005 1773 1105 1845 loseph
1121 1771 1219 1841 etipse
1241 1770 1378 1827 Christum
1405 1771 1539 1843 figuravit.
1556 1770 1597 1825 vel
1612 1772 1665 1825 hoc
1682 1770 1750 1835 solo,
1768 1785 1802 1825 ne

157 1861 256 1917 delicto
277 1859 405 1931 judiciuin
421 1858 515 1914 mortis
528 1857 669 1913 habuisset
683 1868 710 1914 et
723 1865 874 1913 moreretur
888 1873 950 1912 sus·
1005 1876 1113 1916 cursum
1128 1860 1256 1915 demorer
1270 1860 1338 1932 ipse,
1354 1861 1426 1931 qnod
1441 1858 1654 1932 persecutionem
1669 1875 1685 1913 a
1708 1855 1801 1912 listri-

154 1966 261 2022 pensos
279 1948 306 2003 in
319 1948 401 2019 ligno,
415 1947 456 2003 bie
470 1946 629 2003 maledictus
644 1962 659 2001 a
677 1947 734 2004 Deo
753 1953 835 2014 esset,
851 1946 913 2017 qnia
928 1947 953 1985 ⁴²
1008 1949 1059 2003 bns
1074 1963 1170 2018 passus
1193 1956 1244 2014 est,
1262 1958 1288 2004 et
1309 1949 1487 2004 venumdatus
1502 1947 1528 2002 ιιι
1553 1949 1700 2020 AEgyptum
1721 1946 1800 2016 (Gen.

150 2047 269 2111 propter
291 2036 383 2091 merita
411 2035 571 2093 delictorum
607 2051 718 2092 suorum
744 2034 954 2106 suspenderetur
1006 2052 1119 2100 xxxvii,
1134 2037 1191 2106 78),
1214 2038 1249 2093 ob
1263 2037 1311 2093 Dei
1336 2037 1459 2111 gratiam,
1486 2036 1555 2093 sient
1583 2039 1611 2091 et
1631 2034 1754 2091 Christus
1768 2033 1803 2090 ob

143 2127 278 2198 inligno.
294 2123 421 2196 Alioquin
449 2123 580 2194 Christus,
596 2124 641 2195 qui
662 2125 751 2180 dolum
774 2123 808 2179 de
836 2138 884 2179 ore
904 2138 953 2178 auo
1007 2126 1100 2190 lsrael,
1122 2139 1138 2178 a
1162 2125 1290 2181 iratribus
1308 2126 1497 2192 venumdatus,
1517 2140 1532 2179 a
1549 2124 1618 2180 luda
1633 2141 1694 2181 eum
1716 2121 1803 2178 tradi·

144 2222 262 2278 locutus
276 2228 330 2270 non
344 2221 385 2269 est
398 2213 464 2283 (lau.
489 2229 548 2281 urii,
566 2213 604 2282 9),
621 2212 722 2285 quique
746 2228 856 2269 omnem
872 2211 954 2282 justi·
1007 2221 1060 2269 tur.
1076 2213 1143 2269 Nam
1159 2225 1185 2271 et
1207 2213 1377 2270 benedicitur
1392 2214 1419 2269 in
1434 2215 1494 2270 haee
1510 2214 1591 2269 verba
1603 2213 1703 2285 loseph
1720 2210 1801 2281 (75);

138 2305 219 2360 ‘iarn
233 2311 262 2360 et
284 2303 465 2359 bumilitatem
487 2303 607 2359 exhibuit
634 2303 703 2374 (73),
728 2312 762 2369 et,
780 2310 810 2357 ιιι
824 2295 906 2374 supra
920 2301 954 2357 de
1012 2305 1098 2360 Tauri
1109 2303 1273 2376 decanias,
1295 2319 1403 2360 cornua
1411 2303 1559 2360 unicornis
1569 2318 1676 2360 cornua
1686 2303 1758 2373 ejus,
1773 2300 1805 2353 in

133 2410 184 2450 eo
199 2391 361 2464 pradictum
375 2393 597 2462 memoravimus,
622 2406 676 2448 non
701 2405 751 2463 pro
774 2391 879 2446 meritis
899 2389 955 2446 suis
1008 2395 1048 2450 eis
1072 2396 1203 2450 nationes
1217 2393 1367 2451 ventilabit
1379 2395 1491 2466 pariter
1509 2392 1546 2449 ud
1560 2408 1705 2449 summunt
1718 2403 1807 2462 usque

124 2482 221 2538 inid
236 2496 325 2555 genus
346 2481 444 2538 mortis
467 2481 606 2552 expositus
626 2487 678 2550 est,
706 2480 753 2534 sed
778 2488 808 2535 ut
831 2496 863 2535 ea
894 2494 955 2551 quae
1010 2488 1094 2540 terrae
1107 2484 1199 2555 (Daui.
1212 2498 1312 2549 xxxiii,
1329 2483 1384 2554 tt).
1400 2484 1462 2538 Non
1478 2483 1568 2555 utique
1576 2482 1733 2551 rhinoceros
1746 2478 1806 2534 des-

121 2570 284 2644 praedieta
311 2577 374 2625 sunt
400 2586 416 2625 a
446 2571 595 2641 prophetis,
622 2584 739 2639 parvos
767 2568 793 2625 ei
807 2569 956 2625 obventura
1009 2570 1142 2627 tinabatur
1151 2571 1296 2637 unicornis,
1308 2572 1350 2627 vel
1365 2571 1535 2627 minotaurus
1545 2570 1662 2627 bicornis
1676 2570 1745 2642 (76),
1759 2566 1806 2646 apd

160 2661 345 2731 mplerentur,
371 2658 441 2715 sieut
465 2659 491 2712 in
519 2658 630 2713 Psalmis
645 2653 704 2729 ipse
727 2657 843 2730 Spiritus
857 2656 957 2713 Christi
1010 2660 1116 2715 Chritus
1132 2660 1158 2715 in
1174 2659 1221 2716 ilio
1243 2659 1468 2733 significabatur:
1494 2667 1586 2715 nnius
1607 2660 1643 2715 ob
1667 2669 1808 2730 utramque

109 2750 145 2821 i
160 2765 208 2805 ain
223 2750 347 2813 canebat,
364 2748 459 2803 diceus
474 2764 481 2803 :
499 2747 702 2805 Retribuebant
721 2746 795 2804 mihi
807 2747 886 2802 mula
906 2761 956 2818 pro
1010 2749 1224 2819 dispositionem,
1251 2749 1313 2805 aliis
1333 2750 1406 2806 ierus
1430 2756 1459 2804 ιιι
1478 2747 1573 2818 judex,
1597 2747 1658 2803 aliis
1683 2761 1808 2802 mansue-

109 2837 237 2898 hanis
252 2837 341 2905 (esai.
357 2852 439 2901 xxiv,
458 2837 512 2907 lt),
529 2832 619 2893 626
632 2842 680 2892 et:
699 2836 767 2904 Quoe
781 2850 837 2892 non
851 2851 957 2908 rapue-
1012 2846 1056 2892 tus
1072 2847 1101 2893 nt
1125 2839 1240 2896 salvater
1265 2839 1367 2909 :onius
1390 2852 1490 2894 corona
1512 2845 1603 2893 essent
1632 2835 1720 2893 crucis
1743 2834 1810 2890 eiti-

109 2943 234 2996 ram,
246 2931 317 2983 tunc
328 2926 501 2983 exsolvebam
512 2922 600 2993 (Paul.
612 2924 765 2994 uxviir‚b);
778 2926 959 2982 satermtaa-
1013 2942 1055 2980 mii
1069 2925 1126 2999 (77)
1143 2941 1149 2981 :
1166 2934 1267 2982 namet
1282 2927 1437 2983 inantenna
1455 2927 1541 2992 navis,
1563 2942 1625 3000 que
1641 2923 1728 2983 crucis
1747 2939 1811 2995 pars

109 3011 956 3086 verantmessmam(attatputes(l>sat.xx1,ia);ei:
1012 3012 1097 3071 627
1122 3023 1172 3084 est,
1194 3029 1292 3070 eomua
1315 3014 1496 3072 extremitates
1523 3017 1548 3055 ⁴⁵
1574 3023 1707 3072 vocantur
1734 3012 1810 3083 (ib);

111 3104 300 3162 luerunt
308 3105 448 3174 inpetum
463 3119 560 3159 mcum
569 3103 620 3174 fet,
629 3105 659 3159 et
672 3103 704 3157 in
713 3102 765 3158 siti
780 3104 963 3236 madeatque·
978 3079 999 3159 fl
1015 3102 1156 3191 unicornis
1168 3111 1261 3158 autem
1276 3104 1364 3159 media
1379 3102 1476 3174 stipitis
1498 3103 1577 3176 palus
1590 3103 1658 3175 (79).
1685 3102 1742 3160 liae
1764 3102 1812 3157 de·

194 3255 220 3293 ⁴²
235 3252 291 3324 Qui
302 3251 389 3311 Rben.
408 3251 520 3310 Obertli.
533 3253 558 3293 ⁴³
568 3253 688 3309 lstanli'i.
699 3252 725 3290 ⁴⁴
740 3179 1135 3388 PraeuieeiEilfftiiftbissiii.
1145 3254 1171 3292 ⁴⁵
1180 3252 1268 3324 Hujus
1279 3254 1358 3312 uddi'l
1367 3253 1455 3313 Semi.

778 3357 780 3359 ·
893 3342 1013 3392 ommert
1027 3347 1117 3390 arius

119 3417 250 3484 perse
269 3412 350 3460 seetae
368 3403 492 3460 homines
505 3404 612 3476 scriptis
625 3402 733 3476 quidem
753 3403 891 3472 operibus,
912 3404 962 3460 sed
1049 3405 1107 3478 (76)
1121 3405 1289 3465 Rhinoceros
1310 3408 1467 3465 unicornis.
1483 3406 1521 3461 De
1535 3406 1587 3460 lieo
1603 3404 1637 3461 ita
1652 3402 1722 3459 Plio.
1745 3403 1810 3459 Nat.
1907 3419 1917 3442 ι

118 3488 157 3528 ι
168 3495 190 3533 n
201 3477 310 3533 ratione
324 3475 424 3545 objecti
439 3482 465 3531 et
478 3475 611 3546 materiae,
629 3477 663 3530 de
676 3490 729 3548 qua
750 3474 857 3532 disserit
870 3475 961 3531 nesti·
1016 3477 1081 3534 bist.
1106 3478 1154 3532 lib.
1170 3493 1268 3548 virae.
1286 3480 1318 3532 20
1339 3495 1346 3531 :
1365 3499 1377 3529 ι
1395 3477 1493 3533 lisdem
1516 3476 1597 3544 ludis,
1619 3490 1716 3546 nempe
1730 3474 1812 3530 Pom-

126 3562 246 3620 quam
260 3547 386 3616 diversis,
400 3546 651 3602 adhibuerit-Eoo.
672 3560 704 3601 ex
720 3548 844 3602 Lusias.
1015 3549 1068 3673 peii
1084 3548 1183 3620 hiagni,
1199 3559 1227 3604 et
1241 3549 1399 3605 rhinoceros
1413 3548 1492 3604 unius
1507 3546 1535 3602 ιιι
1559 3562 1622 3602 nare
1634 3561 1728 3612 cornu,
1746 3558 1815 3617 qua·

198 3620 260 3690 (73)
276 3617 381 3690 Quique
395 3635 505 3676 amnem
513 3620 663 3691 justitiam
678 3617 904 3674 etbumilitatem
915 3633 964 3673 ee·
1026 3636 1050 3674 ιι
1068 3636 1141 3691 saepe
1162 3620 1246 3676 visus.
1267 3619 1347 3677 Alter
1366 3619 1409 3674 hie
1423 3619 1533 3693 genitus
1555 3617 1641 3674 bostis
1659 3617 1813 3687 elephanto,

143 3688 269 3748 hianti.
299 3689 486 3758 Abiectiouem
520 3696 697 3758 spontaneam
726 3688 828 3743 Christi
856 3688 962 3744 Domini
1017 3691 1159 3765 longitudo
1186 3692 1211 3746 ei
1239 3708 1297 3763 par,
1336 3707 1414 3746 crura
1454 3691 1538 3745 multo
1575 3688 1711 3752 breviora,
1739 3687 1815 3743 oolor

142 3774 248 3832 quam
277 3759 379 3830 optime
402 3759 514 3828 extollit,
538 3761 610 3814 unde
634 3759 687 3830 ipsi
707 3758 814 3814 Cbiisto
838 3758 964 3832 tribuitur
1017 3763 1134 3818 buxeus.
1154 3763 1239 3834 »Ego
1254 3777 1317 3819 vero
1339 3764 1411 3818 hune
1432 3771 1569 3817 auctorem
1596 3759 1731 3814 citandum
1751 3756 1818 3813 duxi

135 3827 342 3889 humititatis
375 3830 770 3904 etabjectienismuqnitudo,
804 3831 963 3904 ipsassus-
1017 3839 1110 3887 contra
1129 3848 1226 3889 eorum
1249 3833 1405 3900 opinionem
1424 3831 1472 3904 qui
1488 3838 1581 3901 putant
1604 3830 1815 3894 rhinocerotem,

142 3903 320 3963 taediosae
355 3901 397 3953 και
441 3904 630 3967 sanciremus,
672 3900 700 3956 in
737 3850 850 3972 proioo
887 3915 963 3957 eone.
1018 3903 1098 3959 unico
1112 3919 1198 3960 cornu
1222 3919 1356 3974 nusquam
1370 3903 1398 3959 in
1426 3919 1517 3958 rerum
1543 3908 1640 3957 natura
1658 3901 1818 3956 fuisseeum

146 3970 306 4030 Tralliani.
320 3971 473 4043 Gregorius
493 3973 711 4044 Thaumaturgns
733 3972 785 4042 ipsi
808 3919 866 4027 Ceo
881 3973 966 4025 ταπει-
1019 3974 1119 4046 aliquot
1143 3990 1236 4030 eorum
1260 3990 1363 4031 cornua
1386 3975 1518 4030 exsistant
1546 3971 1661 4042 insignia
1689 3971 1761 4042 apud
1786 3970 1816 4026 S.

147 4060 240 4099 isaiam
268 4043 412 4114 baptisimi,
443 4061 586 4102 summam
614 4043 808 4100 bumilitatem
832 4043 964 4102 attribuit.
1019 4044 1132 4114 Dionys.
1147 4047 1224 4113 Juxta
1237 4045 1354 4100 l‘nrisios
1367 4044 1395 4098 in
1412 4043 1545 4100 thesauris
1558 4059 1588 4098 re
1610 4043 1652 4098 iis.
1669 4041 1739 4098 Pau.

162 4115 206 4171 Le
218 4118 270 4170 Pii.
466 4174 478 4198 ⁹
1055 4116 1113 4196 (77)
1127 4117 1212 4187 Cujus
1222 4131 1331 4172 cernua
1344 4117 1438 4172 erucis
1452 4117 1572 4172 extima.
1590 4059 1628 4169 sse
1643 4111 1746 4183 liguris,
1763 4111 1818 4165 imo

200 4189 263 4255 t‘ltt
279 4188 549 4243 determinaverunt
563 4201 665 4243 manus
675 4185 810 4242 nieus.Es
821 4184 890 4238 Psal.
903 4199 965 4253 xxi,
1020 4197 1047 4242 et
1062 4185 1179 4256 imagine
1198 4185 1285 4241 erucis
1297 4186 1341 4239 bie
1355 4186 1483 4256 loquitur.
1499 4184 1581 4255 Atqui
1598 4184 1697 4255 partim
1712 4197 1743 4237 ei
1764 4195 1816 4234 nis.

162 4257 216 4310 ubi
244 4255 280 4309 ab
302 4255 409 4312 Hebraeo
438 4257 574 4327 discrepat
602 4258 661 4312 haee
682 4256 781 4314 versio.
806 4256 837 4309 ln
852 4254 966 4310 liebraeo
1022 4263 1079 4312 tuin
1095 4255 1147 4322 bie,
1165 4266 1220 4312 tuni
1236 4255 1283 4311 lib.
1300 4272 1331 4311 ιιι
1345 4255 1454 4313 advers.
1479 4256 1563 4310 Rura.
1580 4252 1676 4324 partim
1691 4266 1723 4305 eit
1738 4267 1820 4307 excu-

166 4327 270 4398 quippe
296 4334 334 4381 est
347 4329 421 4384 sicut
450 4328 491 4385 lea
517 4338 585 4388 itu:
606 4345 673 4385 cum
687 4327 795 4384 deberet
809 4342 867 4384 esse
883 4333 963 4392 itit),
982 4331 1005 4408 ῃ
1022 4328 1059 4382 ιιι
1073 4326 1264 4398 castigavimus
1280 4329 1371 4383 crucis
1390 4327 1502 4382 extima
1524 4325 1580 4379 sive
1593 4327 1732 4379 extrema.
1749 4323 1819 4379 rin.

169 4398 219 4454 boe
229 4404 273 4452 est
286 4398 432 4468 foderunt,
443 4400 516 4468 quod
532 4399 638 4454 notavit
652 4400 717 4454 oiim
730 4398 836 4452 blasora
853 4396 966 4468 :sieque
1056 4398 1113 4470 (78)
1125 4400 1156 4453 ln
1167 4401 1295 4454 antenna
1306 4398 1389 4452 nonu
1399 4412 1505 4452 cornua
1513 4395 1711 4454 extremitates
1720 4409 1817 4451 uocan-

171 4471 313 4524 obturatur
326 4484 357 4525 os
370 4470 470 4524 tudaeis
497 4470 543 4542 qui
562 4470 596 4526 de
612 4469 737 4540 passione
752 4466 894 4525 Dominica
909 4467 967 4523 baee
1022 4473 1080 4527 tur.
1096 4469 1176 4537 Quod
1191 4467 1362 4539 apertissime
1377 4467 1479 4522 indicat
1495 4464 1579 4521 Persii
1594 4480 1699 4537 versus,

173 4539 256 4610 accipi
285 4549 395 4613 gravate
421 4539 568 4612 patiuntur.
593 4540 660 4609 Quis
692 4555 756 4596 vero
786 4553 883 4594 sensus
908 4552 968 4593 esse

174 4611 271 4690 poterit
293 4610 318 4665 si
342 4609 472 4668 scribatur
487 4612 562 4670 sicut
586 4610 651 4669 leo?
679 4611 731 4667 nisi
751 4623 921 4668 recurramus
934 4609 967 4662 ad

173 4681 422 4753 interpretationem
449 4683 483 4740 ti.
513 4682 598 4739 David
613 4682 728 4748 iiimcbi,
746 4683 780 4738 dc
795 4683 873 4739 leone
898 4695 969 4749 prae·

174 4754 228 4806 dam
247 4753 408 4833 insequente
424 4770 430 4806 :
445 4769 511 4824 quas
525 4769 614 4827 nugas
633 4752 680 4826 qui
701 4753 806 4826 legerit,
824 4751 876 4809 nisi
891 4749 970 4823 plane

175 4823 277 4880 terreus
304 4831 339 4877 ιιι
367 4828 395 4879 et
419 4824 504 4881 stoico
523 4827 666 4896 plusquam
686 4824 841 4895 supercilio,
870 4839 886 4878 a
914 4821 971 4876 risu

175 4905 324 4966 temperare
352 4893 403 4949 sibi
432 4909 486 4950 noo
521 4897 629 4967 poterit.
658 4897 752 4951 Melius
778 4895 972 4969 igiturGraeea

176 4965 271 5033 versio,
288 4980 370 5035 qnam
397 4965 446 5021 Vni
469 4977 513 5021 ata
541 4967 673 5038 sequitur,
699 4965 802 5039 ὤρυξαν,
823 4965 970 5037 foderuut.

177 5035 267 5092 Moneo
303 5035 411 5092 interim
450 4984 537 5093 focum
576 5040 647 5094 laune
679 5037 828 5093 Dominieae
854 5035 973 5109 passioni

178 5107 274 5178 optime
300 5108 498 5164 accommodari
521 5117 548 5164 et
572 5108 700 5181 explicari
727 5108 867 5165 alostino
894 5106 973 5162 biart.

180 5181 253 5250 Apol.
273 5193 305 5247 ii,
321 5178 529 5236 eireamedium.
545 5181 584 5236 Lu
600 5183 655 5235 Pa.

210 5251 267 5319 (75)
287 5250 359 5307 Num
372 5257 400 5309 et
422 5249 598 5309 benedicitur
618 5253 651 5308 in
670 5251 728 5308 baec
755 5251 836 5308 varta
864 5248 972 5323 lasepb.

180 5319 403 5376 Praetermisimus
418 5338 459 5379 :a
480 5327 575 5405 putre.
601 5324 693 5393 Neque
723 5322 795 5377 enim
814 5324 872 5378 haec
892 5321 976 5393 patris

181 5405 256 5463 super
274 5393 374 5464 loseph
389 5393 552 5459 benedictio,
569 5394 722 5464 sedbloysi.
739 5394 818 5448 Dent.
835 5407 908 5460 xiix,
942 5407 976 5448 na

182 5461 314 5518 benedixit
327 5463 413 5520 tribus
425 5465 535 5538 loseph.
548 5464 696 5521 Transtulit
710 5471 798 5518 autern
814 5410 977 5535 uentilaiit,

109 5586 111 5595 ,
181 5547 225 5601 pro
251 5536 369 5605 ιερατιιῖ,
400 5535 473 5607 quod
496 5537 584 5609 magis
615 5535 724 5608 proprie
757 5536 836 5591 vertit
866 5534 978 5590 Latinus

183 5601 354 5678 Septuaginta
361 5606 481 5665 uirorum
499 5607 639 5680 interpres,
648 5623 738 5666 cornu
750 5611 836 5680 petet.
852 5606 924 5665 Pati.

1115 4593 1216 4643 Corona
1230 4591 1371 4643 velatarum
1386 4587 1538 4640 obvertimus
1551 4593 1727 4636 antennarum.

1025 4682 1136 4740 Servius
1155 4684 1189 4738 ad
1213 4681 1392 4738 VAEneid.i
1424 4681 1541 4745 Cornua,
1573 4684 1752 4733 antennarum
1773 4691 1822 4733 ex·

1026 4755 1187 4811 tremitntes.
1205 4773 1216 4804 i
1233 4754 1298 4810 Rio.
1800 4816 1807 4829 ο

1062 4826 1283 4899 (sitonicarum
1305 4829 1401 4881 cutem
1425 4824 1520 4881 media
1540 4822 1648 4896 stipitis
1669 4818 1764 4900 palus.
1780 4817 1825 4901 Sic

1027 4897 1109 4953 edidit
1131 4896 1279 4952 Pamelius.
1310 4895 1459 4953 Rhenanus
1487 4893 1615 4960 ediderat,
1640 4912 1652 4945 ι
1681 4891 1825 4948 Uuieornis

1026 4977 1114 5024 autem
1135 4969 1226 5024 media
1249 4967 1342 5038 stipite
1358 4967 1445 5040 palus.
1473 4987 1484 5018 i
1513 4965 1604 5039 Atque
1632 4966 1668 5022 ita
1696 4962 1826 5034 seriptum

1028 5041 1054 5095 in
1071 5038 1163 5096 codice
1187 5038 1354 5095 Divionensi.
1373 5038 1427 5094 Sed
1453 5039 1510 5094 baie
1533 5044 1598 5095 sunt
1619 5034 1740 5108 expertia
1761 5032 1826 5089 boni

1028 5125 1134 5167 sensus.
1158 5109 1211 5182 Qui
1230 5108 1395 5166 Fuldensem
1415 5109 1597 5181 inspexerunt,
1621 5108 1648 5163 in
1671 5123 1704 5165 eo
1732 5121 1762 5162 se
1785 5104 1825 5160 le·

1029 5183 1101 5255 gissa
1131 5189 1270 5250 testantur,
1302 5181 1474 5238 «Unioornis
1502 5189 1592 5238 autem
1606 5179 1698 5236 medio
1730 5177 1827 5245 stipato

1028 5254 1145 5326 palus.»
1168 5251 1248 5324 Quod
1277 5252 1394 5326 aliquam
1422 5253 1481 5309 veri
1511 5252 1633 5324 speeiem
1661 5249 1775 5330 praebett
1798 5255 1828 5302 ot

1030 5341 1131 5382 cornua
1146 5325 1200 5381 sint
1214 5324 1301 5382 crucis
1315 5326 1418 5382 extima
1437 5324 1494 5380 sive
1509 5324 1619 5395 patibuli
1634 5326 1826 5395 extremitates,

1031 5397 1155 5451 manibus
1169 5395 1285 5470 figendis
1302 5395 1462 5467 ligandisse,
1483 5395 1621 5452 unicornis
1635 5402 1724 5449 antem
1739 5387 1828 5470 medio

1031 5469 1129 5539 stipata
1149 5470 1224 5536 qiaiui
1250 5467 1305 5522 site
1328 5471 1432 5539 stipes,
1458 5467 1505 5538 qui
1531 5467 1600 5522 libio
1628 5463 1664 5523 ad
1693 5461 1828 5517 li'ultoiwt

1031 5539 1129 5596 dicitnr
1147 5538 1240 5600 sedilis
1255 5550 1396 5596 maestas.
1416 5537 1480 5596 liis.
