3840 6134
64 315 118 381 bb'i
718 315 815 380 Libuit
834 317 911 381 ibt.
931 315 1071 382 iUDiEOS·
1662 323 1715 385 658

61 445 238 523 priusquam
266 448 417 515 cognoseat
438 443 537 516 intans
562 460 661 502 nonore
679 448 791 519 patrem
815 450 869 503 out
882 464 907 545 g
920 461 966 503 ros
979 447 1040 517 (itm
1066 457 1117 502 nec
1131 461 1165 502 ex
1184 459 1254 516 equo
1272 445 1316 502 vol
1330 447 1364 503 de
1378 463 1467 522 muro,
1482 450 1579 507 sedda
1603 451 1716 510 nutricis

62 538 200 603 matrem,
221 533 346 605 accipiet
359 534 497 590 virtutem
512 535 652 600 Dumnaci,
668 538 698 592 ei
711 536 802 609 spolia
818 536 869 594 Su·
921 544 948 592 et
963 536 1065 610 gerula
1079 551 1135 591 anae
1149 537 1231 593 dorso
1246 537 1303 594 sive
1316 536 1386 594 collo
1396 536 1499 594 hostem
1515 539 1713 612 destinaturum

62 625 168 683 mnrioe
182 623 316 680 adamus
329 638 422 694 regem
437 622 752 695 Assyriommsssuvu,
769 623 868 696 la-io)
920 634 1000 698 atque
1028 626 1065 683 ita
1090 626 1251 684 Damascum
1277 635 1304 683 et
1332 627 1483 682 Samariam
1516 643 1565 700 pro
1593 633 1716 687 mammis

63 717 158 789 ltaque
171 712 266 770 dicunt
278 711 365 768 iudaei
381 728 387 768 :
406 712 586 769 Provocemus
607 712 686 769 istam
700 713 868 784 praedicatio·
921 717 1092 774 subacturus.
1107 715 1189 773 Aliud
1203 723 1252 784 est,
1268 718 1290 771 si
1305 731 1389 787 penes
1406 731 1455 774 vos
1469 714 1587 774 inientes
1601 719 1628 774 in
1648 737 1717 793 prae·

64 821 125 862 nem
141 802 230 872 Enim,
246 810 274 859 ct
293 800 428 857 iaciamus
442 801 688 874 comparationem,
711 817 745 858 an
759 802 866 860 cbristo
919 803 988 862 lium
1009 814 1163 879 erumpunt,
1182 805 1262 862 credo
1277 805 1310 860 ad
1325 805 1409 862 solem
1423 806 1436 844 ²
1450 804 1509 878 (to)
1534 808 1607 861 uncti
1629 808 1714 879 prius,

62 894 109 968 qui
122 893 179 963 jam
194 890 279 960 venit,
293 889 575 961 competatilliprimo
590 891 865 964 nomenqnodlsaias
920 893 1018 951 dehinc
1040 893 1138 966 pannis
1166 892 1270 965 armati,
1293 902 1320 951 et
1343 893 1443 966 butyro
1470 894 1637 966 stipendiati,
1669 896 1717 967 qui

63 980 232 1054 predicavit,
256 986 284 1036 et
307 977 425 1053 iusignia
449 978 509 1050 eins
527 995 587 1051 quae
610 979 645 1034 de
665 995 698 1036 eo
722 980 864 1037 nuntiavit.
921 992 983 1040 ante
998 983 1087 1040 norint
1101 982 1223 1041 lanceare
1239 998 1317 1055 quam
1335 982 1473 1040 lancinare
1485 984 1554 1055 (50).
1570 984 1716 1041 Enimvero

62 1070 196 1143 Equidem
214 1068 298 1125 lsaias
312 1067 441 1139 predicat
463 1083 523 1123 eum
543 1064 748 1123 Emmanuelem
773 1066 867 1124 vocari
920 1070 943 1128 si
972 1087 1105 1143 nusquam
1130 1073 1184 1128 lroc
1215 1081 1311 1129 natura
1338 1073 1472 1144 concedit,
1500 1081 1562 1130 ante
1598 1073 1716 1130 militaro

63 1166 200 1231 oportere,
224 1156 323 1213 debinc
347 1157 474 1213 virtutem
499 1163 667 1227 sumpturum
691 1155 816 1214 Damasci
837 1162 867 1213 et
921 1174 1001 1229 quam
1023 1160 1109 1217 viram
1135 1158 1223 1218 iacere
1245 1160 1321 1233 (bil,
1342 1171 1405 1217 aute
1434 1161 1558 1219 virtutem
1590 1161 1716 1220 Damasci

64 1246 152 1318 spolia
166 1243 442 1302 Samariaeadvcrsus
457 1259 552 1318 regem
567 1243 753 1316 Assyriorum.
768 1245 865 1317 Porro,
920 1263 1028 1305 sumere
1049 1263 1129 1320 quam
1155 1257 1259 1321 patrem
1282 1265 1373 1321 nosse,
1396 1249 1518 1323 sequitur
1544 1258 1575 1309 nt
1601 1251 1716 1324 figurate

64 1333 202 1407 mariun,
215 1333 269 1391 ista
282 1331 330 1406 qui
349 1333 430 1398 venit,
448 1349 534 1405 neque
548 1332 598 1389 sub
610 1333 743 1404 ejusmodi
757 1335 866 1390 nomina
921 1336 1122 1407 pronuntiatum
1145 1337 1276 1394 videatur.
1292 1338 1345 1395 Sed
1367 1345 1394 1396 et
1416 1339 1563 1414 virginem,
1578 1339 1714 1411 inquiunt,

63 1429 105 1480 est
118 1414 219 1492 editus,
235 1437 327 1495 neque
346 1437 376 1478 re
395 1421 489 1478 bellica
511 1421 630 1479 iunctus.
644 1421 680 1478 At
694 1439 773 1480 aose
797 1439 865 1481 con.-
920 1441 1016 1496 parere
1029 1433 1125 1483 natura
1139 1440 1193 1482 non
1216 1427 1326 1498 patitur,
1343 1436 1370 1484 et
1386 1435 1476 1483 tannen
1490 1429 1659 1486 credendum
1674 1437 1716 1486 est

63 1510 145 1567 traria
159 1509 351 1566 admonendos
364 1524 412 1566 eos
421 1509 643 1578 existimavimus,
652 1510 692 1567 uti
701 1511 866 1569 coherentia
920 1515 1068 1585 propheta.
1082 1515 1116 1570 Et
1130 1513 1236 1573 merito.
1254 1516 1410 1573 Prostruxit
1425 1516 1498 1573 enim
1520 1516 1599 1574 bdam
1622 1519 1714 1575 incre·

63 1614 173 1674 quoque
187 1600 271 1670 hujus
288 1598 400 1671 capituli
414 1609 635 1673 recognoscant:
658 1599 799 1670 subjuncta
822 1608 865 1657 est
918 1598 997 1655 dibili
1016 1601 1064 1668 rei,
1094 1601 1209 1658 dicendo
1232 1603 1306 1673 quod
1337 1606 1447 1676 signum
1475 1613 1548 1661 esset
1579 1604 1713 1663 futurum.

62 1689 139 1745 enim
163 1696 191 1744 et
212 1688 399 1760 interpretatio
417 1688 583 1756 Emmanuel,
606 1690 756 1746 Nobiscum
775 1693 860 1756 Deus,
917 1689 1184 1761 Proptereatnquir,
1195 1688 1311 1748 dubitur
1323 1693 1398 1749 vobis
1410 1695 1526 1765 sipnum
1538 1712 1545 1748 :
1557 1696 1715 1767 Eeeeoirpo

61 1778 105 1835 nti
132 1792 191 1834 nou
213 1776 300 1833 solum
320 1792 417 1833 sonum
443 1777 559 1833 nominis
577 1785 684 1848 spectes
709 1779 744 1845 ⁹⁹,
766 1778 814 1834 sed
834 1788 862 1836 et
877 1753 900 1831 Β
916 1779 1054 1850 concipiet
1068 1779 1100 1836 in
1114 1783 1195 1837 utero
1210 1782 1455 1853 otparieifiiium.
1472 1782 1585 1853 Signum
1600 1791 1715 1840 aritema

64 1880 192 1920 sensum.
212 1865 301 1922 Sonus
311 1865 382 1921 euim
406 1865 566 1933 llebraicus,
587 1866 662 1939 qnod
683 1872 726 1922 est
751 1866 864 1924 Emma·
917 1866 985 1933 Deo,
1001 1865 1054 1923 nisi
1071 1866 1177 1924 novitas
1190 1867 1279 1941 aliqua
1294 1876 1468 1926 monstruosa
1480 1868 1587 1935 inisset,
1604 1872 1714 1942 signum

63 1953 146 2023 nuel,
160 1967 218 2008 suae
239 1952 326 2024 gentis
338 1963 392 2022 est3
407 1970 504 2012 seusus
528 1961 621 2012 nutem
640 1955 708 2025 eius,
732 1953 805 2027 quod
823 1962 864 2013 est
917 1971 972 2012 nou
987 1954 1136 2013 videretur.
1152 1958 1287 2032 Denique,
1307 1957 1331 2013 si
1354 1957 1463 2030 qnando
1485 1959 1519 2014 ad
1543 1956 1714 2029 dejiciendos

61 2041 138 2096 bens
160 2041 304 2098 enimcum
325 2043 389 2114 (tt),
405 2059 440 2098 ex
466 2044 686 2117 interpretatione
713 2044 864 2102 communis
917 2044 1023 2116 aliquos
1048 2044 1106 2117 (52)
1126 2045 1160 2101 ab
1183 2045 1234 2102 hac
1253 2046 1343 2104 diviua
1365 2045 1564 2119 praedieatione,
1581 2045 1625 2103 vel
1646 2061 1714 2102 con·

59 2135 113 2183 est.
140 2127 241 2200 Quaero
255 2129 280 2168 ⁹⁹
300 2128 367 2202 ergo
390 2147 424 2187 nn
447 2132 500 2188 ista
523 2149 586 2204 vox,
612 2134 760 2191 Nobiscum
780 2135 862 2204 Deus,
917 2142 1020 2190 vortere
1035 2132 1160 2207 singulos
1174 2134 1311 2206 simplices
1325 2150 1450 2208 quosque
1466 2135 1584 2209 gestitis,
1603 2133 1714 2191 menori

59 2217 134 2290 quad
147 2224 189 2273 est
208 2219 378 2287 Emmanuel,
403 2221 500 2279 exinde
523 2237 578 2296 quo
603 2221 728 2280 Christus
746 2221 861 2289 induxit,
916 2221 1030 2292 audetis,
1045 2223 1123 2295 quasi
1139 2239 1194 2279 non
1208 2223 1353 2297 virginem,
1375 2225 1425 2282 sed
1438 2224 1612 2295 juvenculam
1640 2238 1710 2281 con·

59 2307 179 2380 agitetur
192 2305 220 2362 in
236 2307 368 2366 Christo?
381 2309 415 2366 Et
434 2320 510 2382 puto,
526 2326 559 2367 ex
578 2318 636 2368 toto
657 2327 712 2368 aon
737 2313 861 2384 negabis.
917 2319 1058 2383 capturam
1082 2318 1109 2366 ct
1135 2309 1284 2383 parituram
1312 2311 1451 2382 Scriptura
1477 2310 1630 2376 contineat;
1650 2311 1715 2366 irino

58 2394 131 2450 liam
145 2395 193 2467 qni
207 2410 244 2452 ex
268 2396 407 2454 ludaismo
429 2399 543 2456 credunt
565 2398 686 2470 Christo,
701 2414 736 2456 ex
758 2414 812 2470 qno
836 2401 863 2456 iu
916 2412 1028 2471 quoqne
1053 2397 1232 2464 revincimini,
1248 2399 1321 2470 qnod
1341 2399 1408 2454 nibil
1431 2398 1500 2471 signi
1522 2397 1609 2455 videri
1629 2401 1714 2471 possit

60 2498 121 2539 euin
136 2483 263 2553 madunt,
278 2485 441 2542 Emmanuel
455 2502 516 2543 eum
531 2488 623 2544 volent
641 2487 744 2552 dicere,
767 2489 862 2544 nobis·
918 2503 960 2542 res
973 2485 1137 2560 quotidiana,
1150 2485 1304 2557 juvencula
1322 2484 1411 2544 oto
1434 2486 1536 2544 scilicet
1559 2496 1714 2560 praegnatus

58 2587 121 2628 cnm
135 2570 222 2629 Deum
238 2587 300 2629 essa
323 2573 488 2646 significant.
511 2576 600 2646 itque
615 2577 652 2632 ita
676 2585 784 2634 constat
805 2577 861 2646 jam
915 2582 942 2631 et
956 2580 1057 2645 partus.
1076 2574 1106 2629 ln
1121 2574 1229 2649 signum
1243 2590 1311 2648 ergo
1334 2575 1414 2632 nobis
1428 2575 1516 2646 posita
1529 2575 1604 2648 virgo
1628 2585 1714 2633 mater

58 2661 167 2720 venisse
196 2661 273 2718 illum
304 2663 352 2734 qui
380 2664 578 2735 predicabatur
599 2665 774 2731 Emmanuel,
798 2664 862 2738 quia
916 2664 1011 2718 merito
1021 2662 1151 2728 creditur,
1163 2663 1251 2719 inians
1265 2677 1330 2721 vero
1345 2662 1459 2720 bellator
1472 2678 1528 2720 non
1542 2679 1631 2734 reque.
1652 2663 1713 2720 b'on

60 2749 134 2821 qnod
156 2748 293 2823 siguificat
326 2752 503 2820 Emmanuel,
527 2753 622 2821 veuit,
648 2752 740 2810 idest
763 2752 862 2810 Nobis·
914 2750 1278 2823 euim⁹cti1icsignirati0
1302 2753 1461 2820 vomatur⁴;
1478 2751 1526 2807 aad
1543 2752 1711 2823 signonati·

59 2852 120 2894 cum
160 2839 247 2895 Dens.
282 2840 368 2912 itique
407 2849 434 2897 et
468 2856 538 2899 sono
574 2843 693 2900 nominis
727 2842 860 2898 inducun·
916 2839 1007 2896 vitatis
1029 2855 1107 2897 novae
1138 2840 1266 2909 ascripto,
1294 2838 1392 2897 exinde
1417 2848 1479 2912 post
1506 2839 1617 2914 signnm
1642 2840 1712 2896 alius

60 2932 115 2997 tur,
130 2924 213 2984 0¹8
227 2943 291 2984 cum
306 2928 433 2986 virtutem
456 2931 588 3002 Damasci,
603 2938 632 2987 ct
653 2930 740 3002 spolia
764 2931 860 2986 Sama·
913 2929 968 2999 jam
983 2927 1050 2983 ordo
1072 2926 1182 2984 infantis
1202 2926 1315 2985 edicitur
1333 2929 1386 2986 mel
1401 2935 1429 2984 et
1444 2928 1572 3001 butyrum
1595 2928 1711 2984 mandu-

60 3015 105 3071 riae
139 3016 270 3072 adversus
297 3033 392 3093 rogem
424 3019 609 3095 Assyriorum,
639 3020 679 3076 sic
706 3019 856 3092 accipiunt,
911 3014 1009 3072 catari.
1028 3014 1259 3089 Nechocutiqua
1280 3015 1433 3090 insignum
1454 3028 1503 3088 est,
1520 3025 1547 3074 et
1569 3018 1621 3073 boc
1636 3017 1711 3073 enim

61 3103 136 3177 qnasi
163 3104 323 3163 bellatorem
352 3107 514 3179 portendant
539 3109 691 3174 Christum,
721 3124 774 3165 non
802 3106 859 3163 ani·
916 3102 1035 3160 iniantiae
1050 3102 1137 3169 est⁵;
1154 3102 1203 3159 sed
1227 3110 1400 3174 accepturum
1420 3105 1548 3161 virtutem
1575 3105 1709 3174 Damasci,

61 3192 258 3249 madvertentes
276 3195 344 3266 qnid
363 3196 503 3267 Scriptura
522 3198 667 3269 proemittat
686 3215 694 3253 :
720 3197 859 3266 Quoniam
914 3202 940 3251 et
958 3189 1045 3264 spolia
1057 3190 1184 3247 Samariae
1199 3192 1328 3249 adversus
1343 3208 1435 3265 regem
1457 3191 1641 3265 Assyriorum,
1658 3193 1710 3249 boc

61 3283 227 3356 munuum
239 3290 386 3355 coenarent
397 3302 470 3358 puer
478 3301 578 3343 uocare
595 3291 708 3361 putrem
727 3290 779 3342 nui
792 3302 858 3341 mn-
912 3288 953 3337 est
981 3278 1102 3335 mirabile
1129 3279 1246 3350 signnm.
1274 3278 1386 3336 Servate
1414 3281 1524 3336 modum
1551 3280 1656 3354 etatis,
1682 3286 1709 3336 et

63 3371 141 3437 irem,
151 3372 277 3444 accipiet
290 3375 427 3432 uirtutem
445 3377 577 3432 Damasci
594 3378 623 3433 et
646 3375 740 3448 spolio
761 3375 860 3432 Sama
913 3367 1025 3440 quaerite
1069 3383 1180 3423 sensum
1218 3367 1449 3440 predicationis:
1485 3369 1568 3426 immo
1605 3368 1709 3426 reddite

61 3460 108 3516 rioe
121 3458 258 3517 aduersus
267 3477 360 3535 regem
374 3464 564 3535 lanariorum.
580 3465 652 3520 Ante
665 3474 708 3520 est
720 3463 793 3519 cuim
806 3461 860 3518 ins-
913 3457 1101 3530 veritatique
1115 3458 1226 3514 credere
1253 3474 1307 3515 non
1333 3459 1424 3530 vultis,
1441 3468 1468 3516 et
1485 3468 1539 3516 tam
1553 3458 1711 3532 intelligitur

63 3545 167 3616 pisiam
182 3549 269 3604 uetans
283 3549 551 3620 demonstrationem,
561 3569 596 3609 an
607 3553 693 3609 virum
706 3553 759 3623 jam
771 3550 859 3608 Chris·
915 3547 1065 3619 prophetia,
1082 3563 1161 3619 quam
1177 3548 1344 3604 renuntiatur
1362 3557 1496 3620 expuncta
1509 3550 1522 3588 ⁶
1533 3549 1601 3622 (53).
1619 3551 1709 3606 Acce·

63 3640 113 3692 tnm
129 3636 322 3695 exbibereista
336 3648 401 3696 atas
420 3642 514 3713 possit,
528 3642 856 3714 nedumimperatorem3
915 3635 956 3709 pit
969 3636 1094 3693 Christus
1108 3634 1197 3691 inians
1210 3634 1335 3691 virtutem
1357 3637 1481 3695 Damasci
1501 3646 1529 3695 et
1553 3638 1638 3709 spolia
1656 3637 1709 3693 Sa-

64 3723 268 3801 tcilinetvagitu
289 3727 323 3782 ad
338 3744 413 3785 arma
437 3739 509 3787 esset
531 3738 727 3789 convocatums
749 3727 855 3796 inians;
914 3725 1018 3783 maria.
1047 3726 1172 3781 blancant
1200 3724 1273 3781 enim
1305 3723 1455 3783 Orientales
1482 3726 1522 3783 illi
1543 3727 1614 3800 llagi
1640 3726 1710 3799 (bt).

64 3822 87 3870 st
103 3813 214 3886 siguum
241 3815 314 3883 belli,
334 3833 388 3873 non
410 3821 499 3885 turba,
523 3819 571 3877 sed
594 3818 759 3891 crepitacillo
778 3818 858 3873 datu·
912 3814 1053 3871 infantiam
1064 3813 1163 3872 Christi
1177 3822 1315 3872 recentem
1329 3814 1340 3853 ἵ
1355 3830 1423 3874 auro
1442 3822 1470 3873 et
1485 3816 1591 3874 thure⁹
1615 3831 1711 3873 mune·

746 3983 844 4048 Variae
857 3984 1010 4047 lectiones.

93 4115 122 4156 ⁹⁸
134 4114 273 4187 Expectes
286 4116 374 4176 liban.
389 4119 499 4177 Obertb.
511 4120 537 4160 ⁹⁹
552 4119 642 4189 Quare
657 4119 743 4178 Semi.
760 4117 770 4156 ¹
785 4114 875 4172 Enim.
886 4113 931 4169 lns
952 4112 1065 4169 iniamus
1075 4115 1141 4171 iun.
1157 4114 1169 4152 ²
1182 4114 1286 4172 Solium
1305 4119 1375 4175 iun.
1392 4119 1478 4175 Semi.
1497 4117 1605 4176 oberit.
1621 4118 1634 4157 ⁹
1653 4121 1711 4175 Non

65 4187 167 4258 aquei
181 4186 262 4243 ethic
274 4188 363 4247 liben.
384 4191 493 4248 Obortis.
510 4191 523 4230 ⁹
541 4191 681 4250 Versatur.
711 4188 764 4245 Sed
788 4187 884 4243 iidem.
900 4130 957 4266 ⁵1⁴5
970 4184 1130 4266 boclutiqne
1149 4185 1298 4255 insignum
1317 4188 1488 4245 iniantiaeast
1501 4191 1567 4269 liar.
1590 4189 1712 4269 Pronuti-

66 4271 118 4325 qne
150 4256 218 4329 legit
235 4258 311 4316 Pam.
322 4261 442 4331 utrique.
453 4263 510 4319 Nec
529 4263 582 4318 hoe
597 4263 690 4333 utique
706 4258 856 4331 insignum
870 4261 921 4320 ast,
938 4252 1050 4309 infantia
1073 4264 1116 4311 eat
1132 4256 1242 4313 Obortis.
1257 4258 1344 4314 Semi.
1364 4257 1539 4329 ⁹l'ropiretra
1550 4265 1712 4324 renuntiata,

65 4342 145 4457 girz-
168 4326 284 4386 ereditur
302 4338 434 4404 expuncta
454 4334 564 4392 tiberii.
583 4333 670 4391 libere.
686 4332 756 4388 Tum
771 4368 790 4385 ..
806 4342 891 4401 quum
912 4327 978 4383 iun.
994 4324 1005 4363 ⁷
1021 4323 1057 4380 Ut
1070 4340 1164 4399 regern
1177 4328 1258 4384 Pom.
1275 4328 1362 4384 ilben.
1387 4328 1500 4386 Obortis.
1516 4329 1530 4368 ⁹
1546 4329 1581 4384 Et
1604 4329 1714 4400 myrrha

121 4416 164 4457 m.

758 4469 1008 4537 Commentarius.

99 4606 159 4676 (57)
175 4604 281 4666 Sensus
294 4614 392 4668 cutem
405 4612 475 4681 e’us,
487 4611 610 4686 quodcsi
621 4612 691 4668 Deus
705 4606 860 4671 nonarum,
878 4615 902 4694 Ι)
952 4598 1010 4671 (5))
1024 4599 1096 4682 ΛΜ(
1109 4599 1237 4683 mistim
1250 4616 1336 4685 im
1346 4603 1442 4659 virum
1455 4602 1561 4683 sami,-
1577 4601 1648 4659 A¹¹⁹¹!
1663 4619 1714 4685 1))-

66 4682 112 4733 tic.
133 4676 226 4735 Verba
242 4681 309 4745 bac,
325 4688 393 4738 teste
438 4684 516 4750 mter,
532 4684 560 4738 in
573 4679 771 4740 Patemiaeensi
785 4677 860 4736 codi-
916 4672 1049 4729 bertatem
1067 4687 1112 4727 vrx
1134 4671 1231 4744 legitur
1254 4672 1332 4728 miles
1348 4690 1354 4730 :
1370 4681 1508 4730 ornatura
1529 4688 1617 4753 virum
1640 4673 1714 4740 irerr,

62 4759 94 4804 'te
110 4746 148 4803 cd
161 4751 313 4821 marginem
332 4755 534 4826 subrascripta,
551 4754 599 4810 sed
612 4753 651 4810 sic
665 4760 696 4810 ut
708 4752 861 4808 viderentur
916 4757 976 4798 curn
993 4743 1122 4812 puberem
1136 4745 1313 4800 dernoastrat.
1330 4743 1458 4799 Eamdem
1474 4750 1636 4801 sententiam
1651 4743 1716 4797 Ter-

68 4818 208 4877 referende
220 4822 249 4876 tn
267 4833 421 4882 mererium
437 4841 489 4881 :ea
503 4835 593 4883 minen
604 4823 734 4894 exprimit
747 4822 860 4892 semler,
914 4813 1042 4871 tullianus
1061 4812 1108 4870 lib·
1135 4830 1176 4883 m,
1190 4813 1326 4873 adversus
1346 4817 1524 4881 Marcionem.
1542 4815 1582 4871 sie
1606 4813 1714 4875 edidit:

67 4889 114 4946 aei
126 4891 261 4948 inveneris
274 4895 347 4966 apud
362 4898 447 4965 pam„
458 4897 545 4953 Rhea,
562 4906 590 4952 θ(
602 4896 701 4967 gigan,
716 4896 788 4950 ΕΝ),
916 4886 1083 4957 «Nusquam
1095 4885 1145 4941 boe
1155 4889 1265 4964 notura
1274 4887 1400 4945 concedit
1410 4892 1479 4944 unic
1488 4886 1707 4969 miiiinreqrmm

98 4961 226 5032 (telsion
248 4980 294 5022 ere
314 4967 421 5025 iioeiiin
444 4969 574 5025 daturus.
605 4966 806 5038 Crepitacillum
828 4980 861 5020 ex
914 4958 1015 5023 ninere,
1034 4956 1652 5025 ¹Nemee1¹¹f³¹¹⁹⁹¹¹¹viibvitttmfissllffiffi·

68 5028 176 5089 ludicris
199 4982 348 5106 puerilibus
371 5047 420 5094 est.
436 5039 523 5094 torma
537 5039 703 5102 diminutiva,
720 5037 861 5108 acrepitn·
951 5027 1009 5107 (bb)
1023 5028 1146 5101 ΜΨ(
1159 5029 1318 5109 ¹⁹‚iwt2d0
1338 5029 1375 5086 Μ
1397 5028 1567 5115 &fidium
1590 5032 1717 5103 ⁹l⁹i⁹⁰⁸·

69 5102 127 5160 cula
140 5103 299 5163 deductum.
315 5108 409 5164 sicula
423 5111 534 5174 seracula
549 5110 699 5181 specillum.
715 5106 784 5177 Apte
798 5122 862 5164 vero
915 5096 1027 5180 B¹e¹¹¹¹⁹
1041 5104 1068 5153 θ)
1082 5098 1232 5182 ⁹¹l¹⁹d¹⁹¹¹¹⁹
1253 5100 1383 5157 adversm
1399 5102 1567 5161 Marcionem
1582 5117 1614 5157 ¹¹¹
1629 5120 1636 5157 ²
1652 5104 1707 5158 Β(-

69 5171 227 5232 diminutivo
241 5179 335 5244 utitm,
354 5181 389 5234 de
401 5180 529 5237 infantulo
545 5183 668 5252 loquens.
684 5179 776 5235 Runa.
916 5183 1005 5251 biiii
1019 5168 1158 5233 eiiudoeu
1168 5172 1358 5244 sequundoud
1372 5189 1422 5230 nos
1452 5174 1718 5246 dejiciendosmen-

103 5244 158 5313 (tot
174 5247 216 5305 Ad
235 5251 332 5307 solem.
349 5252 459 5310 Solium
479 5252 565 5324 magis
585 5251 684 5307 arridet
706 5251 803 5318 Semi,
817 5249 864 5322 qui
918 5242 970 5299 2¹¹¹
982 5241 1098 5307 audini,
1110 5245 1189 5326 abusi
1202 5259 1260 5300 non
1274 5244 1425 5316 uirginem.
1440 5251 1494 5302 etc·
1508 5246 1571 5320 Rig-

68 5316 157 5443 ἴυὺελοέ
169 5317 362 5391 interpretatur
377 5344 383 5379 :
400 5340 447 5382 vas
459 5323 486 5378 in
510 5338 564 5395 qno
586 5323 708 5378 sedentes
727 5324 866 5396 ungeban—
920 5382 926 5396 ‚
955 5309 1011 5437 (513)
1024 5314 1223 5440 Quintam?
1236 5320 1392 5388 munita,
1407 5316 1466 5375 ⁹¹0⁹
1482 5325 1533 5387 ⁹⁹⁹2
1553 5324 1654 5373 ⁹⁹⁹⁹⁹⁹
1667 5313 1718 5370 ⁹⁹·

98 5404 121 5442 r.
158 5404 205 5446 ω),
920 5399 955 5438 lut
986 5398 1038 5438 ba.
1080 5401 1116 5456 lg.

102 5458 164 5530 (5⁰)
177 5463 250 5520 Ante
261 5466 392 5524 lanceare
406 5484 492 5540 quum
504 5467 660 5524 lancinare.
672 5464 865 5520 iniantesden-
968 5455 1013 5525 54)
1026 5456 1157 5513 imiimi
1171 5459 1248 5515 enim
1259 5459 1418 5517 θιίθιιὶαῑθι
1431 5459 1511 5530 Παθῑ·
1522 5458 1656 5520 M⁹¹⁹¹¹¹⁹2
1670 5468 1720 5525 ⁹⁹⁹

70 5529 163 5589 titione
178 5540 341 5609 exasperati,
358 5536 870 5612 mammasintersugrndumlancinant
922 5526 1177 5609 cusi⁶¹⁶⁹¹¹¹b0¹9
1192 5527 1346 5608 §linificam
1360 5528 1623 5586 T⁹¹¹n¹i¹¹Ph⁰¹¹ss·
1639 5541 1721 5582 Μαι·

71 5596 131 5661 iro.
923 5598 1223 5670 rururpairemdrxrt.
1238 5599 1308 5657 Pau.
