3840 6134
156 278 224 339 tl‘lt
685 269 729 328 hh
747 269 890 330 etheum
907 262 1127 328 tehtehhlsh'l
1145 260 1264 323 oraha.
1730 260 1797 320 tlte

155 402 259 463 1071
271 402 293 457 Α
309 400 333 440 ¹³
355 400 412 456 Dee
439 388 576 469 digresses
595 394 711 467 pepules
735 393 893 464 facinusque
907 407 948 449 se·
965 409 989 489 Α
1008 386 1091 457 Cujus
1105 387 1139 442 de
1153 385 1222 442 faeie
1235 387 1280 442 lux
1293 392 1321 442 et
1330 348 1460 442 niterere
1472 382 1594 457 refulsit3

731 483 869 557 [quentas,
1005 480 1150 548 deceptam
1163 475 1255 549 legem
1269 490 1318 548 per
1332 490 1430 546 paucos
1445 473 1513 531 iudit
1525 475 1554 530 in
1568 474 1673 543 orbem,
1714 469 1798 544 [rum

155 580 243 636 Deum
257 577 324 634 ierit
338 576 365 632 iu
381 575 460 632 terris
474 574 629 648 refugarum
645 571 723 629 turha
733 575 883 641 latronum,
1005 562 1119 622 1⁰72
1132 563 1259 637 Exempla
1279 564 1409 635 implicita
1432 565 1604 637 propriorum
1623 568 1699 619 certe
1719 560 1799 616 labe·

156 670 325 740 Sacrilegum
336 682 422 738 genus
437 678 467 720 ut
480 663 586 734 fugeret
599 660 707 718 crudele
726 660 878 734 gigantum,
999 654 1135 711 Percussil
1149 655 1371 725 pelfflm‚i118³tls
1385 668 1492 726 quoque
1505 653 1617 710 flumine
1635 651 1721 716 ludim

154 757 271 815 Consilio
286 753 436 821 revocabat,
456 752 484 809 iu
499 752 624 808 omnihus
637 751 695 821 ipse
709 749 807 806 iidclis.
999 743 1179 817 Extenditque
1193 758 1298 808 manus,
1312 750 1344 800 ut
1357 744 1436 815 signe
1450 742 1569 799 vinceret
1581 742 1701 799 hostem.

157 846 262 920 Ingenti
277 844 378 921 gemitu
387 841 497 914 placuit,
508 841 660 910 meritoque
675 839 766 895 labere
999 832 1140 890 Omniade
1156 831 1273 899 Christe,
1288 846 1338 903 par
1360 831 1498 888 Christum
1521 838 1618 889 cuncte
1636 831 1797 902 lequuntur.

152 936 323 991 Translatum
337 947 435 1003 magne
449 931 549 1005 pignus
559 937 677 987 servatur
690 928 802 985 benere.
865 968 878 993 ,
1001 921 1049 980 llic
1063 923 1164 993 prebes
1174 930 1200 978 et
1214 937 1328 995 magnus
1342 936 1404 977 cum
1420 920 1508 977 laudis
1517 936 1583 994 pace
1596 922 1711 995 quievit.

153 1019 290 1076 Perfectus
303 1017 382 1071 laude
395 1025 422 1070 et
435 1015 495 1070 sine
508 1015 588 1086 eulpa
600 1013 657 1069 Nee
675 1021 797 1083 repertus
810 1011 869 1087 (tt)
1000 1013 1037 1068 lit
1051 1013 1131 1067 lesus
1143 1011 1216 1068 Nave
1230 1010 1313 1081 lilius,
1328 1012 1417 1067 Auses
1430 1020 1494 1067 ante
1507 1019 1630 1080 recatus,

152 1107 323 1164 Teslihrante
337 1106 395 1160 Deo
408 1105 500 1174 justus
514 1102 542 1157 in
555 1101 680 1160 adultera
699 1102 787 1174 plebe,
998 1103 1115 1175 Spiritus
1144 1103 1217 1158 huuc
1238 1107 1345 1157 sanctus
1363 1100 1464 1157 socium
1487 1100 1541 1157 sibi
1567 1099 1678 1165 nemine
1690 1101 1797 1173 junxit3

151 1198 195 1254 Bis
205 1195 400 1269 quinquagenis
413 1207 501 1249 arcam
520 1190 566 1262 qui
586 1191 669 1247 texuit
678 1191 765 1259 aunis,
998 1193 1067 1249 Hinc
1077 1190 1189 1248 fluuium
1207 1190 1295 1260 scidit,
1311 1200 1337 1246 et
1350 1189 1481 1263 populum
1495 1189 1610 1247 transire
1622 1191 1719 1266 coegit
1733 1208 1740 1262 ;

150 1287 299 1343 Venturum
309 1283 441 1339 excidium
457 1280 534 1336 lactis
548 1287 575 1333 et
590 1294 654 1335 voce
672 1279 792 1356 ferebat3
978 1266 1140 1336 ‘Distribuit
1153 1287 1250 1335 terram
1265 1278 1357 1350 gratis,
1372 1277 1507 1351 promissa
1522 1289 1655 1351 paterna3

149 1372 301 1430 Promeruit
314 1371 394 1428 tantis
405 1378 514 1442 ereptus
532 1369 780 1440 meruissemus,
997 1371 1089 1427 Solem
1103 1385 1162 1426 curn
1176 1369 1240 1426 luna
1254 1368 1357 1435 statuit,
1371 1370 1435 1424 dum
1448 1367 1699 1442 sincerethestem;

150 1466 256 1521 Etcum
266 1461 340 1533 prole
354 1475 402 1516 sua
417 1465 550 1514 servatus.
568 1457 655 1514 Gente
673 1465 802 1532 sequente
996 1460 1107 1531 Expulit
1116 1467 1241 1516 externas
1255 1466 1350 1532 gentes
1363 1458 1521 1531 prolemque
1534 1460 1696 1534 gigantum

150 1554 197 1609 Est
211 1551 358 1620 Abraham,
371 1549 449 1618 cujus
462 1556 558 1620 gnatos
571 1562 620 1604 ves
631 1562 691 1604 esse
705 1547 818 1624 negatis,
997 1546 1104 1602 Excidit
1117 1546 1273 1619 luces,sras
1288 1553 1315 1603 et
1324 1545 1426 1617 templa
1440 1546 1564 1620 subegit;

148 1642 201 1712 Qui
215 1640 328 1713 primus,
343 1652 443 1711 genere
457 1643 485 1691 et
494 1634 578 1707 patria
592 1645 618 1691 el
630 1634 751 1707 genitore
765 1635 874 1704 rehote,
996 1635 1090 1693 Omnia
1103 1635 1223 1709 legitima
1237 1635 1368 1693 solemnia
1381 1644 1471 1694 mente
1485 1639 1605 1712 peregil3

149 1729 280 1787 lleceDei
299 1741 403 1792 suasus,
424 1723 570 1780 secessitiu
584 1730 778 1797 exteraregns,
957 1706 1117 1786 bliemiuis
1134 1727 1288 1799 exemplum
1302 1725 1411 1794 Christi,
1431 1725 1536 1784 uirtutis
1554 1727 1658 1803 image.

149 1823 234 1878 Taele
247 1818 295 1874 Dei
307 1815 405 1874 meruit
419 1813 650 1886 sublimisdignus
665 1815 770 1871 honere
789 1817 824 1884 ¹⁴,
1296 1865 1410 1924 CAPUT
1433 1867 1468 1924 w

149 1906 281 1967 Gentibus
295 1912 328 1960 ut
338 1913 413 1975 pater
430 1910 457 1958 el
471 1901 577 1974 populis
590 1901 761 1959 credentibus
775 1915 858 1963 esset.
1470 1906 1478 1923 '

149 2001 214 2054 Corn
229 1993 350 2067 patribus
362 1990 457 2061 Jacob,
472 2005 588 2064 quornm
606 2000 682 2064 pater
705 1991 779 2065 ipse,
795 2009 844 2066 per
861 2010 942 2052 omne
1030 1989 1100 2058 Quid
1111 1991 1146 2048 de
1158 1989 1301 2048 lodicibus
1313 1990 1407 2065 pepuli
1420 2006 1470 2065 per
1483 1989 1590 2065 singule
1609 1990 1723 2050 dicaml

149 2086 218 2143 vitm
233 2099 288 2140 suae
304 2083 419 2155 spatium
440 2080 579 2138 laetissima
594 2091 716 2154 tempera
729 2083 828 2140 Christi
995 2077 1118 2148 Quorum
1128 2081 1239 2137 virtutes
1252 2079 1274 2135 si
1284 2080 1487 2137 conscribantur
1497 2083 1525 2138 in
1538 2096 1636 2150 unum,

148 2172 304 2231 Praecccinit
322 2169 422 2242 verbis,
436 2179 507 2238 ectu,
526 2169 637 2240 virtute,
650 2169 759 2229 labere.
998 2170 1243 2243 l'erborumspatie
1256 2184 1400 2226 numerosa
1412 2169 1551 2227 volumina
1564 2173 1717 2246 complent.

148 2265 225 2320 llunc
249 2261 368 2336 sequitur
380 2259 491 2330 loseph,
500 2259 581 2317 ieadae
600 2259 658 2315 sine
673 2260 757 2317 sorde
769 2263 899 2332 juvente,
993 2265 1120 2323 Attamen
1133 2281 1170 2322 ex
1182 2265 1274 2323 multis
1288 2281 1438 2337 paucerum
1447 2266 1536 2323 dicere
1550 2267 1645 2339 sitam,

145 2353 268 2408 Carceris
282 2362 309 2407 et
323 2351 399 2405 dura
409 2345 524 2404 conficta
538 2348 672 2403 calumnia
682 2365 786 2422 poenae3
993 2353 1120 2428 Corporis
1140 2353 1265 2427 explendi
1278 2356 1423 2411 verberum
1434 2356 1550 2427 postulet
1562 2357 1644 2415 ordo.

145 2440 241 2498 Gloria
259 2445 322 2510 pest
339 2435 467 2510 gemitus,
484 2435 615 2508 regnique
630 2439 748 2493 secunda
762 2455 872 2511 cerena,
992 2444 1032 2500 Ex
1046 2443 1145 2517 quibus
1158 2453 1187 2501 ut
1201 2443 1313 2502 Gedeen
1334 2445 1388 2501 dux
1402 2445 1528 2517 agminis,
1546 2462 1609 2505 acer
1627 2449 1657 2506 in
1670 2452 1781 2510 hostem

147 2532 231 2603 Inque
247 2529 318 2583 lame
331 2525 410 2598 panis
425 2524 559 2580 tribuendi
573 2525 648 2597 larga
667 2535 797 2598 potestas.
992 2533 1053 2591 Nen
1067 2533 1163 2593 vhtute
1176 2549 1225 2590 sua
1238 2534 1350 2592 tutelam
1366 2536 1506 2606 acquirere
1521 2538 1605 2610 genti,

151 2621 219 2676 Tam
232 2619 341 2689 propria
355 2613 463 2684 Christi,
479 2622 532 2670 tam
547 2614 712 2672 lueidalucis
725 2615 816 2692 image
991 2622 1240 2696 Firmalusquefide
1255 2622 1363 2694 signum
1377 2625 1445 2697 petit
1457 2625 1543 2681 excitu
1561 2629 1662 2699 menti,

150 2707 283 2768 Omnibus
296 2714 338 2763 est
352 2703 502 2772 manifesta,
518 2703 618 2777 quibus
636 2713 700 2761 sunt
718 2705 819 2765 lumina
844 2709 937 2782 menti,
988 2700 1051 2781 Quo
1069 2711 1113 2771 vel
1126 2727 1183 2769 nen
1197 2719 1289 2785 posset
1298 2712 1341 2768 vel
1355 2720 1446 2783 posset
1458 2715 1564 2771 vincere
1574 2715 1689 2787 bellum,

145 2800 179 2858 Ut
192 2799 306 2871 speculo
320 2796 413 2854 uultus
426 2791 530 2850 firmam
545 2810 620 2868 spem
634 2811 744 2867 cernere
755 2798 868 2870 possint.
992 2801 1086 2858 Velius
1095 2810 1125 2859 ut
1138 2800 1282 2859 innectem
1295 2801 1413 2875 pesitum
1427 2802 1461 2860 de
1474 2818 1535 2860 rere
1549 2807 1687 2879 maderet,

150 2890 231 2946 ludas
248 2888 306 2959 ipse
320 2895 407 2958 pater,
424 2882 522 2959 regalis
534 2885 617 2943 sertis
634 2888 723 2961 erige.
759 2914 768 2936 ·
991 2892 1025 2949 El
1040 2892 1120 2949 lellus
1134 2890 1223 2948 omnis
1236 2889 1338 2949 circum
1347 2889 1444 2950 siceota
1451 2890 1562 2963 jaceret,

144 2977 222 3034 Unde
232 2976 315 3032 ducet
323 2972 420 3047 geniti,
433 2973 511 3044 cujus
523 2971 558 3029 (¹0
576 2971 678 3030 ‘emine
698 2989 780 3049 leues
955 2983 1047 3077 gllee
1056 2979 1227 3039 inimieorum
1241 2981 1357 3054 palmam
1370 2982 1523 3039 coalescere
1541 2984 1661 3058 munde;

143 3069 289 3141 Nunquam
303 3065 454 3132 del'uerunl,
468 3064 555 3121 denec
567 3072 678 3122 ventura
686 3075 804 3138 potestas
991 3072 1082 3144 Atque
1091 3071 1189 3127 itemm
1205 3070 1264 3128 sole
1279 3071 1427 3127 remanenti
1440 3071 1542 3128 vellere
1556 3073 1629 3132 sicce
1646 3074 1673 3114 ¹⁸

142 3158 274 3215 Gentibus
288 3153 496 3228 exspectatadiu
511 3155 645 3226 premissa
657 3155 772 3215 veniret.
991 3161 1049 3219 Hoc
1064 3159 1159 3217 eadem
1175 3159 1255 3216 tellus
1265 3163 1367 3217 rersrct
1381 3169 1459 3216 necte
1473 3159 1594 3233 liquore;

455 3243 569 3301 cerer
581 3244 627 3299 111.
992 3251 1048 3309 llec
1061 3249 1162 3307 etenim
1176 3247 1254 3321 signo
1268 3248 1427 3320 praedonum
1442 3251 1536 3306 strauit
1553 3268 1681 3327 acervos,

177 3338 238 3396 Dux
252 3335 345 3409 pepuli
358 3333 457 3400 dieses,
473 3331 521 3406 qui
530 3332 622 3390 limina
637 3335 805 3410 regialiquit,
990 3340 1159 3412 congressus
1175 3338 1275 3410 pepule
1283 3335 1392 3402 Christi,
1403 3336 1464 3392 sine
1477 3337 1563 3396 milite
1574 3348 1671 3417 mutto,

143 3429 280 3501 Spernens
294 3424 404 3480 divitias
414 3424 540 3480 herentes
554 3431 674 3497 tempere
694 3426 787 3499 parre,
988 3430 1155 3487 Tcrceutene
1167 3428 1257 3498 equite
1272 3426 1411 3499 (numerus
1425 3428 1483 3486 Tau
1512 3429 1599 3488 littera
1616 3434 1719 3494 Graeca
1729 3438 1786 3511 (ta)

140 3516 234 3573 Maluit
247 3513 372 3572 adflictus
381 3512 473 3586 pepuli
484 3520 593 3586 portare
603 3514 709 3572 labores
989 3517 1107 3575 humatis
1119 3515 1276 3590 facibusque
1290 3520 1319 3573 et
1333 3516 1459 3574 cornibus
1472 3533 1520 3575 ere
1535 3531 1695 3592 canentum.

142 3608 261 3666 Suhnixa
271 3604 385 3671 ceruice,
400 3603 481 3658 minis
490 3617 546 3659 nen
557 3603 668 3661 territus
689 3605 765 3679 ullis,
991 3608 1084 3665 Velius
1097 3617 1155 3663 erat
1169 3605 1284 3679 populus
1299 3607 1389 3663 evium
1399 3607 1433 3663 de
1446 3607 1548 3665 semine
1561 3621 1678 3686 sancte;

140 3695 227 3767 Quam
241 3694 293 3751 sibi
303 3694 413 3750 dehcias
428 3693 580 3765 multasque
593 3694 732 3753 remittere
746 3711 852 3770 poenas,
988 3697 1059 3754 Nam
1071 3696 1148 3752 tellus
1163 3694 1242 3753 varim
1251 3703 1344 3766 gentes
1357 3696 1478 3769 fuseque
1492 3713 1540 3769 per
1554 3699 1668 3776 erbem3

138 3788 191 3843 Pro
201 3798 357 3858 magnaque
371 3782 435 3850 iidc,
451 3797 500 3853 pre
511 3788 584 3838 tante
595 3782 680 3839 mirus
700 3796 802 3854 amere,
986 3785 1105 3843 Verbum
1120 3783 1193 3858 qued
1207 3782 1299 3851 nutrit,
1316 3785 1363 3841 sed
1379 3800 1430 3842 nex
1440 3789 1583 3845 estmertis
1596 3789 1703 3867 image,

137 3878 265 3936 Armatus
280 3872 378 3930 virtute
391 3871 443 3928 Dei
454 3870 586 3943 magnalia
599 3873 700 3946 gessit:
986 3874 1042 3933 Tau
1058 3874 1165 3947 signum
1178 3874 1277 3945 crucis,
1291 3882 1319 3931 et
1332 3890 1416 3932 ceruu
1429 3877 1563 3948 praecenie
1578 3879 1651 3950 vitae,
1674 3940 1677 3945 ,

137 3961 273 4023 Percussit
285 3967 393 4036 gentem
406 3959 507 4035 plagis,
522 3967 676 4032 terramque
687 3962 805 4035 reliquit,
986 3965 1173 4034 lucentesque
1182 3960 1256 4021 iaces
1270 3963 1298 4020 in
1313 3964 1441 4039 ulydiae,
1453 3965 1564 4038 spiritus
1577 3974 1679 4029 ardens

136 4052 286 4116 contundit
296 4064 391 4125 regern
405 4052 511 4118 durum,
528 4050 708 4125 populumque
718 4056 834 4125 reducit;
985 4053 1095 4112 Scilicet
1105 4053 1157 4110 hec
1177 4059 1308 4109 testamen
1323 4061 1381 4109 erat
1398 4055 1506 4111 virtutis
1519 4055 1621 4131 image,

136 4144 255 4206 Calcarit
267 4142 377 4210 fluctus,
391 4140 483 4202 hostes
492 4140 623 4200 demersit
635 4142 666 4199 in
680 4143 777 4216 undis;
945 4166 970 4244 n
984 4143 1046 4201 Non
1059 4143 1135 4217 priua
1146 4142 1270 4216 angelica
1279 4143 1377 4201 mertis
1392 4143 1448 4201 iera
1463 4146 1554 4216 preth
1566 4149 1652 4222 uinci,

136 4237 210 4296 Fecit
238 4250 334 4310 aquam
351 4232 458 4290 dulcem
473 4246 524 4306 per
536 4229 653 4306 hgnum,
667 4249 773 4307 semper
798 4249 929 4311 emeram
984 4232 1073 4304 Quam
1081 4230 1184 4306 popule
1192 4231 1302 4289 indocili
1314 4232 1413 4291 merite
1426 4249 1476 4291 sua
1488 4236 1569 4307 culpa
1583 4239 1693 4315 relicte,

136 4331 203 4389 Cum
219 4324 316 4383 Christi
329 4323 430 4399 pepule
443 4320 586 4381 manifeste
600 4324 686 4381 multa
700 4326 817 4395 loculus,
983 4319 1238 4396 Florentesqueiide
1251 4331 1344 4397 gentes
1356 4321 1385 4378 in
1395 4323 1475 4382 laude
1490 4333 1617 4399 recepte.

582 4560 588 4570 ,
820 4497 915 4563 Varie
935 4499 1091 4563 lectiones.

170 4612 231 4672 ¹²h
244 4611 324 4671 ebert
336 4625 383 4687 cp.
401 4606 493 4670 clerc
509 4606 533 4648 ¹⁸
547 4606 646 4665 Tantos
658 4604 777 4662 honores
793 4604 885 4667 euers.
901 4605 924 4646 ¹⁵
937 4605 1011 4664 Fece
1024 4606 1116 4664 Perti.

827 4728 1077 4796 Commentarius.

169 4847 225 4921 (ii)
236 4848 383 4919 Perfectus
396 4842 518 4900 leudeel
532 4839 688 4911 sleecelpa
700 4839 764 4904 Noc,
781 4846 832 4894 ele.
847 4837 929 4905 Quod
981 4842 1011 4891 ut
1035 4834 1194 4917 probatione
1215 4835 1345 4912 indigeat,
1370 4837 1448 4896 eliam
1466 4857 1549 4914 supra
1569 4850 1711 4900 ostensum
1738 4853 1777 4902 est

132 4921 167 4977 de
181 4923 240 4976 Nee
253 4918 343 4983 tradit,
364 4915 450 4985 magis
476 4928 537 4968 cum
559 4914 697 4980 scriptura
720 4909 855 4975 convenit,
882 4910 928 4964 ubi
981 4923 1015 4963 ex
1030 4908 1203 4974 Tertulliano,
1220 4910 1333 4977 Irenaeo,
1348 4924 1374 4969 et
1397 4913 1458 4967 aliis
1480 4914 1529 4968 lib.
1552 4914 1586 4970 de
1609 4917 1775 4992 Proescript

131 5008 192 5048 cum
211 4992 314 5062 legatur
330 5005 337 5043 ε
354 4988 449 5042 Erunt
468 4985 525 5040 dies
547 4985 665 5041 illerum
695 4985 811 5037 centem
826 4983 928 5053 viginti
980 4978 1044 5034 ede.
1065 4979 1137 5047 ber,
1151 4994 1212 5052 cap.
1236 4984 1280 5048 ee,
1302 4983 1367 5038 haer.
1389 4987 1434 5053 te,
1449 4983 1483 5041 dc
1504 4985 1606 5042 lsoeresi
1626 4988 1725 5054 lieret,
1745 5005 1777 5045 er

131 5076 284 5129 canerem,
322 5059 401 5114 tacite
430 5055 767 5126 interpreteturlemissis
798 5057 928 5108 duntaxat
981 5052 1139 5106 Graecorum
1165 5051 1325 5123 Alphabele.
1349 5054 1399 5111 hic
1422 5071 1489 5111 uere
1516 5065 1664 5141 prepterea
1682 5061 1777 5117 hecil·

131 5132 263 5197 leaenis,
279 5130 348 5188 iorte
367 5130 439 5202 qued
458 5127 487 5183 is
508 5141 617 5182 carmen
639 5135 766 5181 nontam
784 5125 927 5182 commode
981 5121 1027 5177 lud
1040 5120 1128 5205 alieri,
1144 5134 1174 5178 ut
1187 5123 1284 5193 probet
1307 5126 1457 5183 chcoecm
1473 5128 1500 5183 in
1514 5137 1604 5200 ngnra
1625 5131 1684 5188 Teu
1706 5130 1779 5206 sipm

129 5197 223 5279 pessel
233 5202 339 5274 reterri)
354 5202 387 5257 dc
411 5201 498 5274 spatie
512 5196 680 5272 poenitentiae
698 5195 789 5269 impiis
817 5198 925 5265 relicte,
979 5208 1073 5251 crecta
1089 5198 1250 5253 tercentena
1265 5199 1359 5270 equite
1369 5198 1425 5270 (ubi
1437 5201 1541 5271 accepit
1554 5201 1674 5272 equitem
1688 5203 1781 5258 merni-

128 5268 195 5336 dum
208 5275 297 5334 dicit:
979 5265 1134 5347 nisgralia,
1149 5269 1301 5348 preuemui
1323 5271 1418 5326 mihte.
1446 5270 1515 5326 Nam
1537 5271 1596 5327 les.
1621 5287 1662 5329 vn
1691 5280 1779 5332 seluta

221 5353 264 5407 Bis
281 5351 467 5420 quinquagenis
482 5365 566 5403 arcam
583 5349 629 5416 qui
645 5347 724 5400 texuit
748 5348 836 5401 unnim
979 5336 1078 5419 legitur
1092 5343 1126 5393 de
1141 5341 1175 5394 30
1191 5339 1263 5412 trus)
1279 5343 1413 5400 secuere
1424 5341 1593 5415 proedenrtm
1606 5359 1731 5404 acervos,
1741 5346 1779 5402 De

163 5420 220 5494 (la)
235 5421 372 5477 humenis
400 5419 457 5474 Teu
480 5417 577 5472 littere
603 5417 708 5484 Groecc,
732 5414 854 5471 etellee
875 5411 927 5469 sihi
980 5424 1035 5482 que
1048 5424 1071 5465 si
1111 5411 1199 5468 elec
1221 5411 1300 5483 plura
1314 5427 1397 5485 supra
1420 5415 1468 5472 lib.
1483 5428 1516 5470 ru
1540 5415 1650 5474 edem.
1679 5419 1775 5490 berc,

128 5493 193 5560 tuit,
219 5494 275 5550 Tea
290 5492 419 5547 litteram
440 5488 567 5545 Crucem
594 5485 745 5557 exprimere
772 5500 926 5543 numerem
980 5482 1076 5555 capi
1108 5492 1136 5538 ct
1149 5480 1198 5542 lib.
1219 5483 1359 5542 etledud.
1375 5499 1437 5558 cap.
1457 5490 1502 5543 ll.
1519 5490 1602 5561 Atqui
1619 5487 1776 5565 paulopost

128 5560 598 5635 tercentceemqued,piaeterquam
609 5555 681 5630 qued
695 5557 785 5615 notius
794 5557 829 5613 sit
842 5572 924 5630 quarn
979 5557 1120 5612 testamen
1129 5562 1241 5630 usurpat
1251 5556 1355 5615 Auctor
1373 5573 1422 5632 pre
1435 5563 1616 5619 uelamento.
