3840 6134
174 282 229 346 117
794 284 902 354 111111
926 283 1004 352 1111.
1026 283 1229 351 utaatoltatl.
1772 281 1826 347 318

170 412 219 471 sed
235 429 285 472 nec
304 411 369 470 alias
389 419 475 472 totum
503 413 625 473 ordinem
640 414 788 489 discipline
815 435 866 492 par
895 434 969 491 prm·
986 431 1009 514 Α
1025 417 1135 477 sortitus
1157 426 1198 475 est
1212 415 1325 474 sormam
1339 433 1391 493 qua
1422 425 1509 478 esset:
1533 425 1616 490 atquo
1640 413 1676 474 ita
1703 427 1758 470 non
1778 427 1825 468 na·

170 511 251 578 cepta
283 503 455 579 dispositum,
492 515 619 564 avocante
650 508 708 564 lleo
743 516 771 566 et
797 511 916 566 minante
944 521 972 566 et
1026 514 1087 564 tura
1110 508 1138 565 in
1165 507 1267 565 bonum
1298 504 1444 578 dispositus
1470 515 1521 574 est,
1553 505 1607 581 sad·
1635 501 1823 569 institutione,
1868 552 1878 569 ,

170 594 331 652 exhortante
357 593 393 662 ²³,
417 594 472 653 nisi
503 604 530 652 et
557 595 590 651 ad
609 595 770 669 obsequium
798 608 826 655 et
849 598 882 655 ad
901 612 971 657 eou-
1024 612 1080 654 non
1112 613 1190 655 suum
1212 599 1316 656 habens
1339 599 1427 655 bouus
1450 611 1517 663 esse,
1547 595 1612 669 qnia
1640 609 1694 651 non
1724 599 1820 649 natura

170 693 301 758 temptum
317 683 401 743 libero
415 694 442 741 ct
455 685 605 743 voluntario
624 687 728 743 bomini
743 689 777 742 ²⁸.
1024 687 1053 743 in
1066 688 1177 756 bonum,
1191 686 1338 760 dispositus
1351 694 1402 757 est,
1418 683 1466 743 sed
1481 685 1656 753 institutione,
1671 681 1819 740 secundum

487 825 553 883 CM,
1024 775 1201 835 institutorem
1230 779 1342 849 bonum,
1361 776 1464 834 scilicet
1491 776 1624 831 bonorem
1639 772 1817 829 conditorem.

555 827 653 886 UTVI’
1024 864 1060 924 Ut
1073 881 1138 939 ergo
1165 868 1267 923 bonum
1297 868 1352 937 jam
1375 881 1453 921 suum
1467 864 1580 920 haberet
1594 864 1684 926 horno,
1706 859 1824 915 emanci-

203 952 259 1010 Sed
274 950 444 1024 queniamex
457 953 578 1023 bociam
595 953 782 1028 intelligimur,
801 970 834 1011 eo
858 960 971 1012 111111111-
1024 962 1117 1028 patum
1140 955 1190 1012 sibi
1213 972 1230 1013 a
1252 957 1319 1025 Deo,
1348 963 1376 1011 et
1398 955 1476 1012 floret
1502 953 1653 1026 proprietas
1676 953 1731 1022 iarn
1755 948 1820 1006 boni

166 1050 209 1098 tes
239 1041 350 1097 liberam
389 1041 506 1097 bominis
532 1049 691 1113 potestatem
729 1043 832 1100 arbitrii
860 1045 912 1113 sui,
943 1051 971 1099 ut
1024 1043 1183 1116 innomine,
1199 1056 1227 1102 et
1248 1045 1446 1118 quodammodo
1469 1053 1574 1114 natura,
1599 1041 1633 1098 de
1654 1039 1823 1097 institutione

165 1131 242 1204 quod
271 1131 298 1188 ei
314 1132 415 1200 evcnit,
436 1150 490 1189 non
504 1134 570 1200 Deo,
601 1134 649 1190 sed
665 1133 717 1205 ipsi
744 1134 842 1192 debeat
862 1150 969 1207 expro-
1023 1134 1138 1206 ascripta
1152 1143 1192 1190 est
1205 1134 1245 1189 illi
1259 1133 1336 1205 quasi
1350 1135 1483 1204 libripens
1497 1135 1521 1173 ²⁹
1549 1129 1739 1204 emancipatio
1762 1129 1819 1184 Deo

166 1220 256 1289 brari;
281 1237 317 1276 ne
333 1230 361 1276 et
375 1229 403 1277 tu
426 1219 591 1280 29111111
614 1224 672 1294 jaan
697 1239 829 1297 opponas,
852 1240 906 1282 non
933 1225 970 1281 ita
1023 1224 1087 1280 boni
1102 1228 1168 1296 (11),
1184 1224 1294 1281 libertas
1308 1234 1335 1281 et
1354 1234 1473 1297 poteslas
1497 1221 1610 1286 arbitrii,
1637 1237 1696 1292 quae
1723 1218 1819 1276 el'tioe-

166 1309 244 1367 illmn
268 1310 374 1367 institui
388 1311 515 1368 debuisse
532 1313 556 1368 si
574 1312 682 1370 libertas
705 1322 732 1370 ct
758 1321 878 1387 potestas
892 1313 967 1369 arbi·
1024 1322 1063 1371 ret
1077 1314 1188 1383 bonum,
1204 1321 1234 1373 ut
1247 1314 1396 1386 proprium,
1407 1310 1494 1370 292
1511 1313 1568 1382 jam
1582 1318 1677 1382 sponte
1696 1307 1824 1382 praestari

167 1400 209 1455 trii
223 1399 344 1457 exitiosa
365 1399 451 1457 lutura
468 1410 556 1471 csset3
579 1402 630 1460 boc
652 1417 759 1477 quoque
780 1403 855 1476 prins
870 1403 967 1460 deien-
1021 1404 1055 1459 ab
1070 1402 1195 1473 homine,
1215 1403 1344 1475 quoniam
1358 1415 1386 1462 et
1398 1403 1451 1459 hoc
1479 1403 1547 1457 ratio
1567 1401 1695 1458 bonitatis
1722 1398 1818 1469 exigo-

167 1488 227 1544 dam
244 1489 283 1546 ita
301 1488 405 1547 institui
426 1491 564 1560 debuisse,
587 1507 641 1565 quo
660 1492 756 1550 lortius
768 1492 966 1558 commendem,
1022 1501 1063 1548 ret
1089 1491 1238 1548 rotunnrie
1256 1492 1430 1560 exercendum
1446 1506 1479 1546 ex
1507 1489 1629 1545 libertate
1646 1488 1749 1544 scilicet
1770 1503 1815 1540 ar·

167 1586 192 1632 et
207 1578 422 1647 itaiustitutum‚
442 1588 470 1635 et
489 1580 571 1651 digne
594 1581 651 1637 Deo
681 1581 843 1648 institutum,
862 1580 967 1653 potiore
1020 1581 1093 1655 bitrii
1121 1597 1175 1636 nen
1198 1579 1301 1639 iaveute
1328 1580 1487 1637 institutioni
1510 1579 1544 1647 ³0,
1575 1593 1631 1634 non
1657 1575 1813 1633 serviente:

168 1679 275 1727 ostensa
303 1685 335 1723 ea
359 1685 441 1725 causa
468 1686 528 1742 quae
552 1671 591 1727 ita
617 1669 679 1728 iecit
710 1671 823 1728 institui.
858 1672 967 1729 Bonitas
1020 1679 1051 1728 111
1073 1672 1109 1726 ita
1123 1671 1232 1726 demum
1259 1671 1349 1726 bonus
1370 1670 1531 1726 consisteret
1552 1669 1646 1739 homo,
1670 1667 1692 1722 si
1716 1680 1818 1722 secun·

168 1755 215 1812 Ilei
228 1764 257 1814 et
277 1758 346 1815 ratio
360 1761 421 1829 eins
447 1760 511 1817 huic
529 1776 636 1834 quoquc
663 1761 785 1819 instituto
808 1762 965 1833 patrocina-
980 1727 1004 1808 ⁸
1020 1759 1084 1816 dum
1106 1759 1301 1816 institutionem
1323 1757 1442 1831 quidem,
1471 1756 1520 1813 sed
1547 1772 1581 1813 ex
1607 1755 1746 1812 voluntate
1760 1756 1815 1823 jaan

170 1844 279 1915 buntur,
298 1848 324 1903 in
346 1848 474 1905 omuibus
499 1851 683 1923 conspirantes
701 1850 773 1923 apud
799 1852 885 1908 Deum
900 1867 966 1908 nos·
1019 1850 1107 1907 bonus
1129 1849 1302 1917 inveniretur,
1325 1848 1402 1921 quasi
1433 1849 1467 1903 de
1495 1845 1661 1918 proprietate
1694 1852 1815 1900 naturae:

174 1936 320 1992 trnm.llec
349 1938 418 1993 ratio
445 1938 518 1994 euim
541 1940 599 1996 sine
622 1941 740 1997 bonitate
764 1940 831 1997 ratio
850 1950 900 2007 est,
918 1957 966 1997 nec
1018 1939 1176 2011 proindent
1202 1947 1229 1997 et
1255 1946 1348 1996 contra
1372 1939 1472 1994 malum
1498 1937 1614 2006 (namet
1639 1934 1703 1991 illud
1723 1933 1816 2004 utique

172 2021 274 2079 bonitas
305 2025 364 2081 sine
392 2027 497 2084 ratione
537 2028 654 2097 benitas,
694 2028 746 2084 nisi
784 2029 854 2086 lente
882 2045 967 2102 penes
1018 2028 1091 2084 Dens
1115 2027 1283 2100 presidebat)
1311 2028 1334 2066 ³¹
1363 2026 1455 2084 lortior
1481 2026 1562 2081 horno
1586 2023 1764 2095 praetenderet
1779 2023 1817 2085 ³²,

169 2109 247 2167 deum
268 2112 416 2172 Marcionis
444 2118 514 2188 (te),
540 2117 735 2176 inrationaliter
758 2117 869 2183 bonum,
898 2119 969 2176 sicut
1019 2116 1088 2173 liber
1110 2117 1213 2173 scilicet
1244 2124 1271 2171 ct
1297 2132 1353 2172 suae
1382 2114 1538 2183 potestatis:
1564 2114 1637 2185 quia,
1667 2113 1689 2166 si
1716 2120 1819 2168 carent

167 2201 347 2259 ostendimus.
381 2203 532 2274 Oportebat
573 2206 659 2263 Deum
686 2208 829 2280 cognosci:
865 2207 966 2264 bonum
1019 2206 1139 2276 bocjnre
1153 2208 1221 2277 (11),
1243 2213 1272 2261 ut
1285 2207 1389 2262 bonum
1402 2220 1511 2278 quaeque
1530 2219 1583 2259 non
1604 2201 1741 2259 uoluntate
1756 2199 1819 2256 olri-

166 2288 325 2364 locutique
343 2301 372 2350 et
397 2295 535 2352 rationale.
560 2295 708 2367 Oportebat
733 2298 843 2370 dignum
863 2297 965 2370 aliquid
1019 2301 1069 2361 ret,
1084 2295 1130 2349 sed
1155 2294 1323 2362 necessitate,
1352 2292 1514 2366 usurpabilis
1539 2292 1622 2348 ctiam
1650 2290 1720 2346 malo
1741 2288 1815 2344 lutu-

164 2392 233 2446 mae,
251 2382 332 2454 qnod
360 2385 447 2442 Deum
474 2394 671 2457 cognosceret:
695 2389 760 2460 quid
778 2397 832 2443 tarn
853 2388 964 2460 dignum
1018 2399 1065 2439 rus
1093 2393 1165 2440 esset
1188 2399 1219 2438 ex
1236 2381 1387 2438 infirmitate
1402 2381 1515 2447 seruitii,
1542 2379 1654 2451 preinde
1682 2385 1709 2435 et
1742 2377 1812 2432 malo

164 2471 279 2542 prospici
296 2482 400 2543 posset,
414 2490 495 2548 quam
507 2477 599 2548 imago
613 2477 662 2534 Dei
677 2485 704 2533 et
718 2477 866 2534 similitudo
886 2478 963 2548 (21111
1018 2471 1090 2529 sicut
1114 2474 1185 2529 bono
1206 2472 1330 2527 laurentus.
1353 2471 1420 2526 Tota
1448 2485 1512 2541 ergo
1540 2470 1649 2524 libertas
1671 2467 1773 2523 arbitrii
1788 2466 1816 2520 io

165 2556 406 2635 bacclianum,
435 2566 492 2621 sinc
512 2567 606 2634 dubio,
635 2574 662 2623 et
680 2566 820 2624 rationale.
848 2564 965 2639 Operte-
1019 2569 1160 2633 utramque
1184 2574 1287 2632 partem
1311 2574 1439 2615 concessa
1469 2565 1510 2614 est
1535 2558 1583 2630 illi,
1613 2565 1642 2613 ut
1664 2556 1706 2613 sui
1727 2556 1817 2612 dorni-

166 2647 205 2704 bat
229 2650 320 2722 igitur
346 2653 491 2726 imaginem
521 2664 547 2711 et
575 2656 777 2712 similitudinem
798 2656 857 2723 Dei,
888 2655 964 2711 liberi
1018 2667 1069 2707 nus
1083 2657 1238 2707 constanter
1264 2658 1427 2716 occurreret,
1452 2657 1479 2705 ct
1506 2647 1577 2703 bono
1593 2655 1815 2718 sponteserran-

167 2739 264 2794 arbitrii
282 2749 310 2797 et
326 2757 384 2798 suae
398 2747 536 2813 potestatis
550 2745 665 2814 institui,
682 2745 710 2801 iu
729 2762 783 2817 qua
797 2746 850 2802 hoc
864 2746 963 2817 ipsum,
1017 2740 1064 2809 do,
1080 2751 1106 2796 et
1119 2741 1190 2796 malo
1215 2749 1313 2812 sponte
1335 2738 1461 2796 vitnrrdo:
1485 2737 1612 2809 quonlam
1627 2745 1654 2791 et
1680 2734 1747 2790 alias
1764 2749 1813 2805 po-

165 2822 252 2899 imago
268 2836 298 2883 et
313 2828 461 2887 similitudo
480 2832 530 2887 Dei
552 2834 744 2906 deputaretur:
765 2835 867 2892 arbitrii
890 2833 964 2890 seili-
1018 2829 1100 2885 situm
1125 2829 1320 2885 borninemsub
1344 2825 1448 2898 judicio
1462 2826 1520 2892 Dei,
1550 2827 1692 2896 oportebat
1712 2824 1817 2894 justum

166 2916 203 2961 oet
220 2909 334 2964 libertas
348 2921 375 2966 et
398 2919 535 2982 potestas:
555 2913 582 2968 iu
598 2929 678 2984 quam
694 2931 750 2971 rem
772 2930 803 2971 ea
818 2914 966 2971 substantia
1020 2917 1085 2972 illud
1112 2916 1220 2974 cltieore
1250 2919 1307 2987 (23)
1336 2917 1369 2971 de
1402 2914 1505 2971 arbitrii
1525 2914 1566 2970 sui
1596 2913 1711 2980 meritis,
1739 2911 1815 2967 liberi

169 2993 267 3052 bomini
289 3001 493 3057 accommodata
513 3010 564 3070 est,
593 3018 655 3074 quae
682 3005 764 3072 huius
777 3013 862 3060 status
877 3012 963 3070 esset,
1018 3005 1129 3063 scilieet.
1155 3006 1295 3074 Caeterum,
1316 3021 1366 3061 nee
1386 3005 1450 3059 boni
1474 3020 1523 3061 nec
1549 3003 1611 3059 mali
1633 3017 1738 3060 merces
1752 3003 1813 3070 jaare

173 3081 278 3140 albatus
302 3085 359 3152 bei,
393 3088 487 3159 urique
514 3090 592 3146 liberi
616 3098 643 3145 et
666 3107 722 3146 suae
738 3091 892 3163 potcstatis.
908 3091 962 3147 Sed

173 3179 196 3226 at
217 3172 285 3229 alias
298 3175 372 3247 quale
394 3188 452 3234 erat
479 3190 508 3234 ut
523 3179 605 3235 totius
633 3180 726 3235 mundi
746 3180 888 3252 possidens
910 3181 962 3236 ho·

171 3276 219 3328 mo,
238 3278 292 3319 non
313 3265 340 3320 in
363 3267 458 3335 primis
472 3267 554 3323 animi
576 3268 617 3323 sui
641 3269 812 3339 possessione
827 3277 961 3343 regnarat,

170 3351 279 3408 aliorum
301 3353 438 3423 dominus,
470 3357 512 3411 sui
547 3356 684 3414 lamnlus‘l
710 3358 800 3415 Habes
826 3358 910 3432 igitur
936 3367 963 3414 et

170 3441 312 3498 bonitatem
328 3444 379 3500 llei
393 3461 538 3519 agnoscere
559 3462 593 3502 ex
608 3447 772 3519 dignatione,
788 3458 815 3504 et
828 3449 962 3504 rationem

170 3533 400 3604 radispositione.
416 3535 479 3591 Sola
502 3552 573 3592 nunc
596 3537 701 3592 bonitas
728 3539 962 3609 deputatumque

172 3625 263 3675 autern
273 3623 379 3677 bomini
404 3625 499 3695 largita
514 3626 558 3691 sit,
573 3625 600 3680 id
624 3637 666 3682 est
679 3626 782 3682 arbitrii
793 3625 946 3682 libertatem

174 3705 241 3763 llud
256 3710 311 3764 sibi
330 3711 398 3767 ratio
414 3713 538 3769 defendat
553 3714 581 3769 in
604 3715 739 3784 ejusmodi
753 3715 960 3772 institutionem.

175 3793 227 3851 llam
252 3799 342 3855 bonus
366 3809 462 3857 natura
484 3804 557 3858 Deus
584 3804 661 3859 solus
690 3803 800 3873 (11111111.
822 3820 886 3870 xix,
903 3808 960 3877 17).

176 3881 216 3952 tat
227 3888 302 3942 enim
317 3890 393 3960 quod
407 3891 514 3945 estsine
528 3891 603 3947 initio
616 3893 707 3960 habet,
724 3907 778 3948 uon
792 3891 961 3949 institutione

178 3968 243 4030 habet
272 3975 350 4041 illud,
375 3977 422 4032 sed
450 3986 553 4034 natura.
583 3981 672 4038 Homo
699 3989 787 4037 autern
811 3982 858 4053 qui
889 3991 962 4038 totus

180 4075 205 4118 er
227 4065 395 4123 institutione
430 4078 479 4134 est,
514 4069 617 4125 liabens
647 4070 764 4138 initium,
796 4086 855 4127 cum
885 4072 961 4126 initio

1019 3103 1174 3167 pensaretur
1189 3093 1215 3148 ei
1229 3094 1275 3164 qui
1303 3103 1350 3149 aut
1372 3094 1461 3149 bonus
1480 3101 1526 3149 aut
1553 3093 1640 3147 malus
1655 3091 1814 3147 necessitate

1018 3178 1114 3235 luisset
1130 3181 1265 3248 inuentus,
1283 3197 1335 3236 non
1359 3181 1503 3237 voluntate.
1528 3181 1557 3234 ln
1572 3181 1626 3235 lroc
1639 3187 1666 3234 ct
1689 3180 1731 3234 lox
1746 3193 1814 3234 con-

1017 3268 1109 3323 stituta
1127 3280 1180 3338 est,
1196 3286 1249 3326 nen
1273 3270 1494 3338 eurimedusae
1519 3268 1640 3340 probans
1662 3266 1814 3321 libertatem

1016 3358 1050 3413 dc
1065 3359 1197 3433 obsequio
1217 3368 1312 3431 sponte
1341 3359 1505 3431 praestando,
1529 3357 1573 3414 vel
1603 3355 1814 3428 transgressione

1017 3459 1114 3520 sponte
1142 3450 1345 3520 committenda3
1371 3450 1407 3504 ila
1434 3449 1623 3518 inuisumque
1650 3446 1750 3501 exitum
1781 3443 1813 3496 li-

1016 3538 1106 3594 bertas
1121 3542 1207 3612 patuit
1220 3539 1333 3596 arbitrii.
1348 3539 1443 3610 Igitur,
1464 3538 1488 3593 si
1515 3546 1541 3594 et
1568 3534 1674 3591 bonitas
1693 3541 1720 3588 et
1749 3531 1816 3588 nario

1016 3627 1066 3683 Dei
1091 3629 1225 3685 invenitur
1257 3629 1328 3684 circa
1355 3629 1506 3684 libertatem
1531 3624 1634 3680 arbitrii
1658 3637 1814 3678 concessant

1016 3718 1129 3787 bomini,
1146 3733 1199 3774 non
1222 3726 1338 3791 oportet,
1360 3717 1461 3773 omissa
1488 3716 1574 3785 prima
1593 3710 1750 3770 defiuitione
1764 3712 1813 3766 be·

1016 3806 1201 3877 nitatisatque
1219 3806 1329 3863 rationis
1360 3822 1420 3879 quae
1444 3812 1505 3860 ante
1537 3817 1645 3859 omnem
1674 3806 1812 3857 tractatum

1016 3894 1201 3952 constituenda
1231 3905 1282 3962 cst,
1311 3905 1373 3967 post
1396 3894 1476 3950 iactis
1499 3891 1676 3964 prejudicare
1702 3905 1756 3945 non
1779 3890 1815 3944 ita

1016 3984 1105 4038 Deum
1120 3984 1259 4042 instituere
1287 3984 1413 4040 dauniae
1436 3984 1498 4056 quia
1517 3981 1595 4038 aliter
1622 3997 1702 4053 quam
1731 3981 1813 4034 Deum

1016 4072 1233 4144 deceretevasit3
1267 4076 1313 4131 sed
1338 4074 1459 4144 dispecto
1478 4071 1540 4145 quia
1570 4071 1607 4127 ita
1634 4069 1759 4126 debuerit
1787 4069 1813 4122 in

855 4194 951 4256 Variae
972 4198 1128 4258 lectiones.

200 4284 224 4364 ,ῃ
237 4289 271 4344 Et
296 4294 832 4358 1111111111.1111111111111111111.18
856 4301 971 4356 Homine
988 4303 1094 4357 Potrici.
1116 4302 1209 4357 l'ertct.
1230 4301 1254 4338 ²⁹
1280 4300 1436 4372 Libripcnse
1456 4303 1544 4359 libera.
1576 4299 1686 4358 otertt.
1716 4299 1741 4338 ³⁰
1768 4300 1814 4352 ln-

181 4360 309 4419 stnutionis
332 4368 438 4423 Pomel.
467 4370 568 4424 arbitrii
593 4371 697 4427 favente
721 4371 881 4427 institutioni
910 4375 1040 4432 Wouwar.
1056 4372 1179 4443 arbitril;
1201 4387 1263 4427 nana
1287 4371 1391 4428 favente
1413 4373 1572 4430 institutioni
1596 4373 1699 4445 conjio.
1727 4372 1813 4427 Serrrl.

181 4424 198 4464 ³¹
210 4433 311 4491 Utudd.
330 4439 414 4495 Semi.
430 4440 538 4496 (lbertb.
556 4442 580 4480 ³²
595 4443 767 4499 Pertcnderet
780 4445 847 4498 11111.

860 4564 1111 4633 Commentarius.

203 4663 253 4733 (11)
272 4667 358 4747 Penes
376 4669 459 4750 deuna
480 4669 637 4739 ilorciorris,
658 4676 709 4727 etc.
725 4669 863 4726 Ridiculus
882 4671 959 4752 vide·
975 4686 1000 4764 0
1014 4673 1230 4744 mancipationis.
1250 4674 1316 4744 Eius
1339 4672 1453 4756 lormula
1475 4679 1562 4756 exstat
1580 4670 1649 4742 apud
1673 4668 1816 4753 Boethium

176 4727 242 4788 batur
256 4739 387 4807 Marcion,
406 4756 450 4810 qur
466 4741 523 4796 haec
546 4742 603 4798 Deo
626 4742 795 4812 denegando,
811 4741 959 4814 dequibus
1014 4745 1041 4799 in
1066 4748 1097 4802 To
1119 4747 1227 4804 londin.
1243 4747 1352 4802 11111-
1364 4747 1448 4816 Quen
1464 4744 1597 4816 labnperar
1618 4744 1816 4821 emancipatio

174 4804 324 4878 modoegit,
342 4810 636 4869 Denmiaciatbonum
663 4813 793 4868 rationem
815 4813 840 4869 ci
868 4816 959 4868 detra·
1012 4817 1067 4873 Deo
1094 4765 1168 4875 iuni.
1192 4819 1340 4874 Translatio
1366 4820 1433 4883 lraec,
1462 4830 1542 4889 quam
1572 4805 1679 4868 adhibet
1708 4826 1814 4879 opere,

173 4870 316 4934 hendoln
332 4883 380 4935 Pa.

187 4946 365 5031 (1111111191
390 4954 586 5012 cttimililudo
611 4956 669 5022 Dei,
696 4964 747 5011 etc.
769 4954 860 5080 Longe
885 4955 962 5011 aliter

170 5014 217 5084 hro,
246 5021 402 5092 lmoprnem
435 5029 463 5079 ct
485 5026 707 5084 sirrrilitudirrem
731 5029 826 5090 Deio
881 5042 961 5098 quam

166 5084 297 5146 lactescat
314 5093 405 5158 bomo,
431 5096 628 5166 interpretatur,
645 5113 724 5170 quam
748 5097 811 5152 alrbi
825 5098 920 5168 soleat,
936 5108 961 5154 et

124 5179 133 5199 0
165 5162 314 5240 praesertim
336 5164 381 5218 lib.
398 5165 432 5220 de
446 5168 598 5248 baptismo,
617 5185 677 5240 cap.
693 5172 719 5234 5,
739 5170 784 5224 nlri
808 5169 842 5225 de
856 5184 888 5224 eo
908 5170 960 5224 ali-

164 5232 220 5301 111111
245 5235 538 5303 adnotarimus,s1cut
564 5241 655 5308 etiam,
682 5241 817 5312 quomodo
854 5242 961 5295 atilatns

164 5303 207 5359 Dei
238 5306 344 5381 dicatur
358 5308 457 5377 anima,
482 5310 595 5367 ibidem.
615 5313 685 5367 Paua.

174 5443 179 5453 Ι
195 5378 253 5443 (11)
270 5377 359 5445 Quasi
370 5381 504 5453 libripens
513 5384 689 5450 emancipati
703 5400 720 5438 o
735 5383 875 5441 [leoboni.
890 5383 961 5437 Aba·

162 5442 270 5504 imitatio
298 5465 391 5506 rerum
418 5455 547 5523 mancipi,
569 5469 630 5525 quae
656 5453 758 5509 scilicet
777 5455 839 5523 jure
859 5457 962 5525 optimo

160 5516 254 5575 baberi
269 5534 302 5575 aa
325 5522 460 5592 possideri
475 5532 635 5594 potuerant,
650 5522 731 5580 fiebat
753 5542 800 5596 per
815 5542 853 5579 aas
875 5535 903 5581 et
926 5526 962 5579 li·

164 5588 250 5648 bram.
271 5592 573 5668 *Itaqucuadhibebatur
600 5596 728 5668 libripens
757 5599 834 5667 quasi
862 5596 961 5654 arbiter

1017 4886 1130 4943 sumitur
1157 4891 1192 4944 ab
1223 4890 1447 4959 emancipatione,
1467 4902 1528 4960 quar
1551 4882 1707 4957 imaginaria
1721 4881 1817 4937 vendr-

1016 4958 1053 5013 tio
1078 4968 1144 5027 erat,
1161 4962 1295 5032 fiebatque
1318 4978 1366 5033 per
1387 4976 1424 5014 aes
1446 4967 1472 5013 et
1500 4958 1606 5025 libram,
1624 4959 1673 5012 laur.
1686 4965 1728 5010 est
1742 4969 1813 5025 prau-

1016 5030 1133 5086 sentibus
1142 5032 1261 5103 quinque
1271 5033 1381 5087 testibus
1396 5040 1422 5085 et
1437 5030 1596 5100 libripendo.
1615 5028 1652 5082 La
1667 5028 1718 5082 Pa.

1051 5101 1107 5173 (11(
1130 5103 1238 5170 01111111
1252 5107 1363 5159 careret
1376 5101 1426 5159 lroc
1437 5104 1514 5173 juro.
1540 5103 1603 5156 illira
1631 5105 1814 5155 correctorum

1015 5174 1151 5243 uarietas;
1170 5179 1292 5247 caperet,
1314 5178 1417 5232 oneret.
1448 5173 1546 5233 obiret.
1572 5172 1669 5234 obiret,
1686 5174 1809 5239 cuperet,

1016 5255 1158 5316 reponunt,
1176 5245 1310 5300 etmclius
1334 5244 1400 5318 legit
1425 5244 1555 5315 Rigultius
1573 5240 1811 5321 eormredum.

1051 5317 1107 5387 (13)
1123 5317 1272 5391 Oportebat
1278 5319 1393 5390 justum
1408 5316 1482 5373 illuct
1493 5315 1615 5386 efficere.
1640 5313 1713 5367 Facit
1730 5318 1811 5363 atrurn

1016 5388 1155 5444 locusislc
1172 5389 1339 5460 promeritis
1367 5403 1491 5459 operum,
1521 5387 1630 5440 sicelet
1656 5381 1722 5436 illud
1740 5379 1814 5449 qurod

1014 5461 1155 5588 aruritae:
1174 5463 1316 5519 ceterum
1330 5477 1381 5517 nee
1395 5459 1459 5518 bortt'
1474 5474 1526 5519 trec
1540 5457 1612 5513 anuli
1629 5466 1745 5516 marnes,
1758 5458 1811 5507 ctu.
