3840 6134
129 283 194 344 titt
659 275 824 337 APPBNDIX
844 277 865 335 l.
884 302 920 319 -

939 269 1015 332 ADV.
1038 270 1241 332 MARCIONEM.
1707 272 1776 333 titt

126 411 198 483 Lege
211 408 285 465 dedit
299 407 436 475 Pssebam,
450 405 571 480 gaudens
584 410 663 477 atque
674 403 796 459 immolet
805 415 916 476 agnum.
935 413 959 493 g
975 396 1129 454 Consimilis
1144 398 1255 467 patitur,
1277 405 1442 467 quapropter
1456 394 1554 451 dieitur
1566 411 1671 469 ugnus;

125 501 159 556 Et
178 497 274 570 reliqui
293 495 384 569 magni
399 511 479 568 reges
492 493 629 565 sanctique
641 492 790 564 prophete,

126 589 187 643 Non
200 589 355 662 ignorantes
368 592 448 640 certae
462 583 594 656 promissa
611 581 716 652 salum,

127 678 329 750 lugentemque,
345 681 417 730 metu
432 675 516 745 pleni,
533 672 724 730 transcendere
739 670 838 744 legem,

128 767 269 821 Venturam
285 779 399 819 summae
413 762 520 818 virtutis
533 760 653 834 imagine
667 759 779 829 molem,
807 787 810 794 ·

127 855 303 925 lnspeetame
317 853 427 925 speculo
442 852 609 909 celebrarunt
616 848 710 906 ordine
720 847 861 904 Pascham.
890 918 891 921 Ἴ

128 943 263 1015 Denique,
280 941 303 996 si
322 940 404 997 celeri
423 939 572 1012 primordia
585 946 674 994 mente
693 950 826 1000 mcurras,

130 1033 255 1088 invenies
274 1029 381 1086 lunesto
401 1028 494 1098 nimis,
514 1036 575 1099 post
593 1025 674 1096 impia
692 1025 797 1080 verba:

128 1119 269 1188 Credulus,
286 1116 354 1174 beul
371 1117 449 1172 iacile
468 1116 584 1171 nudatus
599 1115 718 1186 tegmine
733 1113 803 1182 vitae,

128 1207 244 1264 Pellibus
262 1216 291 1264 ut
304 1213 441 1277 tegeretur
458 1205 552 1270 bomo,
567 1200 741 1275 suspenditur
754 1216 853 1274 agnus,

129 1301 181 1354 tut
195 1306 307 1369 peccata
321 1303 408 1363 necet,
421 1300 470 1351 ant
483 1292 615 1366 sangnine
625 1290 721 1348 funera
736 1289 819 1361 delet,
905 1287 907 1292 ’

130 1389 182 1443 Aut
191 1385 296 1457 coperit
310 1385 408 1450 nudos,
426 1382 497 1440 fovet
511 1390 557 1438 aut
570 1397 621 1439 suo
635 1380 734 1439 vellere
747 1380 846 1437 vulnus
859 1379 925 1452 (³6),

129 1478 191 1533 Non
210 1473 315 1547 pecoris
330 1472 442 1545 sanguis
458 1474 577 1528 humano
595 1470 726 1544 sanguine
740 1470 835 1542 pluris,

130 1567 165 1622 Ut
184 1580 234 1638 pro
249 1562 365 1634 peccatis
382 1562 488 1618 oblatus
502 1560 610 1617 dirimat
622 1561 697 1626 iram,

130 1658 184 1712 Aut
202 1654 293 1710 multae
311 1651 407 1724 plebis,
423 1652 505 1708 veluti
524 1650 547 1706 si
561 1651 668 1706 ulterior
686 1665 781 1723 egram.

131 1743 265 1799 nuntium
278 1741 405 1805 immane,
421 1747 502 1794 tantae
520 1739 602 1795 tutela
617 1739 722 1810 salutis,

132 1830 245 1888 Oblatas
260 1827 347 1898 potuit
365 1826 481 1898 pretium
497 1827 563 1883 setis
577 1842 639 1883 esse
657 1827 804 1900 redemptis
815 1830 838 1885 ⁸.
880 1862 884 1869 »

131 1922 166 1974 At
180 1919 253 1973 Deus
267 1915 450 1987 omnipotens,
466 1915 528 1972 coeli
542 1923 674 1990 terreque
688 1925 804 1992 creator,

132 2009 292 2075 immensus,
308 2004 399 2077 mnus,
415 2004 560 2079 perlectus,
574 2003 635 2062 lnce
649 2005 787 2078 perennis,

132 2096 179 2152 llis
193 2110 248 2151 non
262 2095 393 2167 placatur,
414 2094 548 2167 pecudum
568 2110 654 2168 noque
667 2096 800 2171 sanguine
819 2098 929 2172 gaudet.

132 2184 230 2241 Omnia
243 2190 396 2239 mactentur
409 2199 517 2256 pecora,
538 2200 604 2257 grex
623 2186 712 2242 omnis
726 2187 753 2243 in
769 2204 829 2245 aras

132 2276 284 2340 Deoremet,
303 2279 334 2326 ut
348 2272 454 2326 venium
469 2273 510 2329 vel
527 2273 628 2343 peecati
643 2273 735 2346 expiet
749 2292 839 2332 uuus:

132 2365 306 2437 Nequaquam
321 2360 429 2416 Domini
445 2361 553 2433 sapiens
566 2362 700 2420 maculata
715 2361 810 2435 ligura,

134 2455 200 2510 Tam
214 2450 259 2507 rili
275 2448 363 2522 pretio
377 2464 440 2506 caro
455 2449 524 2505 loeda
539 2449 643 2519 paravit
654 2451 785 2519 bonores;

134 2543 186 2600 Sed
196 2556 259 2614 spes
271 2551 298 2597 et
311 2541 444 2613 promissa
457 2538 525 2594 fides
537 2539 698 2595 mortalibus
711 2541 785 2609 olim,

136 2634 199 2689 liaeo
212 2635 323 2702 operata
338 2629 410 2695 tulit,
425 2643 529 2702 magnae
543 2628 655 2684 rationis
670 2630 770 2704 imago,

135 2719 321 2776 Praemeditata
335 2718 431 2784 Patris,
447 2716 530 2770 nimia
543 2717 645 2790 pietate
663 2729 754 2790 parata

134 2810 285 2867 Venturum
299 2806 434 2865 Christum
449 2805 538 2871 terris,
553 2805 745 2880 hominemque
760 2809 894 2880 iuturum;

138 2899 227 2970 Quem
240 2896 327 2956 abunt
345 2897 473 2964 loannes,
489 2894 615 2967 baptismi
629 2897 733 2967 primus
747 2910 868 2974 apertur,

136 2989 168 3044 lit
177 2996 269 3044 vatum
285 2986 386 3052 socius,
402 3000 509 3041 necnon
523 2991 550 3040 et
564 2987 703 3056 apostolus
717 2987 824 3064 ingens,

138 3078 291 3134 Praecursor
303 3077 401 3131 missus
415 3081 517 3142 certus,
534 3073 662 3146 testisque
675 3073 772 3146 fidelis,

138 3170 277 3239 Augustus
292 3165 355 3235 rita,
368 3163 475 3219 sublimi
490 3163 571 3218 leude
585 3172 701 3234 notatus,

138 3257 210 3314 Olim
225 3256 325 3312 Pascha
340 3253 401 3327 Dei,
413 3269 507 3311 verum
520 3253 704 3324 querentibus
716 3271 827 3330 agnum,

139 3345 262 3401 Ostendit
280 3344 389 3399 tandem
405 3341 521 3411 venisse,
536 3341 641 3414 piacula
654 3342 724 3418 lacti,

140 3434 193 3504 Qui
206 3434 302 3490 delicta
313 3446 363 3489 suo
379 3431 522 3487 multorum
537 3433 667 3502 sanguine
681 3434 777 3491 solvet.

138 3524 192 3580 Pro
210 3523 333 3595 reprobis
348 3522 460 3594 probus,
475 3528 504 3574 et
514 3520 623 3586 charus,
643 3536 691 3592 pro
704 3521 803 3580 vilibus
817 3541 897 3596 unns,

139 3611 259 3684 Corpore
272 3611 354 3667 bomo
373 3610 481 3680 vitaque
493 3609 577 3676 Deus,
593 3618 724 3666 mactatus
738 3619 769 3669 ut
782 3629 879 3686 agnus,

140 3702 279 3772 Acciperet
294 3715 345 3756 nos
360 3709 386 3755 et
398 3698 478 3754 nobis
492 3713 522 3754 se
536 3698 691 3757 effunderet
704 3700 802 3773 ipsum.
843 3704 934 3776 [botru

141 3789 253 3848 1066
266 3790 312 3847 Sic
330 3788 429 3861 placuit
444 3788 560 3845 Domino
573 3797 687 3845 mortem
703 3792 820 3862 spoliare
836 3810 935 3867 super·

140 3881 185 3938 Sic
205 3882 302 3953 poterit
320 3877 488 3936 miserandus
504 3879 584 3934 bomo
599 3893 707 3949 sperare
722 3882 846 3942 satutem.

138 3973 218 4028 Hunc
231 3971 361 4026 Pascham
375 3970 471 4026 Paulus
487 3977 629 4026 mactatum
642 3969 771 4041 predicar
780 3988 899 4046 agnum3

139 4062 196 4119 Nec
208 4060 312 4133 speeies
330 4059 437 4116 Domini
452 4059 558 4132 pecoris
572 4058 695 4116 sublimis
709 4060 803 4118 inertis

975 487 1028 542 Sed
1043 487 1106 560 quis
1120 486 1226 542 ianities
1244 492 1370 542 renovata
1384 483 1442 541 bec
1456 499 1570 557 corpora
1583 485 1674 560 restit,

976 577 1027 630 Dat
1040 575 1158 647 tegimen
1172 573 1275 639 multis,
1291 589 1410 645 unquam
1425 588 1476 630 nac
1489 572 1582 630 delicit
1596 575 1666 648 ipse.

1284 731 1398 785 CAPUT
1418 730 1464 787 tv.

1013 854 1056 911 Sic
1064 850 1299 910 Dominnsrirtute
1310 850 1479 923 Patris,quos
1490 859 1575 910 morte
1586 855 1777 932 redemit(37)‚

977 944 1080 999 Erotos
1094 957 1143 998 sna
1156 941 1216 998 luce
1230 942 1306 1012 tegit,
1322 955 1383 1012 qnae
1396 954 1504 1012 semper
1518 943 1545 998 in
1561 943 1607 1000 illo
1621 954 1672 1003 est.
1805 944 1809 958 ¹

979 1032 1052 1105 Ergo
1067 1032 1162 1087 Pastor
1175 1044 1253 1087 orem
1268 1029 1315 1102 qui
1330 1027 1455 1100 perdidit,
1473 1030 1531 1101 ipse
1547 1033 1669 1107 requirit.

979 1123 1004 1176 ls
1017 1120 1101 1176 robur
1119 1118 1264 1191 spinasque
1287 1133 1348 1173 utre
1366 1118 1469 1174 calcare
1482 1129 1604 1190 paratus,

979 1206 1034 1264 Ant
1048 1208 1150 1264 rabiem
1169 1222 1297 1279 superare
1312 1205 1378 1277 lupi,
1394 1208 1584 1281 pecudumque
1598 1212 1689 1284 potiri.

979 1298 1090 1369 Eripere
1100 1297 1187 1368 sortis,
1203 1294 1365 1369 contemptis
1379 1294 1505 1352 dentibus
1519 1297 1600 1369 ultro,

979 1386 1103 1457 Objectat
1117 1402 1177 1443 sese
1192 1388 1233 1442 leo
1249 1385 1319 1458 pelle
1339 1387 1461 1443 obtectus
1480 1386 1555 1456 ovili,

980 1477 1126 1547 Decipiens
1141 1475 1242 1547 babitu,
1264 1485 1391 1546 rapturus
1404 1475 1537 1548 sanguine
1551 1476 1653 1537 lances.

981 1567 1066 1621 Adam
1080 1565 1107 1620 vi
1121 1571 1230 1636 captum
1244 1563 1284 1618 sie
1296 1563 1394 1634 quaerit
1408 1564 1531 1620 Christus
1546 1567 1659 1640 ubique,

981 1658 1042 1728 lpse
1056 1655 1126 1713 siam
1142 1651 1344 1726 gradiensque
1363 1667 1437 1708 mors
1451 1662 1560 1725 operata
1579 1658 1684 1714 ruinam
1703 1670 1745 1717 est

983 1743 1080 1802 Omnia
1094 1744 1261 1816 perlustrans
1274 1750 1398 1796 veterum
1409 1754 1583 1799 monumenta
1596 1745 1725 1820 virorum,

945 1808 968 1886 fl
982 1833 1095 1907 Singula
1109 1830 1283 1905 perspiciens,
1302 1828 1437 1901 exemplis
1452 1830 1579 1887 omnibus
1594 1850 1672 1908 unus,

983 1927 1024 1982 Ex
1039 1931 1116 1980 utero
1134 1920 1270 1993 incipiens
1283 1918 1417 1975 inimicam
1432 1919 1568 1989 expellere
1584 1931 1708 1993 mortem,

984 2015 1128 2084 Conceptae
1141 2008 1221 2066 simul
1235 2009 1262 2063 in
1276 2008 1380 2080 gremio
1395 2023 1459 2064 com
1472 2008 1575 2066 semiue
1588 2012 1676 2069 carnis

984 2105 1087 2161 AEtntes
1107 2114 1201 2156 omnes
1216 2097 1294 2154 tacita
1308 2097 1440 2170 sapientia
1454 2098 1584 2170 lustrans,

985 2190 1081 2248 Debita
1093 2185 1255 2261 suscipiens,
1274 2191 1388 2242 cunctos
1402 2185 1534 2242 mundare
1549 2195 1670 2261 paratus,

984 2280 1109 2338 Reddere
1121 2275 1217 2332 factori
1231 2275 1343 2340 maltos,
1359 2288 1428 2347 qnos
1446 2287 1581 2347 sparserat
1601 2296 1681 2337 unus.

984 2369 1020 2424 Es
1037 2367 1100 2442 quia
1113 2363 1240 2421 terribilis
1254 2368 1335 2435 pateo
1350 2361 1489 2419 demersus
1502 2363 1594 2438 iniquo

985 2456 1032 2511 Vir
1045 2454 1153 2520 cecidit,
1168 2453 1253 2508 suasit
1271 2450 1349 2523 virgo
1364 2449 1495 2507 subducta
1510 2454 1627 2512 dracoue
1638 2476 1649 2524 ;Ἰ

984 2543 1104 2602 Consilio
1118 2542 1227 2614 placuit,
1247 2551 1355 2612 tegmen
1374 2539 1485 2596 coeleste
1499 2542 1620 2615 reliquit;

985 2634 1085 2707 Arguit
1096 2633 1147 2688 hos
1161 2631 1268 2703 lignum
1284 2629 1382 2695 nudos,
1400 2643 1473 2685 mors
1487 2640 1546 2686 ntra
1559 2635 1656 2705 coegit,

985 2723 1023 2778 Ex
1042 2719 1136 2776 eudem
1151 2732 1240 2773 massa
1255 2716 1336 2772 simili
1352 2718 1454 2772 ratione
1467 2719 1564 2774 relecta

984 2811 1042 2865 Jant
1062 2814 1200 2871 renovata,
1215 2803 1286 2860 redit
1298 2801 1350 2858 ilos
1363 2802 1463 2870 carnis,
1479 2812 1506 2860 et
1520 2807 1626 2879 hospita
1644 2810 1729 2883 pacis,
1757 2862 1761 2869 .

992 2896 1109 2970 Virgine
1124 2894 1258 2966 desponsa
1272 2906 1347 2961 caro,
1363 2906 1417 2948 non
1431 2907 1464 2947 ex
1483 2895 1587 2951 semine
1601 2904 1665 2955 nato
1684 2944 1689 2963 ,

948 2983 1089 3065 cimitini
1102 2982 1247 3052 conjuncta
1263 2995 1323 3047 suo,
1343 2978 1403 3037 sins
1418 2979 1510 3037 debito
1530 2985 1624 3042 mortis

987 3075 1107 3149 Angelus
1120 3074 1179 3129 baeo
1191 3069 1317 3127 mandata
1329 3069 1428 3137 Patris,
1443 3085 1492 3143 per
1505 3071 1595 3132 sidera
1610 3076 1696 3134 desert

986 3164 1100 3234 Lucida,
1114 3169 1145 3218 ut
1156 3159 1279 3232 angelica
1288 3159 1432 3216 credantur
1445 3161 1541 3217 nuntia
1556 3163 1638 3232 inme,

987 3251 1152 3326 Virginisut
1169 3250 1259 3323 virg03
1276 3248 1366 3306 carnis
1384 3262 1447 3305 caro
1460 3249 1550 3307 debita
1564 3255 1660 3312 solvat.

987 3341 1098 3400 Talibus
1109 3341 1249 3414 ingressus
1262 3339 1386 3412 sequitur
1402 3339 1517 3414 vestigio
1531 3342 1625 3398 mortis

987 3432 1118 3492 Parvulas
1132 3428 1266 3497 immanis,
1282 3428 1371 3484 senior
1386 3442 1455 3499 puer
1468 3434 1495 3484 et
1511 3430 1620 3501 juvenis
1638 3435 1688 3490 vir.

988 3524 1064 3587 Post,
1081 3519 1128 3576 ubi
1142 3520 1214 3589 justa
1228 3516 1279 3575 riri
1290 3518 1425 3588 completa
1439 3528 1480 3572 est
1494 3520 1600 3576 roboris
1614 3529 1689 3591 aetas,

988 3598 1119 3669 Paulatim
1132 3608 1227 3666 solitus
1239 3605 1313 3663 socia
1326 3602 1478 3678 deperdere
1492 3610 1564 3680 iita3

990 3702 1021 3757 In
1036 3699 1123 3756 ioedas
1141 3697 1223 3752 etiam
1237 3710 1320 3768 rugas
1333 3702 1361 3750 et
1380 3694 1476 3753 inertia
1491 3701 1612 3757 membra

990 3790 1087 3848 Mutari
1101 3785 1190 3861 specie
1208 3784 1330 3846 manetis
1345 3785 1477 3858 sanguine
1493 3789 1569 3845 venis
1776 3845 1781 3851 ,

991 3879 1128 3948 Constitit,
1138 3878 1211 3934 baud
1224 3875 1347 3933 habitum
1363 3892 1460 3949 passus
1474 3886 1644 3939 veterascere
1655 3883 1753 3941 carnis.
1783 3888 1785 3893 '

989 3969 1084 4040 Quave
1096 3984 1210 4026 manum
1222 3967 1341 4026 extendit
1355 3977 1456 4026 temere
1466 3969 1626 4046 contingere
1641 3972 1755 4047 lignum.

992 4061 1104 4133 Quadis
1116 4074 1204 4133 quoae
1213 4058 1274 4117 loco
1288 4057 1386 4115 cecidit
1399 4057 1567 4117 clarissimus
1581 4061 1667 4118 Adam
1682 4062 1752 4137 (³8),

836 4193 931 4259 varin
950 4194 1108 4260 lectiones.

176 4295 189 4334 θ
202 4294 302 4352 Salutis
315 4296 395 4352 Pam.
416 4294 509 4353 Vocet.
524 4291 537 4331 ⁹
551 4291 649 4351 Paucis
662 4296 743 4352 Pam.

846 4424 1095 4496 Commentarius.

141 4528 176 4583 ad
186 4526 275 4583 Exod.
285 4541 309 4583 o.
321 4541 372 4594 ιιι,
387 4525 433 4581 nbi
442 4525 581 4598 sanquine
592 4527 659 4598 eqni
670 4525 801 4597 paschalis
807 4528 939 4599 jubentur

141 4598 609 4672 signoripostesetlimc'nomntto,
625 4612 738 4669 proquo
748 4600 871 4658 malimle
893 4621 939 4661 ere

140 4679 221 4726 muto
231 4692 240 4740 ,·
249 4672 298 4725 sed
308 4671 372 4724 nibil
383 4669 530 4728 immutavi.
542 4669 646 4738 Quibus
659 4669 752 4739 adjicit
761 4675 868 4730 etPosc
907 4679 937 4733 m

141 4743 315 4809 celebratam,
329 4741 386 4798 tos.
402 4756 432 4797 v.
447 4742 645 4813 castigavimus
658 4750 749 4798 nutem
764 4744 845 4817 paulo
864 4756 937 4821 post,

143 4817 195 4870 not
210 4815 347 4886 sanquine
361 4817 465 4883 tenero
479 4813 562 4881 delet,
577 4827 627 4884 pro
644 4813 730 4871 dolet.

180 4885 236 4956 (36)
250 4889 334 4942 Ponet
348 4891 400 4941 ont
415 4901 466 4942 sato
480 4885 826 4953 vetterevntms,eto.11ic
840 4905 889 4962 per
902 4885 939 4946 li-

142 4958 257 5013 centiam
273 4956 405 5027 poeticam
420 4959 564 5029 corripitur
579 4974 594 5014 o
609 4957 695 5014 littera
711 4960 738 5015 in
761 4959 815 5017 tine
840 4962 940 5019 dictio-

142 5027 186 5083 nis
201 5045 262 5100 ruo,
278 5029 347 5086 sient
361 5032 443 5083 etiam
467 5029 624 5100 frequenter
639 5037 737 5101 postea
756 5033 784 5086 in
800 5031 874 5090 bisce
902 5034 939 5091 li·

141 5098 211 5167 bris,
226 5103 260 5156 tle
280 5100 340 5155 aliis
354 5099 514 5156 Christianis
529 5101 617 5173 poetis
641 5102 758 5171 idipsum
780 5103 842 5161 ride
867 5103 941 5177 apud

143 5170 253 5226 Dednm.
267 5171 475 5228 Emendavimus
489 5172 568 5229 etiam
592 5176 627 5228 ot
644 5186 697 5244 pro
719 5177 856 5245 peccetis,
887 5192 940 5250 pro

104 5272 111 5284 ·
142 5248 209 5314 ortt,
224 5251 254 5298 ut
270 5245 296 5298 id
311 5244 383 5318 quod
398 5243 538 5314 precedit,
562 5259 620 5300 nott
637 5248 754 5315 pecoris,
772 5246 808 5303 sit
820 5246 940 5305 interro-

143 5314 228 5386 gatio,
254 5324 280 5371 et
307 5313 453 5388 accipietur
471 5330 550 5375 more.
569 5313 771 5382 Tertullianico,
803 5319 875 5389 lion,
892 5336 941 5392 pro

144 5387 254 5446 Nonne.
278 5384 362 5445 Porro
386 5403 494 5462 agnum
516 5386 662 5444 Cimetram
684 5387 783 5458 probat
805 5391 887 5447 etiam
908 5407 942 5450 ex

145 5458 297 5532 Evangelio
314 5460 393 5517 toan.
410 5461 433 5516 1.

181 5531 239 5602 (37)
260 5531 305 5588 Sic
320 5532 457 5588 Dominus
477 5532 584 5588 virtute
598 5531 703 5599 Patris,
722 5539 775 5588 etc.
799 5532 942 5591 TertuDia·

954 4551 977 4629 n
995 4534 1067 4589 enim
1082 4526 1198 4601 legimns
1214 4536 1229 4579 e
1243 4519 1270 4578 in
1285 4520 1340 4578 fine
1354 4521 1495 4593 producta,
1519 4539 1569 4596 pro
1582 4539 1616 4583 eo
1639 4528 1713 4610 qnod
1736 4541 1793 4590 erat

994 4608 1036 4664 eri
1057 4606 1126 4661 eret.
1143 4599 1222 4663 Item,
1242 4597 1318 4666 virqo
1332 4593 1470 4652 subducto
1488 4597 1627 4668 dracone-
1648 4607 1715 4656 rtem
1739 4619 1793 4660 non

993 4693 1020 4732 m
1052 4687 1079 4732 to
1093 4680 1154 4744 post
1164 4671 1226 4725 sine
1236 4667 1326 4724 debtto
1341 4668 1451 4734 mortio,
1462 4667 1502 4724 sic
1513 4669 1588 4723 enim
1597 4675 1793 4745 castigavimus

991 4763 1040 4821 pro
1063 4745 1164 4806 debito,
1177 4738 1257 4796 sicuti
1270 4737 1354 4793 etiarn
1367 4739 1484 4810 vestigio
1506 4741 1619 4811 mortis,
1643 4758 1693 4822 pro
1712 4761 1793 4803 mer-

992 4825 1060 4876 tem.
1077 4819 1180 4872 itursus
1193 4824 1259 4866 vero
1275 4811 1309 4864 nd
1327 4811 1426 4880 stylum
1442 4812 1561 4865 auctoris
1579 4821 1697 4883 pertinet
1724 4833 1791 4874 mo·

991 4907 1062 4947 num
1076 4883 1216 4951 extendit,
1236 4891 1300 4951 etc,
1316 4882 1478 4954 contingere
1494 4883 1613 4954 tignum.

1028 4964 1085 5032 (38)
1112 4957 1174 5024 Qun
1198 4955 1265 5019 die,
1294 4968 1380 5026 quoue
1412 4955 1470 5010 loco
1489 4954 1590 5011 cecidit
1614 4957 1793 5017 clarissimos

992 5033 1149 5097 ademere.
1161 5027 1209 5084 Sic
1221 5025 1433 5094 emendavimus,
1442 5039 1491 5096 pro
1505 5027 1700 5087 obarmemur·
1708 5031 1792 5104 Atqui

992 5107 1065 5181 qnod
1081 5102 1122 5158 bic
1136 5099 1210 5165 dicit,
1225 5108 1251 5154 et
1268 5113 1331 5152 mort
1344 5097 1447 5154 elarius
1460 5100 1557 5170 repetit
1571 5100 1614 5155 his
1626 5103 1735 5163 verbis:

1001 5284 1003 5289 .
1024 5235 1147 5300 Golgotba
1159 5233 1231 5284 loeus
1244 5236 1294 5291 ost,
1305 5227 1397 5293 capitis
1408 5228 1526 5282 calvaria
1541 5232 1678 5294 quondam,
1686 5240 1733 5283 etc.

1025 5300 1058 5352 Os
1072 5309 1192 5361 magnum
1201 5295 1242 5344 bie
1256 5301 1355 5366 peteres
1370 5295 1448 5365 nostri
1461 5294 1568 5343 docuere
1580 5302 1715 5357 repertum,

1025 5363 1070 5414 liic
1083 5362 1210 5412 bominem
1224 5368 1333 5422 prrmnm
1349 5368 1506 5420 suscepimus
1517 5368 1573 5405 esse
1595 5360 1732 5421 sepultum,
1747 5363 1794 5411 ete.

996 5467 1176 5527 Habesetiam
1199 5464 1273 5538 opud
1289 5464 1319 5521 B.
1337 5461 1506 5536 cyprianum
1525 5467 1603 5517 tract.
1626 5461 1661 5519 ds
1674 5464 1792 5525 lieren,

998 5539 1247 5607 charitativius
1262 5535 1366 5592 similes
1387 5543 1509 5591 aeterum
1531 5531 1609 5589 locos
1628 5536 1657 5590 in
1678 5546 1792 5596 annota-

143 5601 235 5660 nicum
251 5612 292 5661 est
302 5603 498 5680 pecudumque
510 5605 610 5678 potiri,
625 5609 653 5662 et
665 5603 775 5680 eripere
787 5606 889 5681 fartim
904 5605 945 5666 sit
995 5611 1114 5671 deabus
1144 5608 1259 5682 nostris,
1281 5621 1358 5665 num.
1388 5608 1417 5667 ³.
1438 5603 1550 5663 sueton
1581 5606 1716 5679 peculiare
1752 5619 1794 5674 ett
