3840 6134
130 335 201 398 1013
790 333 889 394 LIBER
909 334 950 395 ott
968 335 1115 397 tattttttts.
1709 343 1778 405 1011

128 481 179 533 vu,
202 462 241 534 9),
257 461 285 516 in
308 460 381 515 nullo
408 459 493 528 magis
516 466 685 531 procuratam
715 460 847 516 audimus.
877 460 1065 555 1111Α1111111
1089 472 1195 519 naturae
1221 464 1416 536 mutationem,
1442 473 1488 521 aut
1507 468 1685 536 periculorum
1700 489 1780 531 aver·

127 550 311 619 clementiam,
330 563 410 620 quam
428 548 588 604 abstinentia
611 547 713 620 populi.
733 550 767 604 El
789 550 924 621 allophyli
980 552 1098 626 sionem,
1136 562 1181 610 aut
1214 554 1374 611 delictorum
1407 552 1651 628 oblitterationem,
1685 576 1778 620 verum

128 641 224 714 praelio
258 640 284 679 ⁵⁹
312 637 488 694 admovebant
511 654 518 694 :
541 637 578 691 ihi
606 637 718 694 demum
746 639 772 677 ⁶⁶
795 640 928 695 Dominus
980 641 1061 698 etiam
1084 651 1311 698 sacramentorum
1334 641 1497 713 agnitionem
1530 643 1598 717 (23),
1620 648 1725 719 jejunia
1744 652 1779 709 de

127 730 249 788 intonuit
278 741 459 798 vocemagna
482 742 563 797 super
580 727 747 799 allophylos,
778 736 804 783 et
824 729 926 785 conlusi
981 731 1037 787 Deo
1056 733 1240 786 merebuntur.
1262 731 1360 802 Aspice
1378 731 1498 787 Danielis
1511 736 1683 807 exemplum,
1708 736 1779 798 eirca

127 830 203 887 sunt,
219 825 247 875 et
265 823 426 873 corruerunt
446 815 472 869 in
496 824 641 883 conspectu
664 816 788 888 Israelis3
814 827 840 874 et
863 832 928 889 pro-
981 820 1116 875 somnium
1135 821 1207 893 regis
1231 820 1376 892 Babylonis
1420 838 1517 877 omnes
1549 825 1692 882 turbantur
1720 830 1777 903 (21)

126 916 269 966 cesserunt
291 905 342 962 viri
363 903 447 960 lsrael
474 919 507 961 ex
524 904 686 977 blasphaet
710 907 840 976 persecuti
866 914 927 962 sunt
980 910 1116 980 sophistae,
1147 917 1247 984 negant
1276 908 1445 965 1111166111
1477 913 1634 981 praestantia
1662 915 1778 974 humana

127 997 300 1068 Allophylos,
318 1000 358 1049 vet
383 1009 469 1065 usqua
503 995 619 1050 Betcbor
650 995 807 1051 ceciderunt
834 1004 926 1069 pastos
979 1014 1059 1069 posse
1088 999 1215 1066 cognosci
1236 1000 1308 1069 (25);
1328 999 1401 1053 solus
1419 997 1513 1054 Daniel
1532 1002 1591 1056 Deo
1619 1002 1722 1071 fidens,
1751 1015 1802 1064 et'

127 1085 253 1154 impasti,
272 1080 529 1137 annatosinermes.
552 1082 599 1137 llae
619 1089 699 1137 erunt
711 1083 783 1139 vires
797 1084 925 1154 jejunan—
978 1088 1066 1143 sciens
1085 1087 1156 1159 quod
1179 1088 1212 1142 ad
1240 1088 1433 1142 demerendam
1460 1088 1510 1142 Dri
1533 1089 1646 1161 gratiam
1670 1092 1780 1166 laceret,

128 1172 196 1228 tium
223 1172 304 1226 Deo:
329 1168 426 1225 coelum
454 1184 508 1241 pro
537 1170 671 1240 eiusmodi
703 1170 808 1229 militat.
840 1173 926 1228 Habes
979 1175 1094 1246 spatium
1130 1173 1210 1230 tridui
1234 1176 1351 1246 postulat
1379 1191 1441 1230 cum
1461 1191 1511 1232 sua
1547 1177 1713 1236 fraternitate
1736 1183 1779 1252 je-

125 1260 244 1318 formam
266 1258 385 1330 praesidii
403 1257 484 1314 etiam
503 1257 671 1330 spiritalibus
692 1259 771 1314 bellis
795 1275 925 1316 necessa·
977 1263 1065 1332 junna,
1095 1269 1174 1335 utaque
1192 1264 1228 1319 ita
1243 1263 1409 1319 orationibus
1434 1267 1639 1335 commendatis,
1656 1279 1682 1324 et
1705 1271 1778 1329 ordi-

126 1349 205 1405 riam.
231 1346 348 1404 Proinde
367 1361 428 1401 cum
451 1362 500 1402 rex
521 1346 695 1417 Assyriorum
722 1348 925 1416 Sennacherib,
979 1367 1041 1405 nem
1056 1360 1083 1408 et
1097 1352 1322 1425 significationem
1342 1353 1439 1408 somnii
1460 1369 1508 1424 per
1523 1356 1614 1409 omnia
1626 1356 1776 1434 instruitur,

126 1437 318 1508 compluribus
355 1436 410 1506 jam
443 1434 594 1491 civitatibus
625 1436 720 1509 captis,
758 1437 850 1494 Israeli
880 1455 927 1508 per
980 1440 1083 1511 tyranni
1103 1442 1232 1513 sophistis
1247 1442 1375 1513 parcitur,
1397 1443 1469 1497 Deus
1489 1443 1777 1517 glorificatur,Daniel

126 1524 925 1598 111111111111111111111111111111111).
978 1528 1138 1597 honoratur,
1168 1546 1223 1584 non
1251 1530 1383 1585 minorem
1407 1531 1456 1586 Dei
1482 1531 1594 1604 gratiam
1626 1542 1652 1589 et
1683 1543 1778 1606 postea

126 1630 209 1686 xvttt,
236 1615 292 1687 19),
312 1613 377 1670 nihil
396 1612 469 1669 aliud
492 1614 566 1670 illum
582 1630 597 1669 a
612 1617 750 1686 proposito
773 1616 801 1669 in
818 1616 924 1672 AEtbio-
949 1609 952 1613 ’
978 1632 1085 1689 qnoque
1107 1618 1241 1673 relaturus
1258 1634 1328 1675 anno
1356 1620 1442 1691 primo
1470 1621 1545 1695 regis
1561 1621 1649 1689 Darii,
1664 1638 1726 1679 cum
1745 1639 1778 1680 ex

126 1704 188 1777 pits
221 1703 328 1759 avellit·
368 1702 487 1771 Dehinc»,
506 1702 570 1774 quid
604 1702 676 1756 aliud
703 1702 726 1741 ⁶¹
756 1711 864 1758 eentum
898 1709 925 1759 et
979 1708 1125 1779 recogitata
1160 1708 1365 1779 praedicatorum
1397 1715 1549 1778 temporum
1582 1712 1615 1764 ab
1647 1711 1775 1785 teremia,

127 1792 268 1865 octoginta
294 1789 379 1846 millia
412 1791 444 1846 de
468 1789 588 1846 exercitu
621 1792 680 1861 ejus
719 1807 767 1862 per
795 1791 925 1864 angelum
980 1794 1053 1851 dedit
1073 1796 1168 1852 faciem
1182 1811 1257 1851 suam
1279 1797 1336 1853 Deo
1350 1795 1409 1867 (26)
1425 1797 1452 1850 in
1478 1797 1590 1867 jejuniis
1610 1807 1729 1856 etsacco
1750 1811 1779 1859 et

128 1881 291 1952 absumpsit,
312 1895 390 1953 quam
415 1880 536 1935 Ezechiae
559 1881 632 1952 regis
651 1879 823 1938 humiliatio?
837 1882 925 1953 Siqui·
981 1882 1079 1940 cinere.
1101 1886 1170 1939 Nam
1187 1890 1214 1938 et
1232 1884 1345 1953 augelus
1359 1883 1459 1938 missus
1475 1884 1507 1937 ad
1541 1900 1613 1952 eum,
1630 1885 1698 1942 hano
1720 1895 1776 1943 sta·

126 1969 202 2038 dem,
238 1970 334 2025 duritia
359 1969 447 2025 hostis
485 1972 651 2038 annuntiata,
692 1978 794 2028 vestem
829 1968 922 2039 scidit,
980 1973 1027 2027 tim
1042 1972 1182 2042 protessus
1200 1979 1240 2028 est
1254 1987 1363 2028 causam
1379 1971 1476 2029 divinae
1490 1972 1655 2047 dignationis
1672 1975 1775 2045 :.Veni,

126 2071 238 2113 saccum
262 2057 359 2123 induit,
390 2057 537 2129 eodemque
565 2058 655 2113 habitu
686 2060 808 2113 seniores
831 2073 923 2115 saeer-
980 2061 1067 2132 inquit
1106 2061 1292 2117 demonstrare
1337 2060 1386 2117 tihi
1428 2071 1562 2133 quatenus
1617 2061 1778 2119 miserabilis

127 2147 224 2203 dotum
248 2145 282 2203 ad
303 2146 391 2204 Deam
416 2162 464 2218 pcr
488 2147 595 2202 Esaiam
617 2148 692 2204 adire
715 2148 805 2217 jussit,
829 2147 921 2220 utique
978 2165 1008 2205 es
1035 2152 1110 2221 (21),
1139 2150 1288 2220 jejunando
1316 2149 1431 2206 seilicet.
1461 2150 1488 2206 st
1516 2153 1572 2207 Deo
1604 2153 1776 2220 miserabilis,

123 2236 229 2307 jejunio
254 2251 348 2309 preces
363 2246 561 2309 prosequente:
580 2237 756 2308 nequeenim
776 2238 830 2292 eihi
851 2245 922 2293 tem-
978 2237 1105 2295 leonibus
1134 2238 1163 2293 in
1187 2240 1246 2295 lacu
1265 2238 1354 2296 fuerat
1373 2238 1524 2309 horribilis;
1539 2240 1585 2294 uhi
1609 2239 1720 2313 quidem
1739 2237 1778 2294 illi

126 2340 177 2396 pus
191 2326 220 2380 iu
239 2324 370 2397 periculo,
385 2340 435 2381 nee
455 2326 602 2382 saturitatis
616 2326 705 2382 cultus
718 2327 746 2381 io
762 2342 841 2383 sacco
852 2327 921 2397 (22).
977 2343 1024 2383 sex
1047 2327 1142 2384 diebus
1158 2327 1293 2400 jejunanti
1308 2327 1452 2398 prandium
1483 2328 1598 2403 angelus
1612 2330 1776 2401 procuravit.

126 2414 240 2484 semper
262 2415 352 2472 inedia
375 2416 500 2472 moeroris
524 2416 634 2488 sequela
659 2422 719 2486 est,
740 2416 809 2471 siout
830 2413 922 2471 laetitia

127 2503 248 2562 accessio
273 2502 386 2578 sagium.
416 2503 467 2561 Per
484 2506 554 2561 hanc
581 2505 708 2561 moeroris
730 2506 870 2576 sequelam
895 2511 922 2560 et
1275 2467 1387 2525 CAPUT
1402 2468 1473 2526 Vm·

128 2594 259 2661 inediam,
289 2594 370 2649 etiam
401 2594 493 2652 civitas
516 2594 564 2651 illa
585 2594 727 2667 peccatrix,
755 2596 854 2651 Ninive
884 2595 918 2654 de
1011 2591 1156 2649 Reddimus
1170 2600 1197 2649 ot
1210 2600 1307 2649 oaetera
1326 2594 1366 2661 ⁶⁵3
1381 2592 1416 2648 ad
1430 2608 1498 2650 nova
1518 2592 1590 2649 enim
1607 2609 1678 2650 nuno
1692 2594 1777 2653 docu-

125 2682 209 2740 exitio
235 2682 380 2755 praedicvto
402 2684 542 2740 liberatur.
572 2683 643 2740 Satis
666 2684 739 2740 enim
763 2684 920 2756 poenitentia
975 2691 1064 2736 menta
1075 2696 1251 2754 properamus
1263 2700 1269 2739 :
1282 2682 1308 2737 in
1319 2681 1411 2737 limine
1424 2681 1564 2754 Evangehi
1579 2683 1662 2752 (Lac.
1674 2699 1703 2753 rt,
1718 2685 1775 2757 st),

127 2773 261 2829 scelerum
290 2772 525 2830 commendaverat
542 2773 567 2812 ⁶2
593 2772 649 2829 Deo
676 2772 810 2843 jejunium
831 2773 920 2830 triduo
973 2771 1050 2825 Anna
1072 2770 1222 2841 prophetis,
1238 2769 1294 2824 filie
1314 2768 1477 2841 Phanuelis,
1494 2786 1556 2841 quae
1575 2770 1705 2826 infantem
1720 2773 1776 2827 Do-

126 2859 230 2930 lunata,
265 2860 346 2916 etiam
378 2860 528 2932 pecudibus
562 2861 675 2927 enectis,
702 2861 800 2933 quibus
838 2861 921 2916 iratus
976 2859 1078 2915 minum
1091 2866 1118 2914 et
1145 2857 1268 2930 agnovit,
1294 2867 1320 2914 et
1338 2857 1419 2912 nrulta
1446 2873 1529 2929 super
1549 2873 1583 2914 eo
1618 2860 1775 2931 predicavit

125 2947 201 3004 Deus
225 2958 351 3007 nouerat
375 2948 475 3021 (loaoe,
491 2950 544 3022 tu).
568 2950 687 3007 sodoma
700 2965 809 3023 quoque
818 2957 845 3006 et
863 2946 921 3006 Go·
976 2947 1194 3020 exspectantibus
1219 2947 1430 3019 redemptionem
1459 2947 1585 3016 Israelis,
1614 2954 1774 3022 11111311-

130 3039 243 3094 morrha
264 3038 422 3107 evasissent,
447 3039 470 3095 si
491 3038 670 3111 jejunassent.
696 3041 753 3095 lloc
771 3038 922 3095 remedium
937 3020 962 3100 ss
975 3038 1050 3113 giam
1079 3037 1184 3092 titulum
1203 3035 1306 3091 veteris
1320 3035 1431 3091 univirae
1447 3036 1594 3104 viduitatis,
1606 3038 1776 3109 jejuniorum

126 3127 253 3201 agnoscit
277 3138 304 3186 et
326 3127 430 3199 Achab,
455 3143 515 3184 cam
537 3127 573 3184 illi
594 3138 656 3200 post
679 3126 921 3200 transgressionem
977 3143 1084 3198 quoque
1108 3126 1272 3181 testimonio
1294 3131 1427 3197 augetur,
1453 3124 1601 3182 ostendeus
1625 3128 1651 3182 iu
1677 3128 1774 3200 quibus

127 3225 155 3273 et
177 3216 356 3273 idololatriam
367 3225 395 3272 11
416 3232 511 3273 necem
526 3217 669 3285 Nabuthae,
685 3222 794 3289 propter
816 3216 921 3273 vineam
977 3214 1074 3271 officiis
1092 3212 1203 3269 assideri
1219 3212 1346 3269 Ecclesiae
1365 3212 1470 3278 debeat,
1495 3221 1555 3268 eta
1581 3214 1662 3270 nullis
1688 3215 1776 3289 magis

129 3306 449 3378 iuteremptialeaabel,
465 3306 658 3379 exprobrasset
672 3303 780 3362 Helias:
799 3305 925 3372 Qualiter
979 3303 1090 3378 intelligi
1118 3303 1263 3367 Christum,
1288 3317 1368 3374 quam
1392 3302 1475 3358 semel
1501 3303 1602 3376 nuptis,
1627 3320 1699 3377 saepe
1732 3304 1775 3374 je-

127 3395 271 3461 scedasi,
287 3399 314 3452 et
333 3394 530 3451 hereditatem
543 3394 689 3467 possedisti
699 3395 731 3450 in
753 3393 885 3465 locaque
898 3392 924 3432 ⁶³
975 3395 1059 3465 junis.
1075 3395 1136 3466 lpse
1149 3408 1212 3448 mox
1227 3393 1360 3448 Dominus
1377 3392 1510 3463 baptisma
1527 3407 1625 3459 sunm,
1642 3403 1668 3449 et
1681 3392 1708 3448 iu
1724 3408 1776 3451 suo

127 3484 301 3554 sospolum
315 3483 925 3554 llabtttbaeaaraesdeliaserant,tttatrtqaan
978 3482 1110 3547 omnium,
1123 3481 1238 3553 jejuniis
1258 3480 1409 3552 dedicavit,
1431 3480 1531 3537 habens
1555 3479 1662 3536 eltieere
1691 3496 1776 3553 panes

128 3589 183 3648 qtae
201 3574 347 3645 delinpeat
360 3571 408 3643 (111
427 3573 482 3644 1111
498 3587 567 3638 nm,
588 3573 644 3644 19).
656 3571 782 3627 Destituit
800 3571 927 3642 semetip
979 3587 1011 3626 ex
1026 3571 1170 3640 lapidibus,
1186 3568 1266 3626 etiam
1281 3567 1423 3624 lordanem
1438 3568 1502 3626 vino
1521 3567 1635 3624 tortasse
1649 3584 1773 3643 manare,

132 3679 205 3728 sum,
231 3670 258 3716 et
281 3677 390 3718 saccum
414 3662 486 3716 carni
503 3677 559 3716 suae
583 3660 719 3733 imposuit,
732 3667 758 3715 et
785 3659 926 3730 iejnnavit,
979 3661 1003 3715 si
1026 3660 1062 3714 ita
1076 3665 1184 3715 vorator
1198 3666 1225 3714 11
1248 3667 1357 3728 potator
1378 3657 1482 3713 luisset.
1503 3657 1560 3713 lmo
1575 3671 1672 3715 novum
1688 3653 1776 3714 homi-

128 3756 158 3808 et
184 3751 311 3808 dormivit
340 3753 367 3805 in
388 3766 483 3816 sacco;
504 3760 531 3806 et
558 3759 622 3807 tunc
654 3766 743 3806 sermo
762 3750 871 3805 Domini
890 3749 924 3805 ad
979 3764 1040 3804 nem
1066 3747 1094 3802 in
1122 3747 1221 3802 veteris
1248 3744 1468 3820 suggillationem
1498 3747 1597 3802 virtute
1620 3744 1775 3803 fastidiendi

131 3840 250 3896 Deliam:
270 3840 367 3897 Vidisti
384 3839 925 3911 111111νί1111111111111111111111
978 3838 1031 3893 cibi
1054 3836 1185 3906 initiabat,
1211 3844 1239 3891 ut
1270 3850 1332 3890 eum
1362 3833 1470 3892 diabolo
1496 3831 1699 3891 1111119114
1726 3850 1777 3906 per

128 3931 184 3988 Pro
193 3945 224 3986 eo
232 3930 302 4003 qaod
312 3931 448 3985 reveritus
458 3933 510 3993 est,
522 3945 579 3984 aon
590 3928 779 4000 superducam
791 3929 925 3984 loesaram
979 3940 1067 3981 escam
1093 3930 1193 3978 tentare
1216 3922 1358 3994 querenti,
1376 3921 1516 3978 fortiorem
1531 3920 1601 3977 lame
1618 3929 1671 3978 tota
1686 3931 1777 3978 osten·
1822 3950 1826 3956 ·

130 4020 163 4074 ira
197 4018 291 4075 diahtas
316 4019 414 4091 ipsias,
436 4018 482 4074 sed
507 4021 539 4075 ia
557 4017 651 4075 diadas
674 4018 730 4087 filit
755 4013 843 4072 sot}
865 4018 925 4087 ejas
978 4021 1059 4069 taret.
1080 4012 1227 4068 Praestituit
1249 4012 1347 4067 exinde
1368 4011 1480 4080 jejuniis
1503 4011 1589 4083 legem
1613 4011 1672 4067 sine
1694 4011 1776 4067 tristi-

129 4105 923 4180 1111111111111111111.29),111111111111111111111.
980 4103 1015 4158 tia
1041 4100 1232 4173 transigendis.
1260 4102 1314 4156 Car
1337 4100 1408 4155 enim
1433 4100 1507 4155 triste
1536 4100 1609 4172 quod
1633 4100 1776 4157 salutare?

131 4197 172 4251 lta
197 4196 330 4267 jejuniam
356 4196 383 4249 in
413 4198 497 4251 Deum
523 4193 680 4250 reverentiae
708 4208 777 4264 opus
804 4200 854 4249 est.
876 4193 926 4248 Per
979 4189 1076 4245 Docuit
1105 4190 1185 4244 etiam
1213 4189 1343 4243 adversus
1381 4188 1483 4243 diriora
1505 4187 1639 4243 daemouia
1665 4189 1777 4259 jejuniis

131 4287 207 4357 quod
232 4287 309 4341 Anna
328 4299 436 4358 quoque
463 4284 584 4339 ambiens
607 4296 675 4338 uxor
700 4280 823 4337 Helcanae
850 4289 925 4336 retro
979 4277 1165 4351 praeliandum.
1180 4275 1251 4344 Quid
1266 4278 1339 4332 enim
1353 4277 1470 4349 mirum,
1487 4277 1548 4331 si⁶⁶
1564 4278 1659 4332 eadem
1682 4292 1777 4346 opera-
1806 4261 1815 4282 ’

130 4375 237 4430 sterilis
258 4374 415 4446 impetravit
437 4373 515 4430 111111
540 4373 625 4429 aDeo
646 4370 752 4425 inanem
776 4369 837 4425 cibo
860 4385 926 4425 ven·
983 4369 1055 4424 tione
1079 4365 1190 4438 spiritus
1219 4365 1328 4438 iniquus
1346 4366 1481 4435 educitur,
1504 4382 1557 4436 qua
1571 4365 1777 4426 sanctusindu-

130 4471 205 4520 trem
226 4461 282 4519 fibo
307 4463 430 4536 implere,
455 4463 613 4534 etquidem
638 4460 777 4531 propbeta.
800 4458 855 4515 Sed
875 4473 929 4514 uon
945 4424 969 4504 ὓ
984 4456 1071 4514 citur?
1105 4454 1242 4527 Denique,
1267 4462 1298 4511 ut
1323 4454 1352 4509 in
1378 4453 1568 4511 centurionem
1600 4455 1775 4527 Cornelium,

817 4558 914 4621 Variae
935 4560 1090 4621 lectiones.

168 4663 195 4703 ⁵⁹
207 4664 244 4720 Ut
256 4664 393 4735 Allophyli
407 4663 539 4790 <prelium
563 4666 633 4720 111.
652 4663 713 4718 hat.
736 4661 948 4718 admovebantur
971 4662 1044 4732 conj.
1069 4663 1150 4734 Leap.
1176 4659 1202 4698 ⁶⁰
1223 4658 1326 4714 lhidem
1351 4661 1437 4715 Fran.
1462 4658 1486 4697 ⁶¹
1511 4657 1583 4727 Quid
1604 4657 1678 4715 aliud
1702 4662 1781 4720 tellit

130 4735 223 4794 Semi.
238 4735 263 4774 ⁶²
276 4735 405 4791 Commen
426 4743 483 4790 aret
495 4734 555 4792 cod.
578 4735 685 4791 Woaw.
701 4733 927 4789 commendaverit
951 4734 1036 4791 Semi.
1051 4731 1075 4770 ⁶³
1091 4735 1119 4787 ln
1135 4745 1190 4797 qno
1203 4730 1263 4786 loco
1279 4731 1365 4788 Saml.
1382 4731 1406 4769 ⁶⁶
1422 4729 1499 4788 llltra
1517 4731 1583 4788 111.
1608 4730 1633 4769 ⁶⁵
1645 4731 1778 4788 Reddidi·

128 4821 200 4863 mus
212 4813 303 4862 vetera
314 4824 322 4878 3
333 4807 367 4861 ad
382 4821 451 4863 nova
464 4822 537 4862 nunc
552 4808 615 4862 Lat.
631 4820 656 4861 1.
673 4821 699 4862 v.
715 4806 749 4861 ad
763 4821 832 4863 nova
846 4807 1019 4871 etiamnunc,
1036 4805 1103 4872 lara,
1119 4803 1144 4842 ⁶⁶
1158 4802 1199 4856 Ex
1213 4801 1278 4858 add.
1298 4802 1382 4858 Semi.

835 4930 1084 4994 Commentarius.

182 5037 228 5106 22)
248 5038 301 5094 llas
325 5038 488 5094 satamtatis
509 5037 607 5092 cattas
628 5038 758 5094 iasacco.
779 5037 932 5092 Securitatis
987 5035 1032 5118 qui
1056 5034 1122 5089 alias
1154 5031 1302 5106 sapientes,
1330 5032 1498 5090 somniorum
1521 5035 1693 5106 interpretes,
1712 5049 1780 5092 con·
1810 5023 1813 5028 ’

131 5128 168 5168 att
182 5121 240 5165 tom
263 5109 337 5176 dicit,
361 5110 423 5180 quia
443 5124 476 5162 ert
497 5111 635 5163 saturitate
665 5109 766 5174 latitia,
787 5124 820 5163 ex
845 5109 935 5163 laetitia
989 5116 1117 5177 tectores.
1135 5105 1196 5160 ilva.

132 5191 227 5236 autem
256 5181 346 5236 cultus
375 5178 539 5235 delicatioris
563 5194 636 5245 cura,
666 5180 707 5235 cui
738 5196 791 5234 non
810 5180 934 5236 convenit
1024 5180 1080 5248 (25)
1103 5178 1211 5248 Nepant
1225 5175 1301 5256 11111
1324 5175 1357 5232 da
1375 5181 1548 5248 praestantia
1564 5177 1689 5236 hamana
1705 5194 1783 5250 posse

133 5266 200 5308 cnm
215 5253 326 5308 horrore
342 5249 442 5308 cineris
457 5259 482 5304 et
497 5250 681 5321 asperitudine
693 5253 774 5308 sacci.
790 5250 851 5305 lito.
987 5251 1122 5320 coenasti.
1135 5250 1255 5303 Humano
1266 5247 1378 5318 ingenio
1388 5251 1598 5320 prestariposse
1616 5249 1783 5306 somniorum

175 5321 233 5391 (23)
248 5321 839 5393 31111111111111111111111111.81111111
863 5323 933 5392 peri·
986 5321 1087 5375 seilicet
1102 5321 1237 5388 regiorum
1252 5319 1508 5389 interpretationem.
1525 5321 1587 5378 lito.

136 5393 206 5449 tiam
237 5392 430 5464 interpretandi
467 5389 568 5466 figuras
596 5401 622 5447 et
650 5392 782 5463 imagines
816 5408 928 5461 sacras,
1020 5392 1077 5462 (26)
1093 5391 1172 5446 Dedit
1186 5391 1286 5461 factam
1302 5407 1385 5446 attam
1401 5394 1463 5449 Deo.
1474 5389 1670 5448 Conversusad
1684 5391 1781 5446 Deum.

133 5480 240 5534 nempe
260 5464 388 5522 divinitus
410 5464 531 5535 objectas
553 5463 581 5519 in
609 5462 732 5519 somniis.
757 5462 931 5519 Sacramenta
984 5462 1048 5520 Bm.
1631 5532 1636 5542 Ι
1714 5531 1720 5542 0
1762 5530 1769 5544 ,

133 5535 231 5609 igitur,
248 5535 354 5592 somnia
368 5552 384 5591 a
396 5535 455 5591 Deo
470 5536 600 5591 immissa.
616 5536 677 5591 ilvo.
1019 5533 1076 5602 (27)
1090 5535 1233 5603 Quatenus
1244 5535 1409 5593 miserabilis
1428 5549 1467 5592 aa.
1478 5534 1591 5604 Quantae
1602 5539 1787 5590 miseramente

174 5609 234 5678 (21)
251 5608 351 5666 Omnes
366 5607 523 5664 tardantur
539 5607 680 5679 sophista.
697 5605 838 5679 sophistas
855 5605 927 5676 dicit,
982 5604 1095 5676 gratiam
1108 5605 1223 5676 adeptus
1234 5619 1272 5661 es.
1290 5606 1353 5662 ltro.
