3840 6134
134 291 171 354 83
695 295 916 359 taurominii
933 300 1067 363 oratori
1085 303 1169 366 eatis
1189 305 1222 366 il.
1746 307 1782 369 84

133 418 233 475 similis
258 419 370 477 mouns.
398 421 465 477 Nem
486 427 515 476 et
539 421 597 491 ipsu
620 420 751 478 mundum
784 422 933 480 institutum
948 444 972 525 Ι
987 428 1137 498 expediam.
1153 431 1300 488 introducit
1317 432 1389 488 enim
1418 431 1542 487 Pleroma
1565 439 1591 488 et
1618 433 1717 490 AEones
1731 433 1783 490 tri·

135 522 197 564 esse
222 507 259 564 ab
283 506 338 587 illis
363 507 429 565 dicit
450 526 457 565 ι
480 508 619 565 Christum
647 525 681 564 cx
706 511 811 567 semine
831 514 932 583 loseph
986 516 1061 590 ginta
1077 517 1206 589 :exponit
1228 529 1320 575 autem
1334 521 1383 575 lius
1404 534 1452 589 per
1467 519 1602 592 syzygias,
1619 521 1645 576 id
1659 529 1783 580 ostoun·

136 603 228 652 natum
247 597 383 668 proponit,
402 596 538 653 hominem
560 596 636 653 iilum
663 599 846 656 tantummodo
874 601 932 655 siue
983 604 1140 678 Jugatiunes
1167 607 1309 680 quasdam.
1351 607 1418 663 Num
1443 607 1509 665 dicit
1537 609 1563 662 in
1591 608 1696 680 primis,
1723 627 1785 668 esse

134 680 273 739 diuinitate
308 684 481 752 mutendens,
519 685 607 757 ipsam
638 702 746 758 quoque
781 689 870 763 legem
897 689 932 744 ab
985 694 1090 765 Bython
1105 706 1131 752 et
1142 696 1339 766 Silentium3er
1355 696 1396 751 bis
1406 697 1570 767 processisse
1584 702 1782 773 semeufflllidi,

135 771 240 845 augelis
268 773 357 828 delam
386 776 530 843 pterhibeus
550 791 557 831 ε
581 777 737 832 ludaeorum
764 778 853 832 Deum
878 793 932 833 non
984 786 1101 840 Mentem
1126 792 1153 840 ct
1175 783 1344 839 Veritatem:
1363 801 1394 840 ex
1409 785 1508 856 quibus
1522 786 1644 858 erupisse
1660 790 1779 848 Verbum

135 860 282 916 Dominum
307 861 355 916 sed
375 862 501 935 angelum
519 878 645 934 promens
666 865 735 934 lod).
760 865 846 935 liuius
866 881 931 922 sue·
985 880 1012 928 et
1025 872 1176 928 Vitam:de
1202 872 1302 942 quibus
1316 888 1419 928 rursum
1448 882 1569 929 creatum
1597 875 1734 934 huminem
1755 889 1784 936 et

134 963 227 1005 oessor
261 948 366 1006 Hebion
392 949 442 1006 luit
469 953 540 1022 (65),
568 951 692 1008 Cerintho
719 967 773 1009 non
800 955 827 1008 in
858 946 932 1010 omni
986 960 1143 1017 Ecclesiam.
1173 961 1301 1016 Sedenim
1341 976 1373 1016 ex
1401 961 1444 1016 his
1475 977 1584 1035 quoque
1616 968 1781 1036 processisse

135 1044 211 1106 porte
225 1037 408 1107 consentiens,
430 1042 501 1113 quod
517 1056 533 1095 a
548 1040 691 1097 Deoditti
713 1041 859 1108 mundum,
878 1056 932 1098 ¹10ss
986 1048 1129 1105 duodecim
1157 1065 1267 1117 aeonas,
1284 1049 1317 1104 de
1344 1050 1474 1106 Sermone
1488 1059 1579 1106 autem
1593 1060 1620 1108 et
1634 1053 1693 1109 Vita
1709 1058 1778 1128 (69),

134 1125 170 1182 ab
182 1127 283 1196 angelis
296 1126 395 1185 iustum
413 1145 419 1185 :
441 1139 468 1185 ct
486 1129 550 1202 quia
564 1129 692 1201 scriptum
708 1132 743 1185 sit
756 1130 831 1201 (dole
846 1132 933 1186 Nemo
986 1153 1076 1194 monas
1102 1137 1170 1194 alios
1195 1145 1288 1194 aecem
1304 1155 1311 1190 ι
1329 1140 1397 1194 bano
1419 1139 1442 1177 ⁶¹
1460 1155 1518 1194 esse
1541 1155 1647 1198 aeonrrm
1665 1143 1781 1201 triacon-

134 1215 285 1286 diroipulns
305 1231 387 1287 snper
413 1217 580 1290 magistrum,
597 1234 646 1272 nec
668 1234 763 1273 servus
786 1234 868 1289 super
881 1219 931 1273 do·
986 1228 1058 1295 teda,
1073 1242 1133 1297 quae
1148 1225 1176 1280 iit
1202 1227 1226 1264 ⁵2
1256 1228 1282 1282 in
1310 1228 1458 1283 Pleromate
1472 1245 1504 1283 ex
1520 1231 1645 1304 ogdoada
1660 1241 1689 1288 et
1701 1234 1780 1291 deca·

135 1303 250 1361 minum·
274 1305 373 1376 Legum
402 1307 483 1362 etiam
507 1307 532 1345 ⁵⁸
557 1305 684 1378 pr⁰p0nil
700 1306 930 1372 (67),scilicetad
986 1320 1077 1383 de,uc
1100 1316 1263 1385 dyodecade.
1279 1316 1337 1386 (20)
1357 1315 1531 1373 Tricesimum
1552 1329 1642 1376 autem
1662 1338 1780 1393 aeonem,

134 1390 334 1450 excludendum
354 1394 539 1465 Ettssttllumr
564 1402 592 1448 el
615 1392 804 1450 vindicandum
826 1393 932 1450 iudai*-
985 1406 1090 1477 Bytiron
1109 1406 1183 1462 iilum
1199 1404 1290 1460 ridere
1303 1404 1428 1476 uoluisse,
1444 1415 1471 1461 ot
1493 1409 1527 1463 nd
1547 1409 1691 1466 videndum
1705 1412 1782 1469 illum

135 1496 218 1537 nrum.
986 1510 1078 1549 ausum
1108 1509 1168 1548 esse
1196 1493 1222 1547 in
1251 1495 1392 1564 superiora
1407 1494 1563 1553 Pleromatis
1586 1502 1779 1558 conscendere.

417 1568 533 1626 CAPUT
556 1569 656 1624 XLIX·
985 1585 1021 1639 Et
1033 1582 1160 1656 quoniam
1171 1584 1205 1650 ad
1223 1583 1430 1655 magnitudinem
1447 1585 1534 1656 ipsius
1546 1586 1689 1645 ridendam
1698 1607 1781 1661 capax

140 1674 317 1733 Valentinum
328 1675 508 1747 deinceps,ao
522 1677 583 1746 ejus
596 1688 725 1746 sequaces
733 1676 929 1743 Ptolomaeum,
985 1686 1039 1728 uon
1061 1671 1121 1736 init,
1137 1670 1165 1725 in
1192 1669 1346 1728 deiectione
1373 1670 1467 1738 luisse,
1491 1682 1518 1729 et
1533 1691 1603 1745 peno
1620 1676 1781 1734 dissolutum

339 1764 509 1835 Secundum,
530 1763 734 1820 Heracleorrenr.
985 1775 1054 1823 esse,
1084 1757 1135 1814 nisi
1160 1758 1224 1830 quia
1238 1759 1337 1815 missua
1364 1760 1389 1799 ⁶³
1416 1763 1448 1816 sd
1471 1762 1717 1821 constabiliendum
1741 1764 1779 1820 rl·

170 1849 326 1906 Valentinus
358 1858 448 1905 autem
479 1850 623 1908 baereticus
658 1850 755 1906 multas
787 1852 930 1907 introducit
979 1850 1047 1907 lum.
1078 1849 1123 1904 ille
1145 1864 1226 1919 quem
1249 1848 1382 1919 appeliant
1403 1851 1503 1919 Horon,
1532 1851 1719 1909 confirmasset
1747 1855 1780 1908 il-

133 1938 258 2006 labulas;
279 1935 336 1995 68
370 1938 418 1993 iras
452 1954 503 2013 ugo
536 1938 739 1996 circumducens
761 1940 787 1978 ⁵⁹
809 1939 930 1996 bret-'iter
985 1936 1126 1994 iamdicto
1143 1937 1308 1993 laciblluo
1328 1938 1481 2007 pronuntiat
1502 1939 1532 1997 io
1551 1940 1779 2012 aperissem).

168 2140 194 2178 ⁵⁸
207 2139 271 2197 Esse
286 2141 369 2198 Sami.
386 2141 411 2179 ⁵⁹
424 2140 624 2198 circumdicens
635 2141 719 2198 Sernl.
735 2062 1255 2198 circumiens}wigisleast'rnrmuuens
1266 2137 1386 2194 iiben.⁶⁰
1396 2139 1494 2196 Samen
1506 2143 1584 2199 toltit
1600 2144 1779 2202 ciacconius.

131 2211 156 2251 ⁶¹
171 2212 235 2267 tinec
250 2212 333 2269 Sernl.
355 2212 395 2267 Sit
419 2214 504 2269 Semi.
520 2212 566 2268 liat
579 2215 634 2271 lan
667 2211 729 2249 ⁵2⁶³
742 2213 857 2269 blisisset
872 2214 958 2271 Sarum
973 2213 998 2251 ⁶²
1012 2212 1056 2265 luo
1076 2211 1153 2269 tollit
1170 2210 1255 2267 Sarni.
1271 2209 1296 2248 ⁶⁵
1311 2209 1366 2266 lloc
1385 2212 1558 2280 pronuntiato
1580 2215 1697 2285 appellat
1714 2218 1774 2286 Rip.

132 2298 197 2356 pua
208 2286 305 2340 omerio
320 2285 442 2342 sentiro
462 2285 587 2344 tollenda
599 2283 743 2340 uidentur.

829 2356 1079 2419 Commentarius.

168 2459 226 2530 (ott
239 2461 299 2518 Non
312 2463 473 2530 Dorninnm,
488 2463 536 2520 sed
549 2465 681 2536 angelum
692 2480 834 2538 promens.
846 2466 934 2520 Deam
987 2458 1106 2516 cedentis
1137 2467 1164 2514 et
1188 2458 1320 2529 principio
1347 2460 1484 2530 sequentis
1507 2460 1601 2516 inscite
1636 2460 1779 2516 conflatam

134 2546 263 2601 reponere
277 2532 368 2587 selim.
388 2533 512 2589 Fortasse
521 2549 601 2603 supra
615 2536 763 2608 legendum
777 2542 817 2588 est
832 2536 865 2592 ab
877 2551 932 2589 an·
986 2547 1056 2600 esse,
1072 2537 1152 2602 atquc
1166 2530 1235 2585 iisne
1249 2531 1427 2598 conjecturam
1443 2548 1496 2586 nun
1513 2547 1624 2604 possum
1636 2532 1702 2603 quin
1718 2548 1780 2602 pro·

150 2603 203 2661 elis
216 2617 264 2674 pro
279 2603 312 2659 ab
324 2604 394 2669 illis,
407 2603 747 2663 nisisubaudiendnn.boc
757 2604 867 2662 uerbum
879 2612 929 2660 est.
986 2601 1057 2657 bem.
1072 2602 1172 2657 duatus
1198 2598 1240 2657 cui
1268 2599 1374 2671 quidem
1398 2603 1514 2658 adsentit
1536 2602 1678 2659 Semlerus.
1694 2628 1728 2642 -
1744 2603 1781 2658 At

131 2623 239 2732 ilourn.
984 2688 1047 2728 reru
1061 2686 1155 2728 vocem
1173 2688 1268 2730 semen
1283 2672 1451 2728 retinendum
1466 2675 1517 2729 boc
1531 2674 1590 2728 lueo
1605 2673 1780 2742 caseumque

164 2744 222 2827 (oo)
249 2746 338 2817 liujus
360 2760 501 2803 successor
524 2745 609 2804 Elian
630 2748 701 2818 fnit.
722 2747 747 2800 ls
762 2745 812 2801 luit
832 2744 929 2815 impius
982 2745 1084 2813 patebit
1110 2743 1304 2798 Tertullianum
1332 2742 1483 2815 inspicienti
1505 2745 1532 2800 in
1553 2744 1622 2799 libro
1641 2745 1703 2802 adu.
1727 2746 1778 2800 Va-

131 2816 223 2939 guril.
247 2815 295 2870 Vir
315 2817 382 2871 inem
416 2816 563 2884 hominem,
598 2833 654 2873 nen
679 2818 766 2874 Deum
791 2817 927 2886 peperisse
982 2814 1155 2872 lentianinos
1169 2829 1227 2884 usp.
1243 2816 1260 2868 7
1276 2822 1303 2868 et
1317 2816 1361 2880 25,
1387 2815 1431 2870 ubi
1446 2815 1480 2871 de
1494 2816 1535 2871 bis
1558 2816 1639 2888 nugis
1658 2816 1779 2885 disputa·

152 2885 210 2951 ixit,
233 2885 281 2958 qui
331 2887 482 2961 vangelium
511 2895 613 2943 tantum
642 2890 723 2944 liebr.
754 2886 897 2956 recipiebat
917 2905 925 2951 ;
943 2886 1151 2987 clunilouru.

132 2967 226 3011 eontra
239 2973 318 3028 quom
343 2957 371 3014 S.
396 2959 521 3027 loannes,
537 2959 675 3028 apostolus
698 2960 768 3014 idem
790 2966 816 3012 et
843 2974 926 3012 eran·
1017 2955 1074 3024 (69)
1088 2959 1126 3013 ite
1139 2970 1266 3011 sermone
1285 2960 1382 3010 antem
1395 2960 1423 3011 et
1437 2957 1507 3012 nto.
1525 2956 1632 3013 Scilicet
1641 2955 1694 3022 his,
1710 2971 1780 3027 quos

132 3026 237 3096 gelista,
266 3043 344 3084 suum
368 3028 544 3099 Euangeiium
563 3030 734 3086 'norissimus
757 3028 875 3098 scripsit.
895 3030 925 3084 Β.
978 3027 1103 3096 proxime
1117 3038 1179 3080 anto
1193 3025 1375 3096 appellaverat
1399 3027 1511 3084 Verbarn
1536 3034 1565 3085 et
1581 3030 1681 3096 eitam,
1702 3029 1778 3100 Λόγον

132 3097 205 3154 Pauli
235 3097 371 3169 Epistulas
401 3114 457 3154 nun
482 3100 648 3165 admittebat,
671 3100 830 3172 Apostolum
854 3100 925 3152 enim
978 3097 1226 3158 naiteinintluurn.
1649 3142 1652 3147 .

132 3173 282 3238 apostatam
304 3170 424 3224 vocabat.
447 3169 579 3237 Quoniam
603 3187 666 3226 uero
689 3173 723 3224 de
736 3170 844 3225 Christo
869 3170 926 3240 pri·
1024 3169 1070 3235 70)
1089 3169 1286 3224 Tricassirnnm
1300 3173 1396 3224 autem
1407 3186 1523 3227 aeonem.
1537 3167 1775 3224 Indicuiusllier.:

131 3253 207 3295 mum
231 3239 366 3295 humiliter
384 3241 536 3297 sentiebant
549 3249 575 3295 et
600 3241 779 3312 loquebantur
794 3240 926 3304 libionmi,
981 3179 1191 3293 ciricesimum
1218 3237 1306 3308 itaque
1328 3241 1453 3304 rotulum,
1495 3240 1547 3294 uod
1568 3248 1608 3294 est
1632 3238 1775 3309 sapientia,

131 3307 190 3366 sire
203 3309 276 3381 quod
290 3310 406 3382 ingeniis
423 3319 570 3384 egestatem
594 3328 642 3366 ana
660 3312 755 3366 haeresi
771 3312 924 3381 proderent,
978 3307 1131 3374 concupivit
1144 3308 1249 3362 Patrem
1265 3308 1364 3365 uidero.
1387 3330 1398 3360 »
1427 3257 1527 3366 isira.

132 3394 224 3436 eorum
240 3391 336 3441 auctor
350 3382 440 3436 nescio
454 3396 509 3452 quo
533 3396 597 3451 casu
612 3381 758 3439 mendicus
772 3382 858 3436 dictus
877 3390 925 3437 est.
1015 3380 1072 3450 eil)
1094 3382 1146 3436 iioo
1166 3382 1363 3452 pronuntiatio
1389 3382 1526 3464 appellat.
1546 3379 1661 3435 Videtur
1676 3378 1777 3452 aliquid

131 3450 200 3506 Nam
215 3451 520 3507 liebraetsuotonidem
538 3453 855 3509 arbrenuntiamus.
980 3449 1086 3512 deesse,
1114 3456 1186 3517 quod
1216 3450 1333 3519 suppleri
1364 3464 1447 3522 possit
1461 3469 1492 3506 ex
1509 3451 1541 3505 iis
1561 3467 1621 3521 quae
1647 3450 1775 3522 leguntur

167 3522 225 3592 (66)
240 3523 276 3578 ut
288 3522 354 3595 quia
368 3523 555 3594 seriptumsit
565 3524 665 3580 :Nemo
677 3524 928 3595 discipulussaper
979 3519 1026 3574 lib.
1042 3520 1175 3577 aduersus
1197 3521 1407 3580 Valentinianos
1422 3543 1455 3579 :a
1477 3522 1704 3591 Tamimportune
1716 3521 1778 3576 litiae

132 3608 143 3647 r
204 3592 209 3602 '
223 3595 311 3647 trum.
321 3590 455 3647 indiculus
464 3594 585 3649 Hieron:
599 3592 928 3663 «carpocras,Cerintbus
979 3592 1149 3658 occurrisset,
1166 3598 1195 3645 ut
1208 3592 1288 3646 ctiam
1304 3593 1452 3649 inclamarit
1466 3594 1492 3649 in
1507 3609 1566 3648 eam
1587 3593 1661 3657 :iao,
1680 3593 1754 3666 quasi
1769 3610 1776 3646 z

132 3671 158 3718 et
197 3660 287 3731 ebion,
303 3661 399 3718 isitres
419 3663 471 3717 sibi
486 3674 683 3729 successerunt,
698 3666 825 3720 docentes
838 3665 928 3720 omnia
979 3662 1063 3717 Porro
1077 3661 1211 3732 Quiritcsi
1228 3671 1282 3730 aut,
1310 3663 1400 3717 Fidem
1425 3664 1558 3721 Caesarisl
1580 3664 1645 3719 lude
1669 3662 1778 3718 inveni·

131 3733 280 3787 secundum
296 3731 394 3804 legem,
417 3733 583 3799 eircumcidi,
612 3737 758 3791 obseruare
778 3736 888 3790 sabbata
902 3745 928 3789 et
980 3740 1023 3787 tur
1039 3735 1082 3788 lau
1102 3733 1129 3786 in
1142 3734 1293 3802 scripturis.
1318 3753 1329 3783 ι
1355 3735 1417 3790 llas
1440 3738 1540 3793 -iior
1558 3737 1731 3806 pronuntiat
1750 3736 1778 3791 lo

131 3801 192 3857 dies
220 3801 304 3859 testes
326 3803 481 3870 ludnieos;
510 3804 630 3860 Christus
653 3806 725 3861 enim
751 3807 807 3860 brec
838 3807 929 3861 omnia
980 3804 1099 3876 Apelles.
1122 3803 1318 3859 perobscurum
1340 3805 1411 3862 hunc
1440 3804 1577 3861 iooumita
1599 3803 1777 3872 restituimus,

132 3872 308 3939 observarit;
337 3872 460 3930 sufficere
473 3875 593 3932 dieentes
617 3875 654 3930 ita
668 3892 729 3932 esse
749 3879 886 3932 doctorem
899 3886 928 3931 ut
980 3874 1131 3930 rationibus
1154 3875 1248 3941 partim
1273 3875 1347 3930 ducti
1371 3891 1437 3946 quas
1461 3877 1489 3930 P.
1509 3873 1670 3938 ilrrduinus,
1687 3891 1701 3928 e
1717 3891 1776 3930 soc.

132 3944 302 4014 magistrum.
325 3964 338 3995 ι
364 3944 440 4001 llnde
468 3945 638 4003 manifestum
667 3954 708 4003 est
731 3947 790 4003 baec
813 3948 849 4002 ita
867 3963 928 4003 esse
978 3945 1053 4010 lesu,
1069 3945 1096 4000 iu
1113 3946 1296 4003 collectaneis
1312 3945 1466 4014 (iiie'rnuirer
1481 3945 1514 4002 de
1537 3947 1667 4010 Trtuoua,
1690 3948 1776 4011 aurit,

132 4012 488 4088 distinguendazrlitquia
502 4017 631 4088 scriptum
644 4018 690 4085 sit,
704 4019 791 4074 Nemo
805 4018 926 4088 discipu·
981 4019 1061 4079 tint,
1086 4034 1111 4086 p.
1138 4019 1189 4070 atu
1214 4025 1240 4071 et
1262 4016 1343 4083 suiv.)
1374 4017 1509 4087 explicuit,
1539 4031 1690 4087 quanquam
1722 4032 1777 4072 non

132 4085 174 4141 ius
201 4101 282 4157 super
309 4085 479 4160 magistrum,
502 4104 552 4144 nec
568 4104 661 4144 servus
679 4089 923 4162 superdominum,
977 4087 1085 4159 ripellea
1105 4087 1150 4141 sed
1180 4088 1286 4160 Apella,
1295 4087 1383 4151 ponus
1396 4087 1528 4160 putauerit
1542 4086 1696 4158 legendum.
1725 4087 1779 4142 Ve-

131 4156 218 4232 legem
230 4156 311 4214 etiam
326 4160 461 4229 proponit,
478 4177 490 4208 ι
506 4166 559 4215 etc.
576 4161 638 4216 llio.
980 4173 1038 4210 rum
1062 4156 1202 4228 memoria,
1223 4157 1245 4212 si
1274 4160 1363 4214 minus
1376 4158 1488 4228 judicio,
1511 4158 1601 4228 lapsus
1617 4157 1724 4213 ridetur
1737 4158 1776 4214 ia-

168 4228 226 4300 (t'l)
238 4230 334 4301 ugera
357 4244 414 4287 esse
426 4231 571 4303 proponit.
583 4231 628 4287 Sic
640 4228 716 4286 editt.
731 4229 863 4296 ilhenani,
877 4245 925 4286 seu
943 4213 966 4290 l)
983 4242 1074 4286 mosus
1087 4238 1183 4308 'artetur
1198 4249 1205 4285 ι
1227 4228 1365 4286 contendit
1377 4231 1450 4285 enim
1463 4230 1496 4284 ad
1512 4228 1680 4283 Valentinum
1695 4236 1775 4312 utpo-

132 4298 277 4370 principes,
292 4299 338 4354 sed
362 4309 477 4370 posterae
500 4302 577 4357 editt.
601 4301 686 4359 Paris.
709 4303 828 4374 priorem
846 4316 925 4357 secu·
981 4306 1007 4353 te
1039 4304 1147 4352 natione
1183 4299 1306 4355 lrrdaeum
1339 4299 1477 4357 illudendi
1514 4299 1652 4355 consilium
1692 4298 1776 4355 luisse

128 4378 166 4424 ne
181 4371 281 4426 naban
302 4372 390 4427 etium
405 4387 454 4441 pro
478 4388 544 4430 esra.
560 4372 695 4445 begunim,
717 4375 803 4446 tegern
830 4381 857 4427 et
871 4373 926 4437 jam
981 4369 1146 4424 Tertulliano
1175 4369 1296 4441 Apellam
1323 4370 1481 4439 appellativo
1511 4386 1591 4425 sensu
1617 4369 1774 4435 nominanti,

130 4453 189 4499 erre
211 4442 344 4515 reponit.
359 4441 501 4511 Quomodo
513 4458 578 4499 aero
598 4445 649 4499 iiuc
675 4445 814 4516 collegerit
840 4442 927 4497 Ebion
980 4440 1006 4494 id
1038 4448 1079 4495 est
1110 4440 1319 4507 circrnrcisnm,
1340 4443 1418 4511 juxta
1452 4440 1518 4495 iliud
1551 4440 1652 4496 Horatii
1675 4441 1698 4511 (l
1723 4452 1774 4497 sat.

128 4515 165 4566 ei
179 4456 278 4584 adibis,
293 4527 355 4595 guae
372 4514 540 4570 adducuntur
556 4515 611 4570 Scri
634 4522 701 4570 turae
723 4530 817 4584 saurae,
832 4512 926 4568 ambe·
979 4512 1006 4570 5.
1023 4527 1048 4565 v.
1068 4513 1129 4580 iiiii)
1144 4511 1240 4566 Credat
1253 4512 1360 4566 iudaeus
1379 4510 1489 4580 Apella,
1505 4511 1563 4566 Non
1584 4514 1696 4592 egunt
1712 4527 1776 4569 rero

152 4582 242 4650 issem,
257 4584 308 4639 nisi
323 4585 507 4655 suppeditaret
516 4585 589 4643 istaec
618 4587 752 4643 ndiculur
771 4584 925 4642 lloeresinrn
979 4581 1136 4638 Valentinus
1159 4599 1193 4638 ne
1214 4581 1325 4637 iudaeus
1346 4581 1466 4653 quidem,
1482 4584 1529 4636 sed
1551 4582 1693 4653 AEgyptrus
1714 4581 1774 4646 luit,

127 4598 160 4711 ἐ.
188 4654 349 4726 Hieronymo
375 4657 517 4728 ascriptus,
542 4673 556 4710 a
582 4657 711 4713 Menardo
730 4655 827 4721 editus,
844 4671 925 4726 quem
979 4654 1127 4709 seeundum
1146 4652 1219 4723 quod
1247 4651 1273 4707 S.
1300 4654 1417 4708 trenaeus
1442 4661 1548 4708 enarrat
1568 4653 1586 4707 l.
1611 4669 1630 4718 r,
1646 4669 1671 4710 c.
1689 4657 1701 4707 i
1720 4652 1773 4725 (Gi.

131 4725 163 4780 iii
183 4726 261 4782 aluus
280 4729 322 4783 bic
350 4728 468 4785 attulit:
498 4749 509 4778 r
544 4728 705 4797 carpocras,
726 4728 878 4791 cerinthus,
899 4733 926 4780 et
980 4724 1052 4778 itae.
1070 4723 1199 4779 biblioth.
1222 4724 1407 4779 SSPatram
1431 4733 1502 4778 airet.
1519 4724 1669 4795 margarino
1691 4727 1724 4778 de
1748 4723 1775 4778 la

130 4741 244 4852 licinium
271 4797 303 4852 ili
319 4805 371 4852 tros
394 4798 441 4852 tibi
465 4806 659 4864 successerunt,
688 4800 815 4855 docentes
836 4797 926 4852 omnia
977 4793 1108 4864 Signat.
1133 4794 1222 4861 XXV,
1238 4794 1257 4847 i.
1282 4796 1355 4865 lto),
1370 4804 1397 4850 et
1411 4795 1533 4874 referunt
1544 4809 1637 4874 omnes
1653 4794 1774 4850 historici

130 4866 279 4923 meandum
306 4866 402 4940 legem.
425 4868 589 4934 circumcidi,
606 4870 882 4934 observaresabbata,
898 4876 926 4924 et
979 4864 1169 4935 lexicographi.
1198 4864 1311 4934 Apelles
1332 4875 1430 4936 autem,
1455 4867 1596 4919 Marcionis
1624 4864 1774 4936 discipulus

128 4934 189 4991 dies
214 4935 298 4992 iustos
319 4937 444 4994 luduicus
466 4956 473 4994 :
497 4939 619 4996 Christus
646 4941 720 4995 enim
749 4941 808 4997 boec
836 4939 926 4995 omnia
979 4944 1006 4989 et
1033 4934 1092 5006 ipse
1116 4936 1303 5001 baeresiaroha,
1331 4951 1437 4992 coeam
1457 4936 1623 4991 Tertulliano
1650 4943 1719 5001 erat,
1745 4945 1775 4991 ut

129 5005 291 5062 enervant.
327 5006 457 5064 Sufficere
489 5009 610 5066 dieentes
639 5010 675 5065 ita
702 5027 763 5067 esso
786 5011 923 5066 doctorem
978 5005 1029 5061 boc
1049 5008 1109 5074 ipso
1128 5021 1161 5061 ex
1175 5006 1255 5071 libro,
1271 5022 1296 5062 u.
1314 5009 1358 5074 il,
1387 5015 1468 5080 patet,
1493 5014 1520 5060 et
1545 5023 1609 5061 eane
1633 5009 1718 5074 potuit
1745 5008 1776 5065 lu

134 5078 173 5130 'an
197 5075 330 5150 significat
352 5087 446 5134 auctor
468 5079 591 5150 magistri
614 5080 786 5151 discipulum,
810 5080 924 5134 aliorum
977 5090 1027 5148 pro
1052 5077 1100 5131 luo
1121 5079 1303 5145 pronuntiare,
1323 5087 1361 5145 ut,
1389 5076 1498 5148 perinde
1517 5084 1596 5149 atque
1616 5077 1776 5143 Heracleon,

127 5094 266 5204 doctorem
292 5148 318 5218 i)
333 5156 360 5202 ut
375 5149 541 5221 magistrum.
560 5171 571 5200 r
589 5150 698 5218 (diutili.
714 5152 751 5211 X.
768 5152 824 5222 25.)
845 5149 924 5205 Ebio-
977 5146 1080 5228 dequo
1102 5147 1173 5202 iufra
1201 5150 1251 5204 lioc
1272 5149 1361 5219 eapite
1381 5152 1425 5220 it,
1443 5171 1456 5198 a
1479 5157 1595 5204 novitate
1611 5149 1774 5216 pronuntia-

128 5219 201 5283 uitee,
223 5218 260 5271 ait
286 5218 421 5282 Ensibus,
450 5220 610 5285 docueruut,
639 5222 688 5272 orta
715 5223 812 5284 πάντως
841 5219 924 5282 αὐτοῖς
978 5217 1061 5274 tionis
1074 5218 1209 5276 videretur
1229 5219 1280 5274 alia
1294 5222 1407 5277 sentire.
1435 5221 1592 5274 »atterum
1607 5219 1635 5274 in
1656 5235 1774 5275 errorem

127 5294 171 5358 espa
193 5293 293 5362 νομικῆς
317 5290 442 5362 θρησκείας
468 5292 502 5352 ὡς
525 5292 558 5364 μὴ
582 5291 612 5343 tr
631 5291 672 5344 διὰ
695 5295 769 5366 μόνης
783 5290 924 5362 τῆςείςτὸν
977 5286 1089 5360 impegit
1103 5289 1181 5362 plane
1200 5289 1314 5346 similem
1338 5291 1461 5347 emditus
1484 5291 1595 5360 lesuita,
1621 5289 1776 5348 inducendo

126 5359 228 5414 xrerbr
241 5359 354 5427 πίστεως,
369 5361 409 5413 aei
431 5366 473 5416 aad
494 5364 547 5417 aar·
562 5361 637 5431 ebrii
650 5363 714 5428 βίου,
736 5367 922 5438 catacopaacn.
976 5358 1015 5430 (p.
1042 5361 1094 5415 oto
1117 5362 1168 5416 eit.
1193 5378 1207 5420 o
1228 5364 1300 5487 emir
1324 5361 1520 5419 Tertullianum
1542 5362 1576 5416 de
1606 5361 1775 5419 lleraoleone

151 5434 199 5489 ist.
211 5431 285 5489 licei.
298 5446 338 5496 ur,
355 5435 399 5489 27.
976 5437 1104 5499 tanquam
1120 5431 1153 5487 de
1165 5432 1196 5502 ju
1217 5449 1257 5489 aeo
1301 5433 1392 5489 omine
1406 5433 1488 5488 rerba
1510 5431 1651 5489 facientem
1665 5449 1701 5490 :n
1739 5450 1774 5490 ue

162 5505 220 5575 (68)
233 5502 309 5575 Legit
319 5503 460 5561 ciaconius
470 5503 632 5578 processisse
641 5505 766 5563 mentem
775 5505 804 5559 et
816 5505 922 5561 uerita·
974 5500 1046 5556 enim
1056 5503 1331 5569 atternmiadoesm
1347 5503 1395 5559 sed
1404 5503 1527 5560 alterans
1539 5503 1709 5562 haereticam
1748 5521 1775 5561 e

128 5576 194 5640 um,
206 5574 655 5648 argunmnjtriensroccmsamea
668 5572 843 5633 exonerans
853 5591 921 5647 pre-
974 5569 1127 5631 cedeonem
1154 5575 1253 5633 Noster
1284 5572 1361 5631 dixit.
1388 5574 1530 5640 Preterea,
1560 5591 1655 5645 perun
1677 5575 1774 5633 vensi·
