3840 6134
128 303 182 364 tlt
470 306 688 370 illitterati
707 309 840 373 occubit
860 311 943 372 ltus
961 312 998 372 ll.
1021 341 1056 352 -
1073 308 1187 370 stills
1206 310 1227 378 l,
1247 307 1418 368 lucullei.
1715 297 1772 365 sil

128 445 183 490 non
207 438 267 487 erat
286 429 316 487 in
343 433 507 491 conscientia
533 437 604 506 eius,
631 439 684 496 hoc
711 454 775 496 cum
802 439 923 495 maxime
940 453 963 532 fl
978 453 1045 504 suae,
1073 434 1273 491 intolerabilem
1301 436 1393 509 utique
1429 439 1553 495 humane
1582 429 1774 495 mediocritati,

127 519 280 591 iurantis⁶³
294 520 376 577 chum
389 523 491 597 absque
508 541 539 582 se
553 527 664 584 omuino
677 543 732 585 non
746 527 924 601 esseilgitur
979 524 1127 583 humilitate
1154 532 1325 594 temperaret,
1352 525 1403 581 sibi
1430 527 1539 598 quidem
1566 524 1688 597 indigna,
1720 520 1776 576 ho-

128 609 298 682 pejersotem
313 610 502 685 deprehendis,
519 633 552 672 an
574 632 643 673 vane
666 619 853 690 dejerantem?
871 617 924 674 Sed
979 613 1045 670 mini
1059 619 1147 669 autem
1161 612 1331 684 necessaria;
1345 623 1372 669 et
1389 615 1426 671 ita
1436 615 1493 685 jam
1515 615 1572 671 lleo
1592 612 1686 687 digna,
1711 607 1777 681 quia

128 712 185 754 non
212 706 302 772 potest
328 699 415 757 videri
437 704 584 775 pejerasse,
608 704 656 777 qui
682 706 763 762 alium
785 721 846 763 esse
870 720 925 761 non
977 701 1046 758 nihil
1066 710 1117 757 tam
1133 700 1245 774 dignum
1260 701 1316 758 Deo
1335 718 1416 776 quain
1436 704 1511 759 salus
1525 701 1652 758 hominis.
1667 699 1708 753 De
1723 697 1776 754 isto

129 786 218 853 scivit,
247 795 277 843 ut
300 788 400 845 dicitis.
426 787 505 857 Quod
533 792 609 847 enim
630 794 695 859 scit,
718 795 771 850 hoc
798 794 923 864 dejerans
978 790 1102 865 pluribus
1139 796 1324 860 retractarem,
1350 791 1373 846 si
1413 807 1474 847 cuin
1505 789 1619 847 ethnicis
1649 787 1776 859 ageremi

130 890 206 942 vere,
230 892 284 933 non
307 877 450 947 peieravit.
473 879 528 934 Sed
548 895 599 938 nec
621 896 689 939 vane
710 882 825 953 dejerat,
841 883 923 938 elium
977 894 1133 953 quanquam
1165 886 1192 934 et
1211 893 1273 933 cum
1296 879 1429 936 haereticis
1453 895 1508 935 nou
1529 878 1613 935 multo
1629 873 1776 931 diversati

129 963 218 1022 Deum
239 980 294 1021 non
312 980 383 1023 esse.
398 967 475 1024 Tunc
497 968 569 1024 enim
591 985 660 1026 vane
674 970 816 1041 dejeraret,
832 971 855 1026 si
870 986 925 1027 noii
978 967 1133 1042 congressio
1152 975 1214 1023 stet.
1239 966 1378 1036 Quatenus
1400 977 1427 1024 et
1453 968 1506 1041 ipsi
1529 969 1617 1023 Deum
1640 965 1668 1020 in
1690 962 1778 1035 ligura

130 1052 248 1108 inissent
274 1053 320 1125 qui
353 1054 421 1111 alios
448 1057 515 1112 deos
540 1057 693 1129 crederent,
726 1066 790 1115 tunc
816 1060 926 1131 quidem
979 1061 1007 1112 et
1028 1055 1056 1111 in
1075 1055 1177 1128 reliquo
1194 1055 1289 1112 ordine
1315 1057 1442 1113 humauae
1464 1055 1626 1114 conditionis
1647 1052 1778 1108 deversa·

130 1140 337 1199 simulacrorum
368 1143 503 1212 cultores,
538 1161 611 1203 nuuc
644 1162 710 1204 vero
738 1157 765 1204 et
796 1148 925 1205 haeretici.
979 1151 1037 1201 turn
1051 1145 1145 1214 6liaris
1169 1143 1329 1213 credidistis,
1353 1160 1409 1202 non
1423 1145 1537 1218 exigetis
1563 1144 1656 1216 ntique
1676 1139 1780 1196 diutius

129 1228 208 1285 iurat
233 1229 315 1302 igitur
338 1249 387 1304 per
410 1233 596 1305 semetipsum,
620 1242 652 1291 ut
680 1236 722 1293 vel
742 1237 846 1307 juranti
868 1237 926 1295 Deo
980 1232 1139 1306 persuaderi
1161 1233 1246 1289 Deum
1265 1233 1450 1291 conformasse
1474 1233 1650 1305 semetipsum
1677 1231 1778 1285 huma·

131 1317 226 1374 credas
239 1318 322 1375 alium
345 1320 424 1376 deum
447 1321 558 1379 omuino
573 1338 627 1380 non
645 1340 716 1382 esse.
730 1326 788 1383 Hoc
810 1333 839 1382 ut
853 1327 926 1382 Deus
981 1321 1068 1387 nitati,
1083 1323 1131 1378 sed
1146 1321 1180 1378 de
1192 1330 1281 1379 vestra
1299 1321 1353 1378 fide
1367 1322 1545 1380 revincimini.
1561 1321 1589 1377 Si
1606 1319 1679 1376 enini
1692 1319 1778 1384 Deus,

130 1405 242 1477 iaceret,
269 1417 297 1465 tu
317 1426 435 1483 quoquc,
458 1412 587 1481 Marcion,
612 1413 727 1487 coegisti
744 1434 751 1470 i
766 1412 854 1473 tcta
870 1417 928 1487 jin
981 1419 1009 1468 ct
1035 1410 1143 1483 quidem
1176 1410 1330 1478 sublimior,
1359 1418 1432 1467 tanta
1464 1410 1612 1467 humilitate
1643 1405 1780 1479 fastigium

131 1501 196 1552 tunc
214 1496 285 1552 enirn
305 1497 500 1569 providebaris.
525 1501 652 1574 Proinde,
668 1503 692 1560 si
714 1510 741 1559 et
759 1503 787 1559 iu
809 1504 929 1575 promis·
982 1499 1130 1569 maiestatis
1143 1514 1199 1554 suae
1213 1499 1315 1565 stravit,
1332 1507 1360 1555 ut
1379 1499 1460 1557 etiarn
1477 1498 1559 1556 morti
1572 1497 1718 1568 subiiceret
1743 1495 1778 1560 66,

131 1584 254 1642 sionibus
276 1596 322 1643 aut
344 1589 599 1648 comminationibus
615 1593 701 1661 iurat,
716 1591 797 1648 lidein
818 1593 846 1648 in
868 1592 928 1664 pri·
981 1592 1009 1642 et
1039 1587 1121 1643 morti
1147 1587 1250 1654 crucis;
1279 1603 1326 1645 cnr
1358 1605 1413 1646 nori
1445 1589 1545 1661 putetis
1571 1594 1665 1643 nostro
1692 1582 1778 1642 im

131 1676 244 1732 mordiis
267 1677 380 1732 arduam
404 1688 581 1752 extorquens,
606 1680 675 1735 nibil
702 1682 759 1737 Deo
785 1682 927 1755 indignum
984 1692 1090 1749 quoque
1110 1677 1168 1733 Dee
1189 1677 1293 1750 aliquas
1314 1679 1474 1751 pusillitates
1493 1676 1659 1750 congruisse,
1681 1674 1780 1731 tolera·

133 1773 184 1832 est,
200 1765 275 1836 quod
288 1765 370 1821 allicit
393 1767 451 1823 Deo
464 1768 585 1823 credere.
602 1768 672 1825 Satis
693 1777 721 1825 et
736 1777 800 1828 tnnc
813 1771 929 1843 pusillus
983 1766 1093 1823 biliorcs
1116 1776 1206 1823 tamen
1227 1767 1343 1839 iudaicis
1366 1767 1538 1825 contumeliis
1555 1773 1584 1824 et
1603 1762 1732 1837 patibulis
1755 1772 1782 1819 et

130 1855 204 1909 Deus
229 1853 258 1909 iri
285 1852 344 1923 ipsa
374 1853 455 1909 etiarn
483 1854 584 1912 ferocia
615 1873 761 1925 sua,cum
788 1862 824 1916 ob
852 1860 931 1919 vituli
982 1855 1134 1928 sepulcris?
1157 1855 1200 1912 An
1227 1857 1271 1912 bie
1298 1865 1360 1911 sunt
1388 1856 1562 1928 pusillitates,
1584 1871 1645 1928 quie
1669 1854 1728 1924 jam
1755 1852 1781 1890 66

131 1939 361 1998 consecrationem
384 1940 513 2000 elieratus
535 1945 563 2000 in
590 1947 740 2019 populum,
766 1950 800 2006 de
828 1950 928 2007 lamule
982 1944 1157 2017 ploejtldicare
1192 1944 1330 2002 debebunt
1353 1945 1501 2009 Christum.
1530 1941 1657 2000 humanis
1676 1939 1781 2013 966666·

131 2026 532 2102 subpostulatlloysetliaod.
552 2037 930 2111 xxxii,10):Sinevne,ct
981 2033 1061 2089 nibus
1091 2033 1237 2103 objectum,
1251 2034 1311 2104 ejus
1324 2032 1374 2090 Dei
1389 2049 1459 2100 esse,
1481 2031 1524 2089 cni
1543 2033 1567 2071 ⁷¹
1599 2028 1781 2086 humanitates

131 2115 299 2189 iodipnntus
313 2119 360 2175 iro
379 2119 403 2158 66
418 2120 577 2194 disperdam
594 2126 670 2197 illos,
685 2130 712 2184 cl
727 2130 876 2198 faciamte
896 2130 928 2186 in
981 2125 1176 2198 exprobrantur
1193 2139 1210 2179 a
1226 2123 1323 2181 vebis?
1345 2124 1412 2179 Nam
1431 2131 1458 2180 et
1477 2121 1631 2194 profitemur
1644 2119 1781 2176 Christum

131 2207 279 2263 sotionem
289 2223 434 2279 moenam.
446 2209 523 2267 Unde
536 2213 677 2270 meliorem
687 2215 779 2273 soletis
791 2216 929 2275 affirmare
981 2227 1089 2284 semper
1114 2211 1204 2284 egisse
1229 2211 1258 2267 iu
1291 2212 1341 2268 Dei
1365 2210 1451 2266 Patris
1473 2209 1606 2275 imminet
1629 2208 1721 2280 ipsum
1747 2206 1782 2261 66

131 2295 243 2366 Moysen
265 2297 323 2353 Deo
353 2313 415 2369 suo,
441 2300 653 2372 deprecatorem,
678 2302 733 2361 iino
755 2315 781 2361 et
803 2306 929 2377 prohibi·
981 2300 1058 2358 initio
1086 2309 1290 2366 conversatum
1311 2299 1401 2373 ipsum
1428 2314 1605 2370 congressum
1631 2311 1694 2352 cum
1728 2307 1781 2362 pa-

132 2390 220 2441 torem
234 2383 291 2441 irae.
317 2386 378 2443 lico
399 2389 487 2459 fomes
508 2391 597 2457 caim,
616 2391 703 2464 inquit
716 2393 751 2462 ⁶⁵,
775 2395 861 2466 istud,
876 2400 928 2454 cat
984 2389 1108 2447 triorchis
1127 2397 1155 2446 et
1173 2389 1322 2461 prophetis,
1338 2388 1436 2445 Filium
1457 2386 1601 2457 Crantoris,
1619 2384 1781 2440 Sermonem

133 2477 807 2552 etmeunocuniet'simpendalliserandiiivos
821 2500 929 2559 qnoque
983 2479 1051 2550 eius,
1073 2493 1155 2552 quem
1178 2493 1212 2533 ex
1239 2476 1388 2551 semetipso
1407 2475 1574 2549 proferendo
1598 2473 1683 2530 lilium
1706 2471 1780 2539 lecit,

133 2577 194 2619 curn
218 2565 329 2637 populo,
344 2566 390 2636 qui
413 2566 549 2623 Christum
571 2584 626 2625 non
647 2572 796 2644 agnoscitis
819 2573 848 2629 in
862 2590 928 2646 per·
982 2575 1010 2626 et
1038 2569 1064 2607 ⁷²
1089 2567 1185 2625 exinde
1213 2567 1286 2624 omni
1309 2565 1482 2639 dispositioni
1510 2580 1567 2621 snas
1595 2560 1782 2635 voluntatique

134 2665 200 2708 soria
235 2652 304 2709 llosi
334 2653 499 2727 figuratum,
528 2657 614 2712 Patris
648 2659 869 2729 deprecatorem,
903 2672 931 2719 et
982 2656 1118 2732 praelecit3
1143 2656 1296 2713 diminuens
1324 2655 1399 2711 illuni
1427 2655 1535 2711 modico
1559 2652 1627 2709 citra
1654 2650 1780 2723 angelos,

134 2741 283 2797 oblatorem
320 2745 417 2800 animae
454 2761 510 2802 suae
542 2764 594 2819 pro
631 2748 723 2820 populi
750 2750 846 2808 salute.
876 2753 928 2810 Sed
983 2747 1054 2804 sicut
1071 2745 1140 2818 apud
1169 2744 1298 2801 Davidl³
1316 2745 1447 2814 seriptum
1469 2752 1510 2800 est
1529 2742 1617 2814 (Psoi.
1642 2756 1705 2808 llll,
1730 2741 1779 2809 ⁶)ss

134 2828 244 2895 sullicit,
261 2829 284 2884 si
307 2838 333 2886 et
348 2833 432 2903 lleysi
448 2835 555 2905 proprie
577 2835 691 2892 donatus
705 2844 747 2893 est
764 2839 882 2909 populus
894 2841 927 2896 ad
983 2849 1038 2906 qua
1063 2832 1241 2891 diminutione
1263 2834 1293 2888 in
1320 2835 1377 2888 ittet
1395 2847 1503 2906 (tuoque
1535 2829 1683 2905 dispositus
1709 2835 1783 2885 0⁸¹⁸

133 2933 265 2990 praesens.
298 2920 378 2990 Quod
411 2929 440 2977 ut
472 2922 588 2979 famulus
623 2927 760 2995 postulare
794 2935 886 2998 posset
913 2945 929 2985 a
981 2922 1131 2995 Petraeum
1149 2928 1179 2976 ut
1200 2922 1318 2977 hnmana
1340 2919 1547 2992 reprehenditis,
1577 2918 1699 2975 ediscens
1720 2917 1782 2987 jam

133 3008 268 3080 Domine,
298 3010 325 3065 id
359 3011 492 3068 Dominus
522 3029 537 3068 a
573 3029 603 3070 se
629 3017 783 3086 postulavit.
812 3019 854 3075 Ad
876 3009 1078 3094 boccissdefl
1107 3009 1264 3080 primordib
1285 3010 1342 3080 iam
1368 3007 1431 3064 inde
1458 3009 1605 3072 hominem.
1627 3007 1700 3080 qll⁰d
1724 3012 1784 3062 01²1

134 3095 207 3151 enim
223 3092 323 3153 timulo
336 3098 424 3156 dixit:
442 3101 508 3158 Sine
521 3117 576 3173 mc,
592 3107 619 3159 ct
632 3103 795 3177 disperdam
809 3107 882 3172 illos,
899 3116 929 3164 ut
981 3098 1090 3157 futurus
1116 3098 1145 3154 iss
1173 3098 1235 3156 fine·
1262 3099 1309 3154 iiie
1332 3105 1373 3153 0³1
1401 3097 1446 3171 qui
1473 3096 1632 3164 descendit
1653 3094 1710 3160 ilie.
1735 3093 1783 3165 (lui

134 3182 181 3239 ille
194 3185 368 3256 postulando,
382 3195 409 3242 et
432 3188 610 3261 semetipsum
623 3190 762 3249 eliciendo
786 3211 840 3249 non
855 3195 927 3252 sine·
982 3187 1143 3263 interrogat;
1157 3187 1212 3256 illc,
1236 3187 1282 3259 qui
1301 3187 1438 3260 postulat,
1454 3186 1511 3255 ille,
1528 3186 1573 3259 qui
1585 3186 1668 3255 jurat.
1692 3183 1784 3239 Caete-

134 3279 190 3337 rct;
207 3280 288 3346 atque
302 3274 338 3332 ita
347 3274 478 3343 disceres,
493 3287 624 3350 qnantum
644 3279 723 3337 liceat
737 3280 808 3339 sideli
822 3291 849 3338 et
863 3299 930 3354 pro·
984 3293 1043 3332 lum
1070 3278 1105 3349 ⁷⁴,
1133 3278 1238 3333 philem
1267 3275 1368 3332 6666666
1400 3276 1498 3342 Visum,
1530 3275 1610 3331 eliam
1638 3287 1786 3330 00mm¹l⁰⁰

134 3361 224 3432 phetae
238 3365 309 3435 apud
322 3365 412 3423 Deum
430 3366 498 3440 (lt).
983 3365 1122 3420 testabitur
1153 3363 1340 3436 Evangelium,
1370 3363 1476 3421 dicente
1509 3364 1618 3433 (llicit.
1661 3377 1706 3431 xi,
1736 3359 1784 3432 27)

984 3453 1113 3509 Christo:
1130 3454 1214 3510 Nemo
1237 3454 1362 3523 conuenit
1377 3454 1493 3511 Patrem
1511 3453 1570 3508 etsi
1594 3451 1705 3521 Filius,·
1723 3450 1786 3521 ipse

404 3505 515 3566 CAPUT
544 3507 661 3567 XXVII·
984 3542 1057 3597 enirn
1086 3549 1113 3597 et
1141 3540 1230 3597 Veteri
1257 3541 1427 3597 Testamenta
1463 3539 1650 3613 pronuntiarat
1679 3537 1784 3608 (Ksed.

171 3629 230 3686 lani
258 3646 331 3688 nnnc
357 3639 388 3688 ut
414 3640 439 3688 et
466 3641 566 3690 eaetera
592 3637 754 3707 compendio
781 3638 930 3706 absolvam,
983 3645 1085 3696 xxxiii,
1102 3630 1148 3701 20)
1164 3646 1170 3687 :
1188 3632 1275 3690 ccum
1294 3647 1376 3689 nemo
1390 3629 1504 3698 uidebit,
1521 3631 1654 3705 stoicem·
1676 3628 1787 3682 Patrem

136 3733 304 3790 quascunque
321 3719 410 3776 adhuc
429 3728 457 3776 ut
481 3722 578 3793 pusilla
599 3730 625 3779 et
647 3723 797 3782 infirmasi
819 3727 932 3799 indigns
984 3719 1143 3775 invisibilem
1171 3718 1361 3784 determinans,
1390 3716 1418 3772 iii
1446 3719 1525 3787 cujus
1555 3717 1719 3773 auctoritate
1759 3722 1787 3772 et

137 3802 265 3877 colligitis
293 3806 327 3861 ad
349 3806 560 3865 destructionem
583 3810 737 3883 creatoris,
762 3813 876 3885 simplici
904 3823 931 3871 et
985 3817 1095 3872 nominc
1117 3815 1254 3889 ipseerst
1277 3815 1360 3881 Deus,
1382 3815 1429 3887 qui
1450 3816 1591 3871 videbatur
1614 3813 1663 3872 Dei
1689 3813 1786 3869 Filius.

137 3902 211 3952 certa
242 3894 345 3951 ratione
381 3912 563 3969 proponam:
592 3902 680 3958 Deum
716 3918 772 3959 non
810 3905 931 3976 potuisse
978 3904 1040 3963 Sed
1074 3915 1100 3962 et
1129 3921 1215 3979 penes
1249 3919 1298 3960 rios
1325 3904 1447 3962 Christus
1483 3904 1512 3959 in
1543 3918 1659 3977 persona
1685 3902 1788 3967 Christi

135 3981 271 4040 humanos
288 3997 451 4057 congressus
473 3985 551 4057 inire,
566 3988 619 4045 nisi
638 3991 772 4048 humanos
795 4000 824 4049 et
837 4008 932 4050 sensus
981 3992 1113 4065 decipitur
1139 3993 1206 4065 (lt),
1231 3992 1294 4067 quia
1317 4001 1344 4049 et
1362 3994 1415 4050 hoc
1432 3993 1513 4049 modo
1528 3997 1620 4049 noster
1633 4000 1682 4048 est.
1699 3991 1788 4064 Igitur

137 4081 166 4128 et
186 4069 302 4130 allectus
325 4074 498 4146 suscepisset,
523 4093 571 4149 per
598 4093 667 4152 quos
696 4081 752 4139 vim
779 4083 931 4155 majestatis
983 4097 1152 4156 quacunque
1186 4081 1295 4155 exigitis
1333 4081 1388 4138 Deo
1433 4081 1524 4154 digna,
1568 4079 1740 4138 habebuntur
1759 4081 1787 4138 iii

824 4179 921 4243 Variae
942 4182 1096 4244 lectiones.

166 4273 198 4356 ‘⁶³
211 4274 307 4330 iurans
326 4276 426 4333 Wouie.
440 4278 465 4317 66
479 4279 531 4335 Pro
546 4279 701 4354 indignatus
715 4282 754 4338 ira
766 4286 848 4343 scrib.
865 4285 892 4340 in
908 4287 946 4341 ira
958 4287 1018 4359 liin.
1045 4288 1136 4344 Venct.
1150 4285 1175 4324 ⁶⁵
1189 4284 1278 4357 lnquit
1291 4285 1366 4366 cepi.
1388 4283 1473 4342 Semi.
1489 4284 1520 4367 66,
1533 4283 1699 4341 ldiserandos
1712 4285 1783 4340 lan.

137 4345 293 4402 miserando
309 4349 395 4405 illico.
412 4348 436 4386 66
447 4350 504 4406 Nec
517 4367 578 4408 cnm
590 4352 724 4410 haereticis
739 4355 823 4412 multo
842 4358 1146 4430 Wocwdeversancpl.
1160 4358 1245 4415 Semi.
1262 4357 1287 4395 66
1302 4357 1471 4411 Diversatuui
1486 4358 1547 4428 Rip.
1571 4357 1662 4413 Versat.
1678 4354 1704 4393 ⁶⁹
1718 4355 1789 4412 Sub-

134 4415 380 4560 &mimica-'³⁷⁰
394 4416 460 4479 ilinc
469 4423 558 4480 inser.
569 4424 686 4483 Semi-¹¹
698 4425 782 4496 Cujiis
791 4429 870 4484 Pam.
883 4428 969 4486 Semi.
984 4425 1009 4467 ⁷²
1018 4431 1054 4486 Ut
1063 4431 1144 4487 Pom.
1156 4429 1242 4487 Semi.
1255 4427 1279 4467 ⁷³
1291 4427 1358 4483 Eum
1369 4428 1448 4484 Pom.
1464 4428 1550 4484 mint.
1567 4427 1591 4465 66
1604 4425 1674 4494 Quia
1693 4427 1785 4484 inser.

831 4569 1080 4636 Commentarius.

158 4666 232 4750 ild)
242 4669 332 4742 Atque
342 4671 385 4726 ito
394 4672 523 4743 disceres,
533 4679 672 4748 qnantum
684 4676 768 4735 liceat
781 4676 869 4748 fideli,
878 4685 928 4736 etc.
946 4695 969 4775 n
984 4678 1084 4734 nostris
1115 4677 1145 4734 in
1170 4675 1249 4749 epist.
1280 4678 1315 4732 57
1342 4676 1378 4731 ad
1402 4676 1563 4734 Cornelium
1589 4679 1619 4733 ll.
1641 4674 1789 4749 Cypriani·

137 4737 267 4796 Similiter
294 4741 383 4797 locum
410 4744 483 4799 hunc
510 4745 708 4818 interpretatur,
733 4749 805 4821 quod
833 4765 930 4821 nempe
985 4751 1054 4806 Piis.

137 4810 252 4865 multum
286 4812 413 4879 ponderis
437 4816 535 4870 habeat
559 4818 646 4872 oratio
674 4829 829 4875 sanctorum
860 4821 932 4891 apud
1021 4820 1079 4892 (lt)
1091 4820 1142 4876 Sed
1157 4821 1184 4873 et
1192 4833 1276 4889 penes
1291 4832 1341 4872 uos
1358 4819 1486 4874 Christus
1501 4819 1533 4874 in
1546 4834 1668 4891 persono
1680 4818 1788 4876 Christi

137 4880 234 4946 Deum,
246 4881 276 4936 B.
292 4883 479 4954 Hieronymus,
495 4901 555 4957 cap.
572 4890 619 4956 28,
630 4891 661 4943 in
676 4891 773 4948 Ezech.
795 4908 854 4963 cap.
871 4906 930 4958 xiii,
985 4893 1138 4963 accipitur.
1165 4888 1209 4945 Sic
1225 4889 1320 4944 habent
1338 4889 1510 4969 exemplaria.
1527 4890 1571 4944 hit
1585 4897 1675 4947 autem
1695 4889 1788 4962 Septi·

138 4958 166 5006 et
189 4952 331 5023 lipsiaco
353 4955 491 5012 Gaudent.
517 4958 632 5030 cyrillus
654 4961 743 5028 Alex,
767 4962 846 5019 lib.v
868 4964 930 5020 odo.
986 4962 1077 5017 mins:
1104 4961 1191 5015 Nemo
1210 4960 1291 5014 homo
1306 4961 1390 5014 Deum
1406 4960 1472 5015 vidit
1495 4961 1597 5027 vivens,
1618 4961 1646 5016 in
1666 4975 1789 5043 persona

137 5022 297 5078 luliacum.
316 5045 328 5076 ι
348 5025 428 5097 Atqui
444 5027 467 5084 si
482 5029 596 5099 apostoli
616 5040 643 5087 et
657 5044 725 5090 mart
745 5049 798 5098 res,
816 5052 830 5084 i
846 5032 933 5104 inquit
986 5031 1198 5088 Patris'scilicet.
1214 5032 1248 5085 itt
1263 5030 1387 5085 viderunt
1403 5030 1529 5087 homines
1543 5033 1651 5087 Patrem
1664 5048 1693 5087 m
1707 5032 1786 5098 Filio.

137 5093 168 5148 B.
193 5091 374 5166 llieronymus
397 5097 459 5156 odo.
490 5100 683 5173 Vipilootium,
704 5051 749 5158 nii
772 5104 826 5159 hoc
844 5102 932 5173 ipsum
985 5102 1050 5176 quia
1069 5117 1177 5175 semper
1186 5104 1242 5171 egit
1256 5101 1340 5158 Filius
1354 5102 1382 5156 in
1396 5100 1445 5156 Dei
1471 5103 1555 5157 Patris
1574 5103 1695 5160 nomine.
1712 5103 1789 5159 Pater

138 5164 292 5245 exemplum
328 5168 427 5239 Moysis
460 5171 576 5238 adducit,
606 5195 616 5222 ι
645 5174 734 5231 adhuc
760 5174 788 5228 in
821 5189 933 5244 corpore
987 5181 1078 5230 autem
1101 5180 1127 5229 ct
1150 5171 1232 5229 Filius
1260 5186 1343 5228 urimo
1365 5180 1437 5242 sunt,
1462 5173 1520 5229 sive
1543 5190 1614 5229 unus
1638 5176 1722 5231 Deus.
1743 5174 1789 5230 Sic

137 5237 287 5302 constituti,
310 5248 423 5308 possunt
446 5256 524 5298 orare
547 5258 597 5312 pro
619 5245 734 5310 caeteris,
754 5246 861 5317 quando
882 5258 933 5315 pro
986 5245 1073 5300 Filius
1090 5244 1149 5318 ipse
1163 5251 1220 5300 erat
1238 5245 1321 5310 Deus,
1341 5260 1422 5316 quem
1442 5244 1564 5300 homines
1584 5246 1720 5302 viderunt.
1743 5245 1789 5302 Sic

138 5321 168 5362 se
195 5307 295 5364 debent
308 5311 395 5366 adhuc
417 5328 478 5368 esse
501 5312 625 5382 solliciti,
640 5324 739 5384 quanto
763 5316 849 5389 magis
872 5323 934 5396 post
987 5317 1122 5374 Christum
1139 5330 1189 5370 rios
1205 5315 1358 5386 Christiani,
1378 5330 1432 5371 non
1448 5317 1620 5380 Marcionitae,
1641 5316 1789 5386 accipimus

137 5391 261 5445 coronas,
288 5381 416 5438 victorias
433 5389 459 5436 et
482 5382 665 5455 triumphos?
686 5403 698 5435 i
723 5385 798 5440 Facit
821 5385 934 5458 proinde
987 5387 1044 5444 sive
1067 5387 1244 5460 intelligimus
1262 5387 1348 5444 Deum
1365 5386 1392 5440 io
1407 5401 1526 5458 persona
1544 5387 1656 5454 Christi;
1673 5387 1737 5460 qnia
1759 5395 1789 5443 et
1850 5430 1852 5439 .

137 5448 215 5506 locus
244 5452 295 5507 iste
322 5468 371 5521 pro
399 5451 565 5508 oradonibus
592 5462 747 5512 sanctorum
772 5455 821 5528 pro
844 5458 932 5530 nobis,
987 5459 1040 5515 hoc
1061 5459 1142 5517 niodo
1160 5467 1252 5516 noster
1270 5466 1311 5514 est
1332 5457 1415 5514 [leus.
1429 5459 1497 5533 Nam
1511 5465 1537 5515 et
1556 5459 1638 5516 homo
1652 5459 1786 5516 Christus.

137 5519 219 5601 atisin
237 5523 381 5594 posthanc
403 5522 498 5597 vitam3
514 5524 547 5580 de
569 5527 679 5597 quibus,
694 5527 732 5583 uti
755 5536 782 5583 et
804 5527 838 5585 de
853 5528 933 5585 iuvo—
987 5530 1051 5588 hin.

138 5598 242 5650 catione
259 5594 379 5666 ipsorum
392 5601 558 5668 modorum,
572 5602 626 5658 late
651 5599 827 5659 tractavimus
840 5601 931 5661 adnot.
