3840 6134
859 302 902 361 Oli
920 301 1065 362 CORONA.

282 669 362 835 O.
431 671 663 813 SEPT.
726 672 977 813 FLOR.
1037 670 1636 814 TERTULLIANI

821 940 1146 1058 OPERUll'

337 1158 1053 1268 euurrs'eosreurours
1088 1173 1319 1265 sentes
1355 1175 1580 1266 auton.

575 1377 829 1493 unm
879 1376 1333 1511 Potamos,

644 1588 686 1642 te
706 1587 861 1645 AUCTORE
881 1587 1096 1643 MONTleSTl
1124 1587 1269 1642 statutt.

576 1917 777 2034 LIBER
819 1918 908 2032 OE
951 1917 1235 2035 CORONA
1282 1897 1339 2034 (¹).

160 2306 421 2361 auennensem-
433 2305 511 2361 lnter
520 2319 640 2376 eosquos
650 2304 681 2361 in
692 2303 877 2363 llontauismo
888 2306 1018 2362 ecvrnvtr
1037 2305 1230 2362 Tertullianus
1242 2306 1337 2371 libros,
1349 2306 1693 2377 primuntlocumobtinet
1713 2306 1784 2362 liber
1843 2314 1845 2318 “

130 2393 157 2449 de
172 2396 293 2463 Corone,
310 2410 390 2450 anuo
404 2392 512 2450 Christi
527 2392 582 2449 Ct'l
594 2393 698 2457 editus,
712 2394 963 2466 quemadmodum,
979 2395 1143 2467 perdoctum
1163 2400 1277 2451 secutus
1293 2396 1476 2458 Noessetturn,
1497 2398 1528 2451 in
1542 2412 1595 2451 sua
1622 2395 1783 2467 praemiali

130 2482 330 2539 dissertatione
346 2485 471 2555 lumper
494 2470 654 2538 luculenter
677 2482 891 2539 dernonstravit.
914 2484 1093 2540 Occasionem
1112 2482 1251 2541 scribendi
1269 2484 1353 2555 liujus
1369 2489 1513 2541 tractatus
1533 2485 1645 2541 auctori
1657 2485 1782 2557 praebuit

131 2575 228 2628 militis
241 2576 362 2641 pactum
379 2572 501 2643 infmia
513 2571 627 2628 exordio
644 2572 788 2644 elequntcr
798 2573 1056 2645 enarratum,quod
1065 2589 1133 2629 cum
1142 2571 1374 2630 Christianorum
1388 2574 1523 2631 rroanulli
1533 2573 1780 2646 reprehenderent,

130 2662 268 2734 militique
278 2663 438 2719 Ecclesiam
447 2660 531 2732 louqa
539 2675 609 2732 pace
618 2662 763 2731 fruentem
769 2664 871 2719 temere
880 2663 1008 2734 periculo
1016 2662 1211 2735 exponendam
1221 2663 1459 2736 improperarent,
1467 2661 1500 2721 de
1508 2667 1610 2721 ooetero
1624 2666 1782 2720 asserentes

130 2752 194 2807 itanc
208 2767 352 2809 coronam
366 2754 485 2821 qestare,
502 2764 560 2806 esse
574 2753 777 2806 ornamentum
790 2767 844 2806 sua
856 2757 1019 2808 ueteranos
1033 2753 1147 2815 bonum,
1163 2768 1215 2808 nee
1230 2753 1349 2816 malum,
1358 2753 1433 2809 solus
1452 2753 1654 2815 Tertullianus,
1664 2768 1716 2824 pro
1733 2769 1779 2807 as·

130 2856 186 2911 perv
200 2857 257 2896 suo
268 2840 398 2912 inqeniv,
411 2840 480 2894 libro
495 2838 528 2893 de
545 2840 652 2896 Corona
663 2840 768 2912 scripto
778 2840 880 2896 militis
895 2857 1011 2898 causam
1026 2843 1396 2914 propuqnavit,·acriterque
1410 2845 1536 2914 pastores
1552 2844 1583 2898 in
1596 2857 1663 2913 pace
1680 2842 1782 2906 leorres,

133 2931 157 2983 in
165 2932 271 3000 proelio
286 2945 382 2985 servos
395 2930 636 2999 tantalusque
645 2931 685 2986 sio
694 2929 1003 2986 coronariidololatrioe
1012 2931 1125 3001 siqnum
1136 2935 1216 2996 esset,
1228 2932 1603 3004 interroqantibusquonam
1625 2932 1785 3004 Scriptura

139 3016 184 3071 loca
195 3019 275 3073 tales
291 3033 406 3073 sermm
420 3019 528 3087 qutvrv
539 3015 745 3088 prohiberetur,
761 3019 943 3088 attsufficere
955 3018 1153 3075 traditionem.
1169 3021 1201 3074 lu
1215 3017 1265 3075 boc
1280 3021 1374 3091 itaque
1384 3019 1455 3075 libro
1468 3020 1652 3076 traditionem
1667 3023 1696 3075 et
1717 3036 1783 3076 con·

142 3101 318 3161 suetudinem
332 3121 389 3162 nan
401 3106 576 3162 mediocriter
590 3107 715 3169 extollit,
727 3107 867 3177 pluraque
880 3104 989 3177 profert
1003 3106 1036 3162 de
1046 3109 1220 3163 ceremoniis
1234 3107 1474 3178 caemptanotatn
1483 3107 1581 3177 diqna,
1594 3125 1655 3181 quse
1668 3125 1705 3165 ea
1723 3113 1782 3163 tro·

141 3193 242 3250 liberte
262 3191 317 3249 15
330 3197 438 3266 recepta
447 3210 505 3252 esse
518 3194 672 3251 contendit.
693 3196 781 3264 Quam
791 3196 885 3266 opima
896 3198 934 3249 sit
948 3196 979 3250 in
993 3210 1022 3252 eo
1036 3195 1104 3251 libro
1119 3210 1215 3250 rerum
1230 3193 1458 3250 memorabilium
1473 3197 1705 3268 vetustarumque
1720 3212 1785 3252 con-

135 3284 323 3339 suetudinum
334 3285 530 3356 eopia‚pateat
544 3299 581 3339 eo:
591 3284 710 3356 ipsomet
720 3286 810 3341 totius
826 3284 892 3340 libri
911 3284 1054 3358 synoptico
1068 3287 1229 3356 conspectu.
1451 3357 1453 3361 .

165 3375 235 3428 Cum
250 3373 346 3444 iqitur
357 3377 510 3443 proesrocte
526 3374 624 3430 sonuit
639 3389 772 3430 coronam
781 3376 892 3445 qestarc
903 3376 1004 3429 contra
1015 3387 1120 3430 morsm
1134 3389 1191 3430 esse
1206 3375 1234 3427 ct
1247 3371 1432 3429 traditionem
1445 3371 1684 3434 Christianorum,
1696 3371 1785 3428 obiter

135 3459 261 3515 describit
272 3459 410 3532 baptismi
425 3462 617 3529 ceremonias,
628 3461 678 3516 SS.
689 3461 1072 3527 Eucharistisesacramenta,
1082 3460 1307 3532 obtatioaentpro
1318 3460 1471 3530 defunctis,
1485 3477 1536 3533 pro
1549 3459 1696 3515 natalitiis
1703 3474 1783 3513 rnor-

134 3551 235 3618 tpnm,
251 3547 434 3604 Dominicam
444 3549 529 3615 diem,
535 3551 694 3621 jejunium,
711 3550 804 3606 crucis
817 3552 848 3605 in
859 3552 956 3621 fronte
969 3552 1093 3622 siqnutn.

167 3639 242 3701 turn,
261 3637 298 3692 ad
308 3654 396 3694 suum
410 3638 655 3710 seopumredisns‚
670 3642 745 3694 totus
759 3640 789 3693 in
804 3655 916 3696 coroaoe
930 3656 1013 3695 usura
1028 3638 1283 3712 invebitsvr,·qnem
1296 3639 1357 3694 vult
1373 3638 1416 3693 vel
1432 3643 1537 3694 statura
1555 3636 1710 3711 prohiberi,
1727 3636 1784 3693 imo

132 3727 265 3797 vrs'qinem
280 3727 406 3783 redolere
420 3729 773 3800 superstitiosam,saltern
787 3730 933 3785 insuetum
948 3745 1007 3785 esse
1029 3727 1213 3799 patriarchis,
1228 3726 1383 3800 prophetis,
1401 3728 1504 3791 levitis,
1522 3744 1573 3784 nee
1588 3743 1645 3783 non
1665 3730 1693 3784 et
1710 3731 1782 3785 lens·

132 3815 243 3882 plebei,
258 3833 340 3872 areoe
351 3819 529 3881 testamenti,
548 3817 740 3874 tabernaculis
751 3818 911 3891 martyriis,
927 3815 1040 3872 demum
1054 3817 1137 3873 nulla
1152 3817 1290 3874 utendum
1298 3831 1355 3873 esse
1371 3832 1484 3880 corona,
1500 3819 1557 3871 sive
1573 3818 1710 3905 militari,
1726 3818 1784 3874 sive

133 3904 313 3975 triumphali,
328 3905 386 3962 sive
399 3906 550 3971 castrensi,
568 3909 625 3962 siue
638 3906 748 3973 laurea,
761 3922 884 3963 aureave
902 3906 1119 3976 maqislratibus
1129 3921 1268 3973 concessa,
1278 3906 1334 3963 sive
1347 3920 1450 3963 corona
1465 3905 1583 3971 taetitia,
1599 3909 1653 3962 aut
1666 3908 1785 3980 nuptia·

133 4007 202 4056 rum,
219 3993 422 4051 libertorumve
437 3995 481 4049 uvi
495 3996 658 4064 apont'slica
679 3995 832 4066 pollestris,
849 3995 951 4067 quippe
965 4011 1031 4050 cum
1047 3999 1156 4051 sertum
1174 3995 1322 4066 spinarum
1337 3994 1423 4050 sublit
1445 3993 1585 4062 cbristus,
1599 3994 1784 4050 Christianis·

133 4095 181 4150 qve
194 4081 236 4136 sit
252 4083 287 4135 in
299 4083 378 4138 coelis
393 4084 517 4154 reposita
531 4098 645 4139 corono.
663 4082 732 4138 Enn.

368 4255 700 4316 lacuturnenses.
985 4259 1094 4323 milites,
1110 4258 1230 4317 laureati.
1249 4259 1401 4317 Adhibetur
1415 4260 1525 4330 quidam
1540 4261 1596 4317 illio
1620 4260 1706 4332 magis
1734 4259 1782 4316 Dei

161 4347 289 4403 Proxime
312 4346 385 4404 iacta
404 4355 445 4403 est
472 4348 618 4404 liberalitas
643 4348 929 4419 praestantissimorum
985 4349 1072 4418 miles,
1088 4348 1191 4404 caeteris
1212 4350 1376 4407 constantior
1400 4349 1538 4416 tratribus,
1566 4353 1611 4422 qui
1631 4367 1660 4407 se
1678 4350 1784 4407 dnobus

130 4435 323 4507 imperatorum
347 4437 423 4508 1(2),
453 4441 676 4511 expungebantur
699 4440 750 4511 (3),
780 4437 807 4492 in
834 4437 931 4493 eastris
984 4437 1100 4494 dominis
1135 4437 1236 4493 servire
1259 4452 1339 4508 posse
1367 4448 1594 4510 praesumpserant
1622 4442 1673 4510 (l),
1708 4440 1784 4496 solus

815 4562 909 4625 Variae
930 4565 1085 4626 lectiones.

162 4669 170 4705 ¹
181 4669 228 4723 lta
238 4666 332 4723 libers.
343 4670 372 4724 et
383 4669 477 4725 Gelen.
490 4684 527 4725 eu
537 4671 706 4725 auctoritate
716 4668 776 4724 eod.
790 4668 977 4738 Georqiensis.
988 4668 1092 4725 lunius
1107 4685 1184 4725 ems.
1200 4668 1268 4724 laeta
1280 4666 1448 4730 liberalitate,
1461 4675 1514 4721 eto.
1539 4667 1638 4723 sitirent
1653 4665 1781 4736 scriplu-

130 4754 187 4794 mm
206 4738 336 4813 protulit
360 4740 419 4810 liiq.
435 4756 446 4796 .·
461 4737 581 4811 proxime
609 4737 706 4794 laetum
721 4747 796 4796 est...
821 4738 967 4793 liberalitas
980 4767 1016 4781 -
1033 4741 1242 4812 expungebatur
1262 4739 1289 4793 in
1303 4738 1445 4795 eastris-
1468 4736 1565 4791 milites
1583 4734 1694 4792 lanmnti
1720 4736 1780 4790 adi-

129 4809 201 4864 bant.

825 4880 1075 4944 Cututueutnrins.

159 4989 260 5056 little
282 5003 399 5043 corona.
428 4986 472 5043 Sio
495 4985 647 5043 inscribitur
675 4987 717 5043 trie
739 4985 849 5042 tiberin
864 4987 925 5042 eod.
981 4986 1086 5042 raaallse
1104 4985 1161 5050 filii,
1186 4986 1236 5040 sub
1259 4986 1356 5058 quibus
1378 4985 1573 5043 Tertullianum
1598 4985 1722 5046 floruisse
1748 4989 1779 5044 l).

125 5058 277 5132 Agebardu
294 5074 348 5115 non
364 5065 393 5112 ut
406 5059 496 5140 vulgo,
509 5061 547 5116 lle
562 5058 671 5114 Corona
681 5058 794 5114 militis.
807 5057 840 5111 Et
854 5067 928 5111 veto·
983 5059 1164 5130 Hieronymus
1178 5066 1270 5113 auctor
1296 5069 1337 5115 ost
1360 5059 1387 5115 in
1410 5058 1536 5113 illustrib.
1551 5057 1678 5115 eulasia
1705 5058 1780 5117 viris.

126 5145 178 5185 rem
193 5146 310 5185 manum
324 5144 357 5183 eo
371 5127 497 5184 libentius
510 5129 656 5201 sequimur,
677 5128 748 5199 quod
763 5129 812 5183 etsi
827 5129 860 5182 ab
875 5127 928 5181 mi·
983 5129 1075 5186 lirina.

127 5199 174 5256 litis
183 5202 336 5273 enjusdam
345 5199 464 5256 facinore
474 5201 622 5270 Septimius
632 5201 800 5256 occasionem
810 5199 929 5255 scribon·
1020 5202 1059 5270 (3)
1077 5203 1331 5275 liupunqebuntur.
1345 5200 1474 5268 Subaudi,
1497 5201 1638 5259 donativo.
1656 5203 1721 5257 Nam
1744 5201 1780 5256 li-

125 5271 150 5325 di
163 5272 328 5344 sumpserit,
350 5277 440 5326 tamem
451 5272 522 5325 haurd
539 5273 614 5327 solos
633 5271 741 5338 milites,
756 5270 804 5324 sed
817 5285 926 5324 ‹smnern
982 5272 1130 5328 beralitatis
1143 5275 1211 5329 laeta
1225 5280 1267 5329 est
1282 5273 1383 5329 mentia
1399 5291 1405 5327 :
1423 5275 1528 5330 honest
1545 5273 1701 5328 donativum
1717 5288 1780 5340 pro-

126 5345 237 5399 omnino
254 5341 436 5399 Christianum
456 5342 490 5396 ab
512 5357 622 5399 eoronae
646 5341 794 5415 gestamine
808 5341 926 5412 depellit.
982 5343 1094 5399 missurn
1109 5343 1215 5401 militib.
1230 5345 1386 5402 solemniter
1400 5345 1598 5412 exsolvebatnr,
1616 5345 1675 5399 sive
1690 5358 1776 5417 pres·

127 5412 289 5470 maturans.
982 5415 1173 5472 tubunnilre.

160 5487 199 5557 lt)
222 5483 496 5544 messanensium.
521 5485 609 5556 impp.
631 5481 764 5538 Videlicet
777 5481 806 5540 L.
831 5482 925 5552 Septi·
1017 5487 1058 5557 (t)
1072 5486 1509 5561 Duobvsdominisservireposse
1526 5487 1779 5561 praesumpserant.

129 5557 173 5613 nii
199 5555 300 5614 Severi
325 5555 439 5628 patris,
466 5562 495 5611 et
520 5558 555 5612 ltl.
582 5554 684 5610 aurelii
713 5552 848 5611 Antonini
871 5554 926 5611 Ca·
982 5557 1040 5613 Deo
1058 5558 1282 5615 elcesaitae.
