3840 6134
141 350 195 416 ist
782 345 845 408 ais.
866 345 1170 414 insciamansit.
1265 324 1269 332 ’
1747 359 1800 421 sii
1904 408 1909 415 ,

143 489 210 544 m,
223 476 311 536 nmis
336 477 397 547 ejus
417 485 637 533 renuumaturas
649 475 672 515 ⁶¹
690 514 697 530 .
714 473 769 532 Sed
782 480 809 530 et
826 474 941 530 zelotem
957 492 983 574 ι
997 476 1107 536 bomine
1120 481 1255 556 deposuit,
1272 496 1321 554 pro
1349 483 1467 555 imagine
1491 492 1519 541 et
1540 486 1715 546 similitudino
1733 502 1797 563 sne,

141 572 230 628 Dauni
240 567 307 624 aiibi
319 567 345 607 ⁶²
359 564 476 630 exbibet,
489 564 589 620 malain
603 565 675 620 nisio
690 563 867 621 reddentem:
887 564 941 633 Qui
998 580 1054 623 non
1069 567 1155 625 aliena
1165 570 1210 637 ⁶²3
1229 577 1267 636 nt,
1287 572 1415 643 qnoniam
1434 573 1517 628 borno
1533 587 1588 629 non
1602 577 1747 635 erubuerat
1759 579 1798 637 la·

141 653 943 732 mmdnqujgmgesfugrit,etegocorifcndoreius
996 655 1084 728 pidem
1094 666 1120 714 et
1129 658 1363 734 lignurnadorans,
1371 660 1466 717 eadem
1475 663 1688 722 constantianon
1699 669 1799 726 eoniu-

142 746 308 818 ss,Quando
329 758 380 801 nec
405 741 572 800 confusionis
594 743 703 799 materia
716 741 866 813 conveniat,
891 741 944 796 nisi
996 747 1798 822 susdeChristo,proimpudentiaidololatriae,satislleola·

143 835 329 895 msocbristo
354 852 361 890 ε
385 834 464 904 cuins
480 832 548 890 ordo
563 831 649 907 magis
667 831 811 905 pudendus
829 831 898 903 (96),
913 838 945 887 nt
997 841 1070 891 aeret
1080 850 1128 908 per
1140 835 1337 909 impudentiam
1351 836 1489 907 idei(9³).
1504 837 1575 908 Quid
1584 838 1681 898 horum
1691 843 1799 900 Cliristo
1866 852 1874 869 ·

141 927 225 985 etiarn
251 923 440 981 baereticorum
463 921 589 979 conviciis
615 930 717 996 pateat,
739 937 848 980 omnem
870 921 944 977 nait·
997 926 1189 998 tuocompetit,
1204 925 1508 993 biarcion,adrueiitnm
1518 928 1798 989 mansioniseiiane
1910 984 1917 1000 ,

142 1015 234 1072 sitatis
255 1023 283 1070 et
305 1011 473 1068 educationis
504 1011 664 1078 foeditatein,
701 1009 787 1083 ipsius
814 1011 840 1050 ⁶⁵
865 1009 945 1069 etiam
997 1012 1099 1086 pudere
1113 1022 1140 1071 te
1159 1015 1251 1082 debet,
1266 1017 1339 1090 qnod
1356 1016 1432 1072 illum
1448 1016 1507 1089 ipse
1526 1016 1637 1077 finxisti.

141 1104 235 1164 earnis
252 1100 440 1177 indignitatem
468 1102 537 1174 (tl),
562 1109 661 1173 quanta
688 1099 865 1157 amaritudine
878 1115 946 1173 pos·

142 1203 207 1252 sunt
227 1190 422 1266 perorantibus
443 1190 479 1245 ⁶⁶.
502 1189 645 1258 Ceterum,
673 1189 810 1263 quomodo
829 1188 874 1245 ille
893 1189 947 1247 crit
1297 1158 1409 1217 CAPUT
1428 1158 1516 1218 m·

143 1281 286 1341 obnoxius
312 1278 477 1347 confusioni,
489 1278 535 1351 qui
558 1294 621 1335 eam
635 1294 689 1337 non
704 1278 775 1352 capit
790 1281 869 1335 trion
884 1280 946 1335 inl·
1035 1281 1102 1337 Nam
1116 1289 1144 1337 et
1158 1282 1209 1340 boe
1222 1284 1266 1342 val
1279 1284 1397 1340 mannis
1412 1287 1574 1346 erubescere
1584 1287 1710 1357 debuisti,
1726 1292 1798 1365 qnod

142 1388 187 1441 ra,
200 1372 267 1429 licet
279 1369 403 1443 uirginis,
419 1376 511 1426 tamen
530 1367 649 1439 famina,
675 1368 836 1442 coagulatus
852 1388 859 1439 3
875 1376 902 1425 et
923 1369 946 1424 si
1000 1368 1076 1425 illuni
1090 1385 1152 1427 cnm
1165 1371 1258 1444 lloyee
1273 1382 1300 1430 et
1317 1373 1376 1429 Elia
1389 1375 1417 1430 in
1439 1390 1549 1432 secessu
1565 1378 1665 1435 montis
1679 1381 1798 1452 conspici

141 1476 197 1520 aon
211 1460 326 1528 semine,
347 1467 438 1516 tamen
453 1474 487 1516 er
502 1458 560 1530 lege
578 1457 735 1515 substantia
745 1457 903 1530 corporalis,
913 1473 947 1513 ex
1000 1458 1110 1528 puteris,
1125 1475 1238 1532 quorum
1261 1461 1414 1520 destructor
1436 1465 1592 1523 advenerat.
1613 1466 1669 1524 lloc
1696 1468 1800 1526 seilicet

141 1552 253 1609 leminea
283 1552 399 1608 bimore
417 1549 475 1622 (99)
501 1567 508 1602 :
533 1563 589 1604 nou
603 1561 666 1605 earo
690 1548 873 1604 habitusante
892 1548 948 1604 lor·
1000 1544 1115 1619 intelligi
1126 1549 1211 1605 ioliiii
1224 1564 1276 1606 roi
1292 1549 1337 1607 illa
1351 1552 1385 1608 de
1395 1554 1482 1610 coelo:
1499 1555 1548 1613 llic
1561 1560 1603 1613 est
1618 1556 1707 1615 Filius
1717 1575 1798 1616 metis

144 1656 220 1698 mani
231 1658 239 1697 :
250 1655 304 1697 non
319 1653 405 1712 pecus
423 1638 511 1695 dictus
526 1647 585 1709 post
603 1637 716 1709 liguram
733 1637 792 1710 (99)
808 1654 815 1692 :
831 1653 884 1695 non
899 1638 948 1694 de·
1004 1632 1084 1691 418
1098 1636 1229 1703 dilectas,
1245 1637 1321 1694 banc
1336 1641 1434 1699 cadite
1454 1662 1463 1697 :
1487 1643 1515 1697 id
1538 1651 1590 1709 est,
1607 1658 1660 1700 non
1685 1645 1798 1705 ldovseii

143 1746 206 1789 cem
224 1730 249 1771 66
270 1728 404 1786 mensim
420 1727 539 1784 cruciatu
558 1725 816 1784 dannetibeiaius
832 1727 857 1766 66
870 1728 945 1799 (99);
963 1721 1052 1805 fljam
1068 1723 1203 1780 etlilium.
1223 1726 1297 1797 Ergo
1323 1726 1477 1784 sufficiebat
1504 1746 1560 1786 sor
1588 1732 1647 1786 sola
1670 1704 1740 1789 sine*
1753 1748 1798 1791 os·

147 1835 208 1877 nou
230 1820 318 1878 subita
339 1817 464 1874 dolorum
490 1816 670 1873 concussione
696 1831 760 1872 cnm
785 1817 853 1872 tanti
877 1823 949 1873 teni-
1003 1813 1149 1871 mutatione
1163 1812 1289 1885 ldoysiei
1316 1816 1567 1874 intransitorium
1586 1820 1612 1859 66
1631 1821 1799 1893 enlmqiiem

152 1909 231 1981 poris
243 1905 385 1979 ennom)
401 1904 586 1981 percorporis
600 1903 835 1961 cloacameliusns
848 1905 950 1962 adter-
1002 1902 1137 1969 audirent,
1169 1917 1344 1976 quoscunque
1373 1906 1441 1963 alios
1467 1905 1599 1964 vetuisset
1620 1909 1716 1966 audiri.
1744 1898 1800 1970 Aut

150 2013 210 2053 rani
222 2015 231 2052 .·
245 2012 294 2054 nee
307 1995 395 2054 mtim
412 1995 501 2052 lucein
526 1994 653 2064 lacrymis
671 1992 900 2065 suspiciones)
921 2007 949 2056 et
1002 1991 1134 2066 numquid
1148 1992 1244 2049 isaiam
1254 2000 1280 2050 et
1294 1994 1438 2051 ieremiam
1466 1999 1634 2069 ceterosque
1650 2013 1718 2070 qnos
1745 2015 1800 2057 noii

143 2086 235 2159 primo
250 2085 390 2143 retinaculi
403 2084 445 2139 sui
459 2085 572 2140 vnlnere
591 2101 598 2138 :
620 2097 672 2140 nec
683 2082 795 2139 multum
815 2081 946 2140 ablutus,
1001 2081 1129 2152 ostendit,
1149 2081 1274 2155 permisit
1294 2083 1396 2154 audiri,
1415 2085 1439 2141 si
1454 2087 1538 2143 vetuit
1560 2102 1631 2158 quos
1654 2087 1800 2145 ostendit?

141 2189 193 2231 nee
225 2173 283 2230 sale
318 2180 346 2230 et
378 2171 459 2229 melle
486 2171 635 2228 medicatas
656 2187 730 2229 :nec
766 2171 863 2243 penms
891 2172 946 2244 jam
1000 2173 1078 2231 Nunc
1111 2180 1138 2229 et
1168 2189 1191 2229 si
1227 2175 1373 2245 praesentia
1414 2175 1522 2232 illorum
1552 2174 1603 2232 snit
1636 2179 1798 2245 necessaria,

139 2264 292 2335 sepulturae
305 2262 476 2319 involucrum
494 2261 519 2301 66
541 2261 681 2328 initiatns;
697 2276 747 2318 nec
775 2261 874 2317 exinde
897 2277 947 2332 per
1000 2277 1055 2320 non
1068 2262 1161 2335 utique
1180 2263 1208 2317 iii
1223 2262 1364 2336 colloquio
1384 2265 1600 2330 ostenderentur,
1621 2265 1695 2339 quod
1721 2265 1799 2323 lami·

140 2351 317 2410 immunditie
329 2353 401 2409 inter
415 2351 491 2408 sinus
503 2352 651 2417 volutatus,
667 2351 800 2408 molestus
814 2350 946 2408 uberibus
1000 2352 1125 2411 liaritatis
1137 2350 1269 2408 iudicium
1291 2358 1333 2407 est
1357 2369 1364 2407 ε
1381 2367 1431 2409 nec
1454 2351 1481 2407 in
1506 2351 1645 2410 consortio
1659 2353 1797 2421 claritatis,

140 2440 191 2498 diu
212 2440 314 2507 iulans,
337 2441 381 2497 vir
409 2457 488 2514 pner,
510 2439 584 2496 tarde
598 2441 624 2480 66
637 2442 741 2496 homo:
757 2440 808 2496 sed
820 2439 856 2496 de
874 2442 946 2499 caelo
999 2441 1071 2514 quod
1081 2439 1246 2512 dignationis
1259 2448 1285 2496 et
1299 2441 1396 2513 gratie
1408 2440 1560 2512 exemplum
1570 2448 1611 2497 est
1622 2459 1628 2496 :
1639 2443 1691 2497 sed·
1702 2443 1799 2500 insor-

141 2530 295 2603 exposltus,
311 2527 396 2586 semel
415 2528 538 2604 grandis,
554 2529 636 2586 semel
663 2535 745 2594 totas,
761 2528 851 2586 statim
867 2529 945 2585 Cbii-
999 2528 1234 2603 dihnsaliquibus,
1246 2528 1318 2600 quod
1332 2529 1525 2589 destructionis
1540 2538 1731 2603 argumentum
1746 2540 1797 2602 est,

143 2626 213 2687 stus,
240 2618 391 2690 spiritnset
416 2618 511 2683 rictus,
531 2623 558 2674 ct
580 2618 655 2673 Deus
674 2624 787 2674 tantum.
809 2617 944 2674 Caetcrum
998 2621 1053 2678 imo
1067 2619 1096 2675 in
1116 2618 1236 2676 tenebris
1258 2619 1402 2691 Creatoris,
1419 2619 1519 2693 quibus
1542 2619 1720 2678 discutiendis
1741 2630 1800 2678 arat

143 2715 174 2763 st
185 2723 242 2765 aon
260 2723 353 2775 serus,
368 2707 415 2779 qui
443 2722 497 2764 non
512 2707 664 2772 ridebatur,
682 2705 721 2762 ita
734 2722 784 2763 nec
800 2708 834 2764 de
856 2707 945 2764 crucis
998 2710 1109 2767 missus.
1123 2709 1215 2783 Longe
1228 2708 1309 2764 etiam
1331 2707 1471 2764 discretis
1490 2707 1611 2765 claritate
1625 2708 1737 2782 Christi,
1751 2713 1798 2783 qui

144 2796 290 2855 maledicto
300 2798 516 2866 erubescendus,
535 2784 616 2866 'cuius
637 2796 746 2854 carebat
760 2795 879 2863 veritate,
899 2812 945 2854 oa·
997 2808 1079 2852 voces
1093 2800 1120 2849 et
1134 2793 1235 2850 litteras
1248 2793 1322 2864 ipsas
1336 2806 1432 2850 cornui
1452 2793 1485 2848 ab
1508 2790 1657 2865 Evangelio
1669 2808 1719 2850 suo
1740 2798 1799 2850 erat

124 2900 208 2965 ‚rus
220 2900 347 2958 corpore.
359 2887 420 2943 Non
434 2895 538 2958 poterat
547 2884 640 2958 itaqua
653 2883 752 2943 dixisse
768 2905 775 2942 ι
794 2887 914 2957 Qcimei'
924 2886 948 2938 li
1002 2890 1187 2955 separatnms.
1201 2880 1290 2938 Siccis
1304 2881 1330 2920 66
1342 2879 1445 2938 alienos
1460 2880 1626 2937 demonstrat
1647 2880 1718 2949 illos,
1733 2881 1798 2938 dum

145 2978 280 3047 mtbsas
302 2977 403 3047 [aemi.
419 2977 519 3032 Noster
545 2976 599 3031 boc
617 2975 709 3031 debuit
732 2978 923 3049 pronuntiasse
940 2990 946 3026 :
1003 2987 1091 3027 secnrn
1107 2969 1207 3026 babet?
1223 2969 1263 3026 sic
1271 2968 1466 3038 relinquendos
1478 2969 1569 3037 docet,
1581 2985 1650 3043 quos
1665 2970 1718 3026 sibi
1728 2971 1797 3041 juii-

149 3060 304 3123 li'itoruttts
327 3082 345 3120 n
368 3067 451 3120 Patre
478 3065 587 3123 modico
612 3066 687 3121 citro
715 3066 830 3136 angelos
857 3064 944 3135 (Pscl.
1000 3061 1060 3132 git?
1085 3058 1126 3116 sic
1150 3058 1270 3127 destruit,
1300 3072 1370 3127 quos
1396 3057 1431 3114 de
1457 3057 1540 3115 radiis
1569 3059 1624 3115 suis
1661 3062 1799 3119 exstruit?

149 3152 393 3220 rru,t),·nsrmis,
408 3157 505 3211 sinon
519 3152 617 3219 bemm-
641 3153 803 3224 ignominie
822 3151 945 3209 domimo
998 3147 1069 3218 Quid
1094 3146 1193 3204 laceret
1216 3145 1339 3202 Christus
1361 3145 1505 3216 ipsorumt
1533 3145 1622 3203 Credo
1649 3152 1799 3207 secuudum

151 3241 386 3312 nullificamen
398 3241 498 3314 populi
511 3241 630 3313 (Psalm.
650 3257 708 3309 iiiii,
723 3243 750 3311 6)
764 3248 894 3312 quatenns
911 3240 947 3296 ita
999 3236 1213 3310 peruersitatem,
1228 3234 1295 3291 tales
1314 3249 1362 3292 eos
1384 3233 1539 3303 revelasset,
1561 3234 1658 3308 quales
1676 3237 1800 3294 Cbiistu⁶

151 3329 700 3401 mbitmtttaorceicscamerinorum.
712 3330 948 3400 aiii,b),utdede-
1001 3323 1143 3382 lisicionis
1159 3322 1311 3392 debuisset3
1327 3329 1373 3378 aut
1395 3335 1581 3395 quoscumque
1604 3321 1673 3378 ulios
1694 3338 1798 3394 secnin,

153 3432 207 3476 tore
219 3419 281 3489 eius
293 3420 370 3476 salus
382 3427 477 3476 nostia
489 3428 633 3477 constaret.
644 3420 678 3476 Et
692 3420 887 3491 meritnsepro
897 3433 948 3476 sno
1001 3430 1082 3488 quam
1119 3412 1264 3485 propbetas
1306 3425 1380 3468 ³⁶⁰³·
1416 3410 1472 3467 Sed
1504 3410 1570 3484 quid
1597 3419 1652 3469 lem
1675 3410 1799 3472 cbristus

830 3517 926 3580 Vaii'ae
956 3516 1114 3577 lectiones.

184 3621 204 3661 ⁸¹
216 3622 416 3680 Remuneratur
442 3626 534 3680 Poris.
549 3627 635 3681 Fran.
651 3624 677 3663 66
699 3623 764 3680 Mihi
779 3626 854 3682 abmt
868 3622 960 3679 Paris.
975 3620 1000 3659 66
1015 3619 1056 3675 lle
1072 3617 1158 3674 Semi.
1181 3614 1292 3672 Obertli.
1309 3613 1334 3652 ⁶⁶
1348 3613 1417 3670 Eam
1433 3616 1554 3688 Franeq.
1569 3612 1595 3653 ⁶⁶
1609 3613 1678 3685 Ipsis
1692 3616 1795 3671 cois'ic.

163 3691 270 3749 isal&
281 3695 465 3751 Peroiantium
480 3695 557 3754 codd.
584 3697 683 3753 Wouio.
697 3697 721 3736 66
736 3697 840 3751 Novem
854 3698 942 3752 Fron.
967 3692 992 3731 66
1010 3688 1166 3745 Delibratns
1181 3689 1268 3743 Fran.
1283 3685 1308 3725 ⁶⁹
1322 3684 1464 3742 involucro
1479 3685 1537 3742 cod.
1561 3687 1661 3745 Woatw.
1687 3687 1714 3726 66
1748 3701 1798 3741 ai-

164 3762 208 3821 lias
218 3767 304 3825 Semi.
321 3766 431 3826 Obcrtb.
445 3767 469 3806 66
485 3768 527 3822 ble
540 3768 621 3825 Pam.
632 3770 719 3827 Fron.
733 3768 759 3806 66
771 3767 848 3826 'lunc
861 3766 926 3824 odd.
942 3763 1027 3823 Semi.
1044 3761 1069 3800 66
1082 3757 1247 3815 Dilfiniendo
1262 3758 1303 3814 al.
1322 3757 1347 3796 66
1361 3756 1406 3816 Sic
1420 3756 1447 3812 in
1466 3759 1523 3829 ittp.
1545 3757 1638 3815 Venas

837 3864 1088 3929 Commentarius.

191 3968 237 4053 lli)
256 3968 344 4052 datius
358 3970 424 4027 ordo
437 3973 527 4044 magis
607 3972 705 4030 cados.
725 3971 854 4030 Ordinem
877 3969 980 4061 dicitu
1032 3966 1087 4048 (96)
1101 3964 1174 4047 βαπι
1189 3963 1266 4018 tacti
1280 3961 1574 4034 temporitcoenti,clc.
1590 3960 1800 4042 undecuma

168 4044 290 4097 mutans
306 4051 334 4098 ct
346 4041 526 4099 educationis.
576 4059 603 4098 o.
998 4039 1115 4101 ctiori,
1131 4048 1192 4105 esp.
1208 4035 1239 4114 6,Ι
1250 4033 1345 4114 eadem
1360 4033 1442 4113 lerina
1453 4032 1555 4113 babet:
1574 4053 1585 4084 a
1605 4033 1720 4104 abipsa
1737 4050 1800 4117 qur·

191 4112 237 4184 ll'l)
252 4115 343 4187 Ipsius
358 4116 446 4171 etiam
460 4118 556 4171 carnis
567 4114 779 4187 indignitatem.
791 4113 886 4171 Carnis
899 4112 942 4168 tii·
996 4108 1057 4161 dein
1073 4120 1186 4185 eitoisus
1196 4103 1363 4184 odiolhaliita
1378 4111 1525 4172 nativitate,
1546 4119 1661 4172 perora3
1677 4119 1729 4177 age
1740 4121 1798 4174 gain

168 4175 245 4261 delicet
255 4184 395 4255 passibilis
409 4196 435 4242 et
458 4186 588 4252 mortalis,
604 4202 667 4257 quae
681 4202 745 4242 sane
758 4186 870 4258 indigna
885 4185 942 4240 Deo
995 4178 1138 4249 spurcitias
1164 4174 1320 4255 genitalium
1349 4188 1376 4227 in
1402 4184 1502 4239 utero,
1527 4174 1731 4239 elementorum,
1746 4176 1798 4229 lin-

168 4251 294 4312 ndebatur.
321 4256 365 4313 sic
384 4256 447 4314 adv,
466 4258 540 4314 lud:
569 4257 660 4313 Primo
689 4257 806 4314 sordidis
832 4254 942 4310 indutus
997 4264 1102 4306 snorum
1114 4255 1141 4301 et
1164 4246 1302 4316 sanguinis
1315 4242 1388 4301 foeila
1402 4245 1525 4316 coagula,
1539 4245 1628 4300 carnis
1642 4259 1679 4299 ex
1702 4245 1797 4301 eodem

167 4325 940 4474 ttinstratisisinlsinsensissent-,i
998 4315 1724 4462 tiisttiisisissnsies‘tinniens
1737 4316 1798 4444 int

166 4462 211 4522 llis.
999 4459 1109 4599 ningen
1130 4475 1192 4511 κατα
1212 4455 1269 4522 iiiia
1292 4457 1321 4508 od
1343 4456 1441 4524 χωρία.
1462 4457 1547 4508 ὁκόταν
1570 4455 1629 4528 γυνὴ
1652 4457 1714 4531 leeg
1739 4459 1799 4529 πρὸς

189 4538 556 4612 (ttldxfeminaelicmorc.
573 4538 945 4609 Lib.anr.Cliristidirit,
1000 4532 1042 4587 ico
1075 4532 1143 4598 ulli
1167 4529 1197 4601 μέ
1229 4528 1294 4608 psl
1316 4527 1416 4580 millen
1438 4525 1561 4606 tpicimir.
1583 4526 1722 4584 «Menses
1744 4543 1798 4584 non

166 4610 309 4670 'hameris
319 4617 347 4669 el
356 4616 507 4686 stinguitur
517 4614 592 4685 soeda
607 4611 837 4684 corpulentiis.
1031 4603 1135 4660 olluunt
1165 4599 1274 4654 mulieri
1304 4607 1382 4656 utero
1405 4596 1578 4677 gesiacensi
1611 4612 1693 4652 sanus
1732 4615 1799 4668 puer

160 4680 234 4812 salz„
251 4685 408 4757 despesos
419 4684 725 4769 dictatspostfigiircm.
737 4684 842 4741 Eodem
862 4695 943 4738 vcca-
1012 4683 1109 4730 iiturus
1123 4682 1175 4728 est.
1193 4691 1205 4722 t
1222 4670 1279 4727 Hoc
1289 4668 1319 4750 in
1332 4669 1393 4725 loco
1408 4666 1574 4724 admirabilis
1601 4668 1725 4723 humanae
1740 4669 1797 4726 ori-

227 4754 313 4813 ntitnr
335 4755 423 4811 Julius
441 4754 570 4812 Firmicus
584 4755 630 4812 lib.
652 4771 698 4823 rii,
725 4770 784 4827 cap.
808 4758 842 4809 l:
866 4773 877 4805 i
896 4752 945 4810 Pe-
985 4745 1069 4820 *ginis
1083 4741 1231 4828 descriptio
1250 4747 1277 4796 ct
1296 4738 1460 4796 infirmitatis
1472 4738 1572 4822 imago,
1590 4754 1670 4812 qnam
1686 4739 1798 4823 memini

158 4836 196 4883 eis
211 4826 280 4882 inti-a
299 4825 405 4884 viscera
417 4826 511 4884 matris
532 4827 658 4883 minutim
688 4826 944 4885 conscisumapie·
998 4834 1040 4874 me
1058 4816 1160 4889 legisse
1174 4815 1230 4870 lere
1246 4811 1368 4868 eamdem
1392 4811 1465 4883 apud
1494 4811 1622 4882 Plinium,
1645 4818 1798 4883 quistatim

156 4892 213 4955 titis
244 4896 415 4955 toleretur.»
441 4898 503 4955 liic.
997 4889 1155 4946 exclamat:
1175 4906 1186 4935 r
1206 4885 1253 4940 His
1266 4882 1407 4955 principiis
1416 4883 1501 4939 oritur
1514 4883 1635 4944 carnifex
1650 4881 1766 4948 animus,
1784 4902 1796 4934 s

183 4914 303 5037 (ninia
312 4967 408 5028 decem
418 4971 699 5029 mensiomcrociota
709 4969 887 5029 deliberatus.
901 4967 946 5026 Sic
997 4969 1050 5019 etc.
1062 4959 1090 5016 Si
1101 4958 1250 5016 liberasset
1273 4955 1308 5011 ad
1327 4970 1444 5021 manum,
1458 4955 1547 5011 locuni
1571 4960 1673 5011 tantum
1697 4955 1797 5012 exscri-

151 5036 436 5113 llbcntexemplaria3
453 5058 513 5113 quae
533 5042 555 5097 si
571 5041 649 5099 nobis
675 5041 812 5115 integram
829 5039 945 5097 auctoris
999 5033 1102 5090 berem.
1120 5030 1155 5084 Le
1172 5029 1221 5085 Pii.
1338 5098 1344 5110 ι
1454 5099 1460 5110 ι
1698 5096 1704 5109 ⁸
1753 5097 1768 5110 ..

149 5113 307 5186 mipturam
328 5128 481 5179 servavere,
493 5113 591 5170 dixerit
606 5113 752 5187 Septimius
771 5119 878 5186 partum
898 5112 945 5168 de·
1035 5103 1091 5177 (99)
1106 5104 1209 5184 ducein
1225 5099 1357 5180 lacrymis
1377 5101 1553 5180 auspicatae,
1566 5103 1621 5155 elc-
1632 5097 1795 5181 6911666118,

149 5182 263 5252 staram,
290 5183 422 5256 quamdiu
435 5183 518 5242 foeius
539 5185 567 5242 in
583 5193 656 5242 utero
678 5184 827 5259 perficitur,
850 5182 945 5241 ordino
998 5174 1092 5248 vagitu
1104 5173 1215 5253 seilicet,
1225 5182 1308 5225 vitani
1326 5176 1490 5241 auspicatur,
1517 5169 1638 5226 eamdem
1663 5185 1691 5225 in
1720 5167 1796 5228 labo·

149 5255 293 5313 natiritatis
307 5257 444 5329 hnmanae,
460 5258 552 5314 decern
563 5259 696 5313 mensium
707 5257 793 5328 spatio
808 5264 942 5326 currente,
997 5246 1073 5305 ribus
1087 5252 1153 5319 agit,
1169 5251 1248 5314 atque
1261 5243 1295 5298 ad
1317 5241 1449 5297 malorum
1477 5241 1709 5314 complementum
1725 5256 1797 5297 mors

145 5326 374 5468 mmmm
389 5329 417 5384 in
436 5330 610 5403 Apologetico
634 5327 711 5395 dixit,
727 5328 947 5399 conceptumde·
998 5315 1206 5399 6369116666966·
1231 5313 1267 5369 66
1285 5315 1360 5399 Pa...
1490 5384 1495 5395 Ι
1595 5385 1600 5398 ¹

280 5399 376 5456 »dum
394 5398 483 5457 adhuc
501 5401 612 5474 sanguis
628 5401 656 5454 in
679 5400 817 5457 hominem
842 5398 944 5455 deltae.
1033 5387 1092 5463 (99)
1106 5384 1529 5459 Proempadeisttcsdololotrioe,
1544 5384 1794 5455 suimlleosccere:

145 5476 230 5529 ntur.
248 5494 260 5523 a
278 5472 366 5537 Alias,
382 5471 493 5529 minime
508 5473 659 5544 spernenda
685 5472 822 5530 rideretur
848 5469 944 5528 Latinii
997 5478 1048 5535 per
1061 5458 1271 5541 impudentiam
1281 5456 1357 5527 fidei·
1374 5454 1539 5539 1⁶10‚¹⁰¹⁶⁶⁶iffi⁸
1550 5453 1718 5533 6669666666
1736 5451 1798 5519 fuit,

144 5544 311 5618 ennJeaim‚
328 5565 340 5595 a
358 5543 450 5603 dapem
465 5543 598 5600 mensium
612 5543 731 5602 cruciatu
745 5542 916 5599 deliberatus,
930 5562 942 5595 s
997 5549 1060 5590 cum
1074 5548 1128 5588 non
1139 5530 1236 5602 puduit
1249 5528 1361 5584 adorare
1372 5527 1474 5653 lagides
1486 5533 1513 5582 et
1523 5526 1611 5596 ligna;
1628 5520 1798 5592 impudentia

143 5614 362 5688 Nmejmmodi
377 5624 418 5671 est
432 5613 582 5672 iiiiantisin
597 5623 675 5673 utero
690 5614 768 5681 situs,
789 5613 945 5671 uternciari
997 5602 1146 5686 fl⁶012⁶⁶¹⁶¹
1166 5598 1279 5657 minime
1295 5599 1379 5672 9666666
1426 5611 1487 5654 666666
1514 5596 1628 5651 66666666
1655 5600 1749 5650 666666
1772 5604 1800 5655 66

144 5687 279 5762 rideatur,
292 5688 424 5747 incrinus
433 5693 505 5746 totus
519 5693 724 5746 recontractus.
737 5686 801 5744 llic.
998 5673 1165 5730 6666666666·
1180 5670 1243 5727 6666·
1563 5686 1565 5691 ’
