3840 6134
151 301 187 364 79
707 293 928 359 ishlbtlltlll
946 292 1080 355 oesshblt
1098 292 1183 354 etus
1199 293 1234 353 ll.
1759 299 1796 362 80

429 421 543 481 CAPUT
561 421 667 480 hxvlt.
961 420 1152 512 “pervenire
1179 420 1208 476 in
1248 418 1392 475 medietate
1418 418 1551 489 relictum,
1579 422 1735 481 extendisse
1769 426 1796 464 ⁵⁰

190 513 294 585 Quippe
316 512 449 587 cdjttrtpt‘t
469 511 744 586 epistemonicon,
760 509 910 569 Sethot'tns.
1000 517 1097 573 totum,
1123 506 1249 562 olfecisse
1272 506 1311 562 sic
1325 506 1423 562 coelnm
1445 507 1517 578 (tt).
1531 508 1689 567 Jaldahaoth
1704 520 1796 570 temen

185 606 367 661 Accesserant
389 602 432 657 his
453 599 573 657 haeretici
595 600 675 656 etiam
700 598 748 664 illi,
774 597 822 668 qni
835 595 945 668 Ophites
999 596 1110 652 inferius
1136 595 1316 659 descendisse,
1333 605 1361 650 et
1383 594 1476 651 iecisse
1500 596 1552 652 sihi
1571 597 1641 655 lilios
1666 610 1794 671 septem:

149 699 349 763 nuncupantur.
370 691 438 746 Nam
460 696 609 759 serpentem
635 686 809 760 magnificant
831 685 859 741 in
883 693 944 740 tnn-
1000 701 1080 757 quom
1096 684 1245 740 occlusisse
1267 683 1481 754 (i9)superiors
1502 685 1672 758 dilatetiooe;
1688 690 1796 761 atquin

150 788 219 846 pum,
250 779 368 835 utinum
395 777 476 834 eciem
493 777 545 847 ipsi
566 775 673 832 Christo
702 773 856 847 praelerant.
882 775 944 845 lpse
998 774 1098 846 angeli,
1127 789 1188 845 qnae
1217 774 1356 842 superiora
1382 782 1483 839 essent,
1512 776 1581 832 scire
1596 792 1651 832 non
1672 786 1792 850 possent,

148 869 230 935 enim,
247 868 384 940 inquiunt,
409 864 529 922 scientie
549 863 630 920 nobis
645 863 707 921 boni
733 877 762 920 et
777 863 839 918 mali
856 863 944 934 origi·
998 862 1087 934 ipsum
1112 864 1199 917 solnm
1220 861 1305 916 Deum
1329 869 1464 931 poterent.
1489 863 1606 921 Virtutes
1629 866 1714 939 igitur
1732 868 1795 924 illes

149 972 212 1012 nem
253 956 337 1012 dedit.
367 955 452 1024 Huius
482 952 697 1008 animadvertens
734 953 881 1023 potentiam
917 956 945 1004 et
997 961 1024 1005 et
1042 950 1156 1022 angelos
1179 949 1322 1004 iol'eriores
1344 949 1480 1006 hominem
1503 950 1600 1009 iecisse
1614 969 1622 1007 :
1638 961 1664 1009 et
1683 956 1746 1026 qnia
1760 956 1795 1012 ab

149 1046 318 1116 majestatem
344 1043 460 1115 ldopses,
487 1041 621 1113 inquiunt,
635 1055 736 1096 aerenm
766 1040 858 1110 posuit
885 1054 945 1093 ser·
997 1037 1191 1094 infirmioribus
1219 1045 1246 1092 et
1269 1037 1450 1095 mediocribus
1483 1039 1624 1097 virtutihus
1655 1040 1794 1101 institutos

148 1141 257 1206 pentem
272 1148 280 1187 τ
294 1139 321 1187 et
333 1131 496 1204 quicumque
507 1129 596 1199 ipsum
609 1126 668 1185 M
684 1135 855 1198 aspexerunt,
867 1124 943 1179 sani-
997 1134 1079 1193 esset,
1102 1126 1180 1198 quasi
1195 1142 1312 1183 vermem
1326 1126 1443 1195 iacuisse
1460 1136 1624 1200 reptantem.
1638 1131 1716 1187 lllnm
1731 1149 1795 1190 vero

149 1234 230 1278 tatem
243 1220 380 1276 consecuti
398 1220 555 1289 suntlpse,
571 1218 645 1272 aiunt
671 1225 808 1287 praeterea,
823 1213 944 1269 Christus
998 1228 1102 1268 aeonem
1133 1229 1164 1269 ex
1194 1229 1248 1286 qno
1274 1214 1434 1270 laidabaoth
1472 1221 1660 1288 processisset,
1690 1220 1795 1277 intidia

148 1311 175 1367 in
203 1308 354 1382 Evangelio
390 1322 441 1362 sno
465 1306 584 1363 imitetur
613 1304 670 1375 (tl)
696 1302 830 1373 serpentis
856 1300 944 1372 ipsius
997 1310 1173 1368 commotum,
1206 1301 1349 1357 scintillam
1387 1307 1534 1375 quemdem
1563 1306 1664 1375 iacenti
1691 1311 1792 1365 homini

147 1415 248 1456 sacram
279 1402 449 1468 potestatem,
474 1392 588 1450 dicendo
610 1394 634 1431 *Ἰ
661 1409 667 1449 :
690 1394 724 1448 lit
738 1392 814 1447 sicut
842 1391 943 1464 Moyses
996 1389 1146 1446 immisisse
1162 1392 1281 1462 (50)qna
1293 1391 1427 1449 excitatns
1437 1408 1485 1466 por
1495 1395 1666 1465 prudentiam
1675 1408 1792 1467 saperet,

147 1488 286 1547 exaltarit
301 1488 460 1558 serpentem
469 1485 503 1538 in
512 1482 631 1550 deserto,
643 1482 685 1536 ito
693 1480 821 1536 exaltari
833 1483 942 1549 oportet
996 1488 1023 1537 et
1037 1478 1185 1552 intelligere
1208 1487 1299 1550 posset
1326 1480 1476 1550 superiora.
1501 1481 1545 1538 Sic
1568 1498 1675 1539 rursum
1697 1486 1775 1556 laida

146 1577 258 1633 Filium
281 1574 403 1632 hominia
426 1592 437 1628 .·
461 1571 550 1641 ipsum
569 1569 742 1625 introducunt
765 1566 800 1621 ed
824 1565 937 1623 benedi·
996 1569 1079 1626 baoth
1092 1567 1173 1624 istum
1187 1567 1213 1625 in
1227 1567 1439 1640 indignationem
1462 1585 1623 1627 conversum
1638 1588 1671 1628 ex
1684 1579 1790 1630 seoret-

144 1664 230 1722 eends
243 1662 414 1719 Eucharistia
429 1675 478 1715 sua
492 1659 517 1696 ¹¹⁰
530 1658 596 1727 (lb).
614 1656 665 1711 Sed
680 1665 736 1710 lota
750 1655 828 1710 istius
841 1657 941 1712 erroris
995 1657 1054 1728 ipso
1080 1656 1200 1712 edidisse
1232 1656 1355 1714 virtutem
1384 1668 1412 1715 et
1434 1657 1638 1717 similitudinem
1670 1678 1792 1733 serpen·

145 1761 174 1810 et
192 1768 273 1808 scona
295 1757 323 1805 et
345 1746 470 1803 doctrina
489 1745 554 1800 inde
576 1744 664 1801 lluxit.
689 1743 788 1798 Dicunt
810 1742 882 1799 enim
905 1746 940 1802 de
995 1748 1029 1802 tis
1047 1745 1105 1816 (tl)
1121 1765 1128 1799 ι
1145 1739 1171 1801 et
1193 1745 1263 1800 hanc
1276 1743 1360 1800 fnisse
1382 1746 1508 1802 virtutem
1527 1745 1585 1804 65
1601 1748 1629 1803 in
1651 1751 1791 1820 paradiso,

145 1841 191 1897 illo
213 1853 319 1894 summo
340 1834 468 1906 primario
487 1848 563 1889 aeone
581 1832 734 1902 complures
758 1831 826 1886 alios
850 1847 940 1889 nones
993 1835 1019 1890 id
1038 1842 1091 1904 est,
1114 1833 1196 1888 istnm
1219 1832 1303 1888 luisse
1322 1847 1485 1906 serpentem,
1502 1835 1546 1890 oui
1564 1837 1621 1894 Eva
1635 1839 1711 1910 qnasi
1724 1839 1791 1897 Filio

144 1926 279 1986 exstitisse
298 1921 454 1990 interiorem
484 1921 611 1977 omnihus
638 1930 726 1974 tamco
749 1918 808 1973 istis
835 1934 938 1976 aeonem
995 1922 1044 1979 liei
1073 1921 1235 1977 crediderat.
1272 1922 1423 1993 Decerpsit,
1461 1925 1598 1995 inquiunt,
1633 1927 1668 1982 de
1701 1928 1788 1985 lructn

144 2016 283 2084 antistare,
311 2012 392 2083 cujus
415 2011 450 2065 sit
465 2025 562 2066 nomen
590 2007 749 2064 Jaldabsoth
764 2009 832 2082 (id).
863 2009 940 2066 Hunc
993 2009 1109 2073 arboris,
1124 2016 1204 2080 atque
1231 2008 1684 2080 ideopenerihnmanosciantiem
1703 2014 1790 2072 bono·

144 2113 237 2162 autern
267 2111 429 2173 conceptum
453 2115 514 2157 esse
540 2114 573 2154 et
601 2098 687 2154 altero
712 2113 788 2154 aeone
819 2099 939 2156 aeooibns
992 2115 1052 2154 rom
1070 2105 1098 2153 et
1122 2097 1253 2152 malorum
1281 2099 1439 2154 contribuit.
1460 2099 1597 2155 Christum
1623 2113 1713 2158 entem
1732 2119 1787 2161 non

143 2192 317 2250 interioribus
336 2188 462 2262 permisto
490 2205 499 2243 ι
527 2201 612 2260 seque
639 2194 740 2258 postea,
766 2202 827 2242 cnm
847 2187 875 2242 in
890 2204 937 2243 sn·
993 2185 1186 2244 insubstantia
1203 2186 1293 2242 carnis
1315 2184 1409 2256 luisse,
1431 2186 1542 2243 salutern
1566 2189 1653 2246 carnis
1675 2207 1788 2263 speran-

143 2283 250 2356 pcriora
285 2278 420 2336 voluisset
445 2276 521 2346 eniti,
551 2275 681 2349 gravitate
718 2275 836 2330 materiae
872 2291 936 2346 per-
989 2277 1050 2331 dam
1071 2273 1181 2330 omnino
1203 2288 1257 2329 non
1282 2288 1353 2330 esse.
1373 2276 1487 2331 Necnon
1510 2277 1591 2332 etiam
1614 2278 1704 2351 erupit
1731 2281 1784 2336 alia

141 2369 221 2428 mista
244 2369 302 2443 (47)
337 2367 400 2436 sihi,
434 2381 489 2422 non
525 2365 648 2436 potuisse
674 2363 708 2418 ad
746 2365 886 2436 superiora
912 2365 937 2405 ⁴⁹
992 2379 1101 2437 quoqne
1130 2363 1249 2429 heresis,
1276 2379 1336 2432 qnae
1359 2363 1457 2421 dicitur
1474 2364 1643 2422 Cainaeorum
1668 2369 1737 2438 (52).
1754 2369 1786 2424 tlt

820 2505 917 2570 ilariae
944 2510 1100 2570 lectiones.

84 2662 87 2669 .
173 2621 198 2659 ⁴⁷
213 2617 340 2675 [locendo
354 2613 469 2674 semer.
483 2609 697 2668 ⁴⁸Eucharistica
711 2613 797 2668 Fran.
811 2611 837 2651 ⁴⁹
851 2612 975 2684 Supema
990 2613 1088 2679 Semi„
1104 2621 1185 2683 atque
1198 2610 1345 2667 occlusisse
1360 2611 1500 2684 superiora
1520 2614 1586 2672 late.
1597 2615 1623 2654 ⁵⁰
1636 2616 1671 2673 Se
1683 2615 1789 2676 adden-

140 2691 208 2750 dnm
217 2690 286 2747 dicit
301 2687 418 2746 semler.

837 2754 1087 2819 Commentarius.

175 2867 234 2942 (tt)
249 2866 396 2922 Imitatur.
407 2861 492 2936 blopis
505 2858 664 2918 conveniret
676 2858 740 2916 huic
753 2858 812 2917 loco
826 2862 936 2918 terbum
992 2863 1069 2919 sisse.
1095 2859 1231 2916 Indicnlns
1258 2859 1331 2915 Hier.
1361 2877 1368 2917 :
1401 2862 1522 2933 «ltaque
1554 2877 1671 2934 superna
1702 2874 1788 2921 mabr

140 2940 268 2997 intimat.
283 2938 391 2992 Ronrn.
993 2935 1229 2989 volcosctacuure
1256 2931 1382 2989 tirtutem
1408 2932 1576 2997 Jaldabaoth,
1604 2940 1714 3004 operata
1743 2946 1784 2991 est

178 3008 235 3081 (tn)
250 3009 345 3082 lpsatm
361 3004 551 3063 introducunt
578 3000 615 3057 od
629 3000 815 3058 benedicendo
829 3002 939 3059 Euclio·
954 2985 976 3063 C
992 3004 1136 3059 scintillam
1153 3002 1255 3057 tirtntis
1269 3005 1429 3059 descendere
1451 3003 1477 3057 in
1502 3006 1649 3078 hominem,
1672 3017 1700 3061 et
1717 3021 1785 3062 con-

141 3081 230 3138 ristio
247 3095 312 3136 crta.
337 3076 427 3148 Atque
450 3078 487 3131 ita
510 3071 590 3127 etiam
606 3073 740 3127 lodicolns
755 3073 911 3143 Hieronymi
928 3089 935 3125 z
991 3074 1066 3130 tinno
1080 3073 1165 3130 erexit
1183 3088 1255 3139 eom,
1278 3083 1306 3128 nt
1318 3083 1398 3129 staret
1413 3074 1527 3144 pedibus
1540 3076 1606 3130 suis.
1625 3076 1714 3132 illio.

143 3173 155 3203 «
176 3152 210 3206 Et
230 3151 286 3219 ipse
314 3147 366 3204 illis
392 3143 562 3202 Eucharistia
587 3142 781 3198 sanctificat.»
811 3143 874 3199 lite.
902 3173 938 3185 -
1027 3145 1085 3216 (ιιι)
1097 3148 1132 3201 ιιι
1142 3144 1360 3201 similitudinem
1370 3147 1520 3218 serpentis.
1531 3145 1612 3203 Forte
1630 3146 1785 3220 legendum,

141 3221 295 3279 hiutaodnm
309 3217 415 3274 censuit
440 3213 573 3272 Pamclins
591 3213 772 3271 Eucharistiae
791 3213 817 3267 itt
832 3213 936 3270 encha-
992 3216 1025 3270 ad
1040 3215 1260 3273 similitudinem
1273 3232 1318 3272 ser
1337 3217 1422 3272 entis.
1435 3216 1544 3273 bourn.

142 3292 252 3359 ristico,
278 3297 323 3345 sed
339 3296 443 3344 retenta
466 3284 577 3355 pristina
592 3285 705 3339 lectione
728 3283 766 3338 ait
780 3284 936 3354 Ripaltius:
1027 3288 1085 3357 (52)
1101 3285 1168 3352 Qnoe
1179 3286 1288 3342 dicitnr
1308 3234 1497 3346 dirioremom.
1521 3286 1597 3342 Certe
1612 3285 1693 3342 etiam
1720 3288 1787 3345 istos

145 3362 221 3419 «Sic
243 3363 323 3417 habet
350 3358 434 3414 codex
472 3355 654 3410 Divionensis.
683 3358 771 3425 Atque
800 3355 838 3409 ita
858 3360 936 3409 etiam
995 3359 1113 3413 Cometes
1127 3366 1222 3412 vocant
1237 3357 1404 3422 Philastrius,
1422 3358 1601 3430 Epiphanius,
1615 3357 1786 3431 Augustinus

144 3434 276 3488 indicutus
312 3431 412 3486 Hteres.
442 3426 597 3495 Hieronymi
622 3430 649 3492 (a
676 3424 801 3479 hienardo
826 3424 937 3496 editus).
991 3442 1023 3481 ac
1038 3429 1230 3484 Damasceuus.
1246 3429 1367 3498 Denique
1391 3428 1578 3500 Hieronymus,
1594 3429 1657 3486 ode.
1681 3431 1783 3556 incip,

143 3506 179 3562 st
193 3504 253 3576 ipse
267 3501 328 3558 illis
343 3498 506 3556 eucharistie
535 3495 708 3566 snrtctificct.
723 3495 833 3554 Hortrrr.
991 3501 1054 3553 dnm
1070 3501 1210 3570 coniungit
1229 3500 1352 3568 Ophites,
1371 3498 1498 3566 Catones,
1512 3500 1713 3569 Cerptcretem,
1756 3517 1785 3556 e·

178 3574 239 3645 (lo)
267 3571 405 3643 anntsil
437 3584 541 3625 nomen
568 3566 742 3623 loldclrcoth.
772 3565 938 3623 Vocabulum
992 3568 1122 3639 rinthnm,
1145 3570 1479 3638 Hebionem,dnctorem,
1507 3581 1636 3643 qnantum
1662 3579 1784 3643 apparet,

142 3643 217 3701 istud
231 3661 247 3699 e
259 3642 451 3699 Nicolaitarum
475 3654 548 3709 penu
562 3637 749 3708 depromptum
770 3645 819 3703 est,
835 3638 869 3692 dc
885 3654 938 3707 quo
994 3640 1125 3708 imit:ttus;
1140 3642 1264 3697 Clemens
1279 3656 1341 3697 toro
1356 3640 1436 3697 hlex.
1452 3643 1556 3700 Strom.
1573 3646 1600 3705 7.
1620 3643 1784 3709 Caionilase

144 3715 304 3771 sicssncttts
330 3709 505 3772 arcanius,
536 3710 600 3763 haeta
623 3710 657 3763 25
688 3705 808 3779 εἝτεριι
835 3707 862 3760 δὲ
890 3715 938 3762 τῶν
992 3711 1110 3767 lronaens
1126 3712 1211 3786 iringis
1232 3712 1351 3783 proprie,
1366 3713 1655 3784 utittTheodoretos,
1673 3715 1783 3774 Caletos.

142 3784 324 3858 προειρημένων
353 3729 372 3836 i
405 3781 503 3835 teneor
525 3773 667 3843 δοξάζουσι,
715 3779 838 3846 emovere,
865 3778 938 3833 abebi
993 3783 1055 3854 quin
1080 3797 1178 3838 nomin
1203 3800 1257 3839 uno
1280 3798 1415 3840 consensu
1438 3785 1501 3839 indo
1532 3800 1626 3840 ornnes
1648 3785 1782 3839 delitent.

143 3860 204 3911 εἴναι
217 3861 317 3928 πρῶτον
336 3853 384 3907 niis
403 3860 446 3920 τῆς
460 3847 580 3922 depisitio
595 3869 602 3883 ·
616 3849 657 3902 καὶ
675 3850 716 3902 δια
729 3851 804 3904 τοῦτό
814 3869 876 3941 pact
888 3852 938 3904 δεῖν
993 3853 1062 3910 Pl!-
1077 3884 1111 3893 -
1127 3856 1316 3912 Cainoeorurn.
1340 3853 1409 3910 Sunt
1426 3853 1464 3908 iltt
1476 3854 1611 3926 appellati,
1631 3853 1704 3924 quod
1719 3856 1784 3910 Cain

178 3947 211 3982 ert
226 3930 294 3980 αὐτῶ
307 3924 351 3992 τὴν
371 3925 453 3997 τιμὴν,
469 3923 506 3974 ὅτι
517 3920 600 3975 πολλὰ
625 3920 798 3992 ἀπεκάλυιψεν.
826 3920 939 3977 Οιενκαὶ
992 3923 1153 3981 fratricidam
1183 3924 1389 3997 primogtnitom
1423 3927 1505 3993 patris
1532 3926 1617 3980 nostri
1650 3939 1681 3979 ac
1709 3926 1783 3981 beati

143 3929 167 4070 gt
201 3981 290 4052 lerini
303 3995 454 4066 liledpnrnc
467 3998 511 4045 τοῦ
529 3990 856 4061 Ἰαλὸαὸαὼθποιητεύινται
869 3994 938 4048 ἐκτυ-
992 3997 1057 4052 tdae
1085 3997 1251 4066 protoplasti,
1283 3998 1372 4052 colant
1393 4004 1421 4050 et
1446 4004 1616 4060 venerentur,
1650 4011 1712 4049 eum
1738 3996 1784 4052 di-

142 4074 244 4130 ποῦιτες
272 4086 279 4123 :
303 4066 416 4122 «Alite
446 4061 751 4134 praedicbsialdnbaoth
768 4063 937 4132 potissimum
993 4075 1084 4123 centes
1103 4067 1305 4125 iuissotitlntis
1331 4065 1504 4122 fortissimae:
1522 4072 1597 4120 elon
1624 4067 1706 4122 altere
1721 4067 1782 4137 qni·

143 4149 315 4205 venerantur,
337 4143 487 4192 asserentes
509 4149 568 4189 ease
584 4133 795 4204 primogenitum
808 4134 936 4191 Borbelo·
953 4161 977 4239 n
992 4138 1054 4192 deur
1074 4137 1182 4211 tirtnte,
1198 4157 1224 4193 m
1232 4154 1294 4208 mpe
1308 4135 1420 4208 diaboli,
1436 4137 1500 4193 Cain
1522 4138 1634 4206 lactnm;
1651 4153 1684 4192 ex
1699 4136 1782 4193 altem

143 4211 196 4284 nis,
225 4210 348 4282 adeoque
361 4205 533 4263 tribuendum
553 4204 604 4276 ipsi
631 4212 771 4285 Honorem,
801 4220 831 4260 ut
849 4207 934 4272 aiunt,
991 4216 1090 4277 autem,
1115 4210 1142 4264 id
1169 4217 1210 4264 est
1238 4209 1296 4276 Hei,
1316 4208 1384 4265 hoel
1411 4208 1594 4266 beatissimum
1623 4218 1714 4263 natum
1731 4226 1738 4262 :
1755 4222 1781 4264 et

160 4279 270 4336 uoniam
292 4278 375 4335 mulla
394 4277 512 4357 detexit,
538 4275 609 4329 unde
633 4275 717 4331 libros
740 4277 872 4347 quosdam
886 4277 936 4332 snb
990 4279 1115 4335 virtutem
1135 4283 1276 4350 majorem,
1300 4296 1360 4352 qnoe
1379 4288 1436 4335 erat
1459 4279 1487 4334 in
1512 4280 1571 4351 ipso
1586 4279 1662 4347 Ceio,
1678 4279 1715 4334 its
1739 4278 1781 4335 in·

162 4350 305 4407 aldabaoth
333 4363 442 4404 nomine
465 4346 667 4404 ctrcnmlernnt.
694 4366 706 4395 ι
732 4348 847 4403 Plurima
875 4356 937 4402 sunt
990 4351 1117 4420 valuisse,
1147 4360 1177 4407 nt
1208 4368 1288 4407 snum
1316 4352 1476 4407 interliceret
1505 4349 1623 4405 lrattem.
1661 4350 1783 4406 Aderant

142 4421 278 4492 ejusmodi
301 4419 437 4492 spurcitiae
459 4419 590 4478 vocabula
613 4433 629 4472 a
651 4417 790 4474 Nicolaitis
812 4417 936 4485 conficta,
977 4420 1112 4477 -simititer
1144 4422 1236 4478 ludam
1267 4421 1440 4493 proditorem,
1461 4436 1522 4476 eum
1551 4419 1711 4477 arbitrantes
1729 4420 1780 4476 aii-

141 4508 260 4564 qnornm
282 4490 410 4549 nonnulla
432 4489 505 4562 apud
529 4495 651 4545 sanctum
674 4488 852 4558 Epiphaniam
868 4490 936 4544 relo-
991 4493 1054 4565 quid
1070 4493 1187 4550 ditinum
1213 4509 1282 4561 esse,
1298 4492 1366 4547 adeo
1389 4490 1507 4562 quidem,
1524 4499 1553 4546 ut
1567 4508 1629 4559 e,us
1651 4493 1784 4548 detesten-

139 4573 249 4622 rantur.
263 4562 317 4618 Sed
330 4561 403 4621 tiolo
419 4572 454 4628 te,
470 4560 567 4633 pudor,
583 4576 646 4614 oum
663 4559 690 4612 io
714 4561 757 4614 liis
770 4559 871 4616 diutius
885 4560 936 4615 im·
990 4568 1160 4621 tlnntscelus
1179 4562 1447 4635 iogeosbcnelicinm
1481 4570 1613 4633 reputent,
1629 4577 1690 4617 eum
1705 4577 1781 4618 asse-

139 4650 241 4692 ttroror.
260 4633 363 4690 LnPn.
989 4643 1077 4690 rentes
1105 4635 1269 4707 praesciente
1300 4640 1430 4704 quantum
1459 4643 1531 4689 esset
1553 4634 1646 4703 generi
1663 4634 1783 4689 hnmano

176 4707 233 4779 (ιι)
250 4707 395 4763 Grooitote
407 4703 539 4761 materie
551 4704 689 4775 permista
704 4699 767 4758 sihi.
783 4700 936 4776 legendum
989 4707 1085 4761 Christi
1116 4708 1204 4774 passio
1232 4702 1381 4774 profutura,
1398 4705 1512 4776 ideoque
1531 4703 1606 4758 illum
1633 4703 1733 4760 ludaeis
1748 4707 1781 4760 ad

139 4777 244 4833 ridetur
256 4778 412 4850 permistae.
440 4775 546 4831 Honrtt.
988 4775 1165 4831 occidendam
1190 4773 1341 4831 tradidisse.
1364 4776 1540 4832 Perlribenlnr
1560 4790 1667 4847 quoque
1687 4784 1715 4830 et
1728 4776 1778 4834 So·

175 4849 234 4920 (ts)
244 4849 276 4904 ln
285 4846 579 4905 medietaterelictnm
589 4843 746 4902 concidisse
756 4848 857 4910 lotum,
868 4847 935 4916 esse·
987 4846 1103 4901 domitas
1142 4847 1243 4903 colere.
1276 4847 1342 4903 ltcm
1369 4848 1449 4913 Coro,
1482 4846 1586 4901 Dntltao
1613 4852 1638 4900 et
1665 4845 1780 4913 dbiroo,

137 4921 208 4977 cisse
221 4921 262 4977 ric
275 4920 386 4977 coelnm.
408 4918 453 4973 Sic
467 4915 567 4971 editum
582 4922 632 4970 est.
652 4915 703 4970 sed
726 4914 841 4984 conjecit
863 4916 933 4970 scri·
987 4926 1126 4988 propterea
1140 4917 1223 4990 qnod,
1248 4933 1307 4973 curn
1322 4918 1438 4974 schisma
1456 4917 1482 4972 in
1506 4916 1591 4990 primo
1606 4917 1653 4971 Dei
1679 4916 1781 4988 populo

136 4985 934 5047 bendumextendtsscsesemlernsetanteenmlatinns
986 4989 1123 5055 iecissent,
1156 4999 1226 5045 terre
1252 4988 1405 5045 dehiscente
1450 4989 1567 5045 criterint.
1605 4987 1683 5043 Adeo
1716 4989 1780 5060 qni·

135 5061 269 5126 Latinius,
291 5060 336 5131 qui
360 5067 386 5114 et
414 5065 484 5113 i'tcie
519 5055 798 5136 ecnsnitponendum
821 5071 881 5112 esse
904 5062 932 5113 et
984 5060 1099 5131 dem,ut
1134 5060 1310 5116 nantnmlihet
1327 5059 1410 5134 aliqui
1429 5005 1529 5116 inerint
1555 5057 1700 5128 aliqnando
1715 5074 1779 5138 scq-

134 5133 234 5204 secisse
255 5145 303 5201 pro
326 5129 464 5199 effecisse.
494 5126 624 5207 Fortasse,
639 5137 720 5196 tgttur
738 5133 775 5179 tta
802 5126 931 5208 legendus
985 5130 1044 5186 lesti
1058 5076 1257 5205 autiaqitiosi,
1281 5147 1415 5204 nunquam
1432 5130 1484 5186 illis
1496 5127 1659 5188 doluerinta
1677 5128 1780 5200 quibus

133 5213 174 5259 est
188 5204 273 5269 locus,
288 5201 320 5255 in
330 5198 481 5254 medietate
491 5212 554 5252 vero
569 5198 702 5252 relectum
717 5197 877 5256 extendisse
900 5215 930 5254 se
985 5203 1170 5271 tenderentur,
1201 5214 1228 5258 et
1270 5219 1362 5259 eorum
1401 5202 1489 5258 scelus
1533 5201 1778 5258 commendaretur.

134 5277 239 5338 totum,
251 5277 277 5326 et
290 5267 383 5324 fecsse
402 5271 443 5323 sic
457 5267 693 5348 coelnmqhonru.
786 5315 792 5326 .
982 5271 1171 5343 Blnsphctttaot
1186 5272 1302 5345 deniqne
1316 5275 1334 5329 ii
1357 5275 1444 5345 legem
1459 5285 1486 5328 ot
1500 5273 1586 5328 Deum
1600 5273 1668 5343 lepis
1682 5281 1779 5328 ancto-

171 5344 230 5417 (ιι)
248 5343 334 5411 Quem
343 5339 504 5398 occlusisse.
515 5340 673 5406 Contecetat
688 5339 840 5409 legendum,
852 5349 929 5412 atque
982 5360 1050 5411 rem,
1074 5349 1217 5417 carnisque
1240 5345 1464 5402 resurrectionem
1485 5357 1592 5409 nerant.
1613 5344 1716 5400 Omnes
1731 5351 1778 5398 de·

129 5417 279 5474 occlusisse
302 5412 407 5468 lnoins.
430 5410 520 5465 hialim
548 5412 625 5480 queis
651 5409 694 5466 rel
722 5410 823 5484 quibua
846 5426 925 5482 repo·
980 5416 1060 5487 nique
1088 5415 1228 5472 llarciouis
1255 5431 1363 5475 errores
1390 5414 1442 5471 illis
1466 5413 1586 5470 trtbnunt
1605 5415 1723 5470 irenaeus
1750 5420 1780 5470 el

128 5501 259 5543 berete.
589 5552 594 5563 ,
686 5552 691 5563 .
979 5488 1162 5569 Augustinus:
1188 5504 1290 5560 exque
1305 5485 1500 5543 iacllecrcditn
1523 5492 1574 5552 cst,
1590 5485 1704 5542 Caianos
1719 5488 1776 5542 hae·

164 5557 223 5618 (ιιι)
236 5553 403 5615 Scintillam
417 5552 689 5626 qnctndnmpcccrrtt
705 5550 813 5611 homini
826 5555 925 5612 immi·
978 5568 1079 5616 reucos
1093 5575 1111 5615 e
1124 5559 1259 5617 Harciono
1274 5568 1362 5617 ortum
1377 5555 1513 5615 habuisse.
1529 5557 1595 5613 1.ιο.
