3840 6134
134 286 185 352 307

475 289 692 359 ιιιιιιιιιιιιι
711 294 840 361 oreuuu
859 270 943 364 runs
962 299 995 364 ιι.
1010 329 1046 349 -
1063 298 1178 364 sueres
1192 298 1213 373 1,
1232 288 1406 361 nouantur.

1722 290 1776 356 308

132 425 189 475 turn
203 415 313 493 generis
333 416 452 490 humani,
467 419 694 494 quemadmodum
717 434 744 483 et
767 424 925 485 universum
940 442 964 523 g
977 427 1049 487 enim
1062 429 1122 502 ejus
1135 426 1222 485 eradit
1239 425 1324 499 :quia
1339 422 1362 480 si
1376 422 1477 497 nuptiae
1491 437 1545 480 non
1564 425 1653 487 erunt,
1671 419 1775 478 sancti-

131 508 293 567 conditionis
305 507 334 567 in
350 508 472 584 integros
493 518 521 570 et
534 514 622 573 bonos
636 532 711 573 usus.
727 516 786 574 Non
801 517 862 576 ideo
876 536 927 576 au-

130 606 185 655 tem
206 608 234 658 et
255 598 308 657 eibi
330 601 538 673 damnabuntur,
553 605 616 676 quia
639 608 781 677 operosius
799 609 926 682 exquisiti

129 685 158 743 in
172 688 264 762 gulam
282 691 453 748 committunt
469 711 475 749 :
492 701 523 750 ut
538 695 563 733 ⁴⁵
582 711 631 752 nec
641 696 753 754 restitns
767 697 828 755 ideo
843 715 925 757 aecu-

130 778 269 847 sabuntnr,
286 779 347 856 quia
370 781 516 854 pretiosius
539 786 685 854 comparati
706 786 734 843 in
752 788 925 846 ambitionem

129 874 291 926 tumescunt.
309 870 354 927 Sic
376 887 426 929 nee
448 871 611 930 matrimonii
637 891 679 931 res
702 876 762 932 ideo
785 877 924 950 despuen-

128 962 182 1024 tur,
198 957 260 1031 quia
274 958 496 1032 intemperantius
519 963 626 1021 diffusae
649 965 677 1020 in
699 964 833 1023 luxuriam
855 969 926 1023 inar-

35 1042 38 1049 “
127 1044 251 1103 descunt.
279 1049 394 1105 finitum
416 1048 507 1107 differt
531 1050 601 1108 inter
621 1067 728 1109 causam
753 1064 780 1112 et
807 1055 924 1130 culpam,

128 1132 198 1193 inter
211 1145 310 1194 statum
334 1146 361 1194 et
383 1154 533 1200 excessum.
549 1142 589 1196 lta
602 1142 758 1212 hujusmodi
776 1159 831 1201 non
851 1145 925 1201 insti·

129 1226 208 1293 tutio,
232 1227 280 1282 sed
309 1228 470 1284 exorbitatio
502 1230 671 1302 reprobanda
698 1240 748 1295 est,
778 1231 925 1288 secundum

128 1307 269 1371 censuram
295 1318 456 1375 institutoris
478 1317 576 1390 ipsium
602 1320 680 1389 cujus
702 1329 744 1376 est
767 1329 830 1391 tam,
858 1323 925 1380 Cre·

127 1405 198 1460 scite
212 1410 239 1463 ct
253 1406 490 1479 multiplicamini
504 1408 585 1473 (Gen.
603 1424 622 1478 r,
639 1410 694 1480 28),
715 1425 795 1482 quem
811 1417 848 1479 et,
866 1412 926 1469 Non

979 527 1019 576 tas
1033 518 1107 575 nulla
1121 525 1172 575 est.
1189 519 1273 577 Vacat
1295 514 1367 571 enim
1387 511 1556 570 abstinentie
1580 508 1776 576 testimonium,

979 624 1041 667 cum
1055 608 1164 666 licentia
1182 607 1310 677 eripitur3
1326 603 1456 676 quoniam
1480 603 1515 658 ita
1536 599 1660 675 quaedam
1685 598 1712 656 iu
1735 599 1777 656 di·

977 698 1063 754 versis
1076 697 1235 770 probantur.
1253 693 1328 750 Sicut
1342 700 1368 749 et
1380 694 1471 751 virtus
1485 694 1517 748 in
1527 689 1698 760 infirmitate
1706 704 1776 762 pcr-

977 789 1075 857 ficitur
1094 786 1133 857 (ll
1151 785 1211 842 Cor.
1226 799 1277 852 ιιιι,
1289 781 1328 854 9),
1339 782 1378 838 sic
1392 790 1419 837 et
1439 779 1602 837 abstinentia
1616 776 1736 834 nubendi
1751 777 1777 834 in

978 873 1103 932 facultate
1125 872 1272 929 dinoscitur
1295 873 1329 925 ⁴⁴.
1345 867 1413 936 Quis
1434 866 1552 940 denique
1574 865 1711 922 abstinens
1734 863 1777 922 di·

978 972 1062 1031 octor,
1087 963 1192 1021 sublato
1219 977 1251 1018 eo
1278 976 1294 1016 a
1321 974 1376 1032 quo
1404 957 1594 1015 abstinendum
1622 957 1681 1012 est‘?
1709 952 1778 1024 Qum

979 1051 1153 1124 temperantia
1181 1051 1252 1125 galee
1272 1050 1299 1106 in
1323 1048 1490 1120 famefquse
1514 1044 1668 1103 ambitionis
1691 1060 1774 1116 repu-

978 1229 1128 1286 strationef
1142 1230 1202 1284 lem
1225 1240 1289 1284 vcro
1313 1231 1464 1281 sementem
1487 1223 1512 1262 ⁵⁰
1536 1222 1645 1297 generis
1666 1221 1779 1276 bomani

978 1332 1149 1389 composcere
1163 1315 1288 1372 intutum
1315 1313 1351 1379 ⁵⁴,
1371 1311 1464 1368 nescio
1479 1327 1512 1366 an
1527 1311 1580 1366 boc
1600 1324 1713 1382 quoquc
1728 1324 1778 1380 op-

979 1406 1044 1461 timo
1068 1406 1127 1463 Deo
1141 1410 1280 1476 congruat.
1296 1401 1442 1472 Quomodo
1462 1400 1535 1457 enim
1558 1397 1664 1455 salvum
1687 1398 1778 1453 homi·

127 1492 299 1551 adulterabis
309 1494 410 1565 (Used.
425 1513 473 1564 xx,
490 1496 544 1568 tt),
558 1504 594 1562 et,
612 1499 729 1555 Uxorem
742 1501 867 1570 proximi
883 1501 926 1556 fui
978 1510 1041 1551 nem
1055 1495 1138 1565 volet,
1153 1509 1234 1566 quem
1258 1498 1327 1547 rotat
1350 1488 1436 1553 nasci.
1451 1487 1485 1544 de
1509 1502 1562 1560 quo
1586 1485 1705 1542 nescitur
1725 1501 1776 1540 au-

127 1585 481 1656 ncuconcnpiscasaeuit.
497 1600 548 1652 xx,
566 1584 610 1656 lo)
627 1603 634 1638 ι
651 1593 735 1640 morte
751 1585 883 1655 punientis
898 1597 924 1644 et
977 1582 1108 1640 ferendo‘l
1122 1580 1257 1652 quomodo
1272 1576 1381 1635 habebit
1404 1577 1430 1632 in
1456 1591 1512 1648 quo
1527 1573 1674 1631 bonitatem
1698 1589 1777 1630 snam

127 1662 255 1722 incestam
284 1668 318 1735 ⁴⁵,
342 1669 525 1740 sacrilegam,
554 1676 636 1738 atque
668 1676 868 1725 monstruosam
896 1670 923 1725 in
977 1673 1075 1744 signet,
1102 1687 1182 1742 quem
1205 1684 1266 1726 esse
1290 1682 1344 1723 non
1369 1665 1490 1738 petituri
1515 1663 1654 1736 quomodo
1676 1663 1777 1738 diligit,

129 1754 263 1809 masculos
278 1765 304 1810 et
326 1757 353 1809 in
373 1756 493 1827 pecudes
507 1754 651 1811 libidinum
665 1755 806 1814 insaniam.
821 1757 875 1814 Sed
899 1732 1053 1831 otbertus
1076 1759 1209 1831 originem
1236 1774 1289 1813 non
1318 1757 1406 1812 amati
1426 1753 1514 1810 Timet
1537 1750 1649 1810 forsitan
1676 1751 1778 1809 redon·

127 1838 150 1895 si
165 1840 284 1896 nubendi
306 1843 362 1910 jam
382 1851 472 1898 motus
491 1842 608 1913 ponitur,
623 1861 705 1916 quem
725 1846 832 1918 quidem
851 1847 922 1919 apud

126 1941 178 1981 nos
206 1926 332 1997 spiritalis
361 1928 446 1997 ratio,
480 1929 620 1987 Paracleto
649 1943 768 2000 auctore,
793 1934 922 2001 defendit,

127 2028 210 2068 unum
233 2014 261 2070 in
284 2015 337 2072 flue
364 2018 561 2075 matrimonium
585 2025 778 2092 praescribens3
801 2025 924 2094 ejusdem

128 2101 180 2157 erit
198 2104 306 2159 modurn
331 2105 423 2177 fugere,
439 2109 486 2181 qui
509 2111 616 2165 ruodum
639 2111 782 2184 aliquando
807 2113 924 2168 diffude-

128 2197 196 2245 rat:
225 2191 249 2247 is
272 2193 388 2268 colliget,
401 2197 447 2268 qui
462 2199 560 2268 sparsit
589 2215 595 2255 :
626 2199 649 2254 is
662 2203 747 2258 caedet
761 2201 863 2273 sylvam
878 2201 926 2273 qui

128 2281 277 2349 plautavit;
306 2284 329 2338 is
355 2294 437 2341 metet
464 2295 593 2361 segetem,
623 2289 669 2361 qui
697 2290 837 2346 seminarit
866 2310 872 2347 :
902 2292 925 2346 is

129 2366 224 2425 dicct:
245 2373 376 2446 Superest
395 2380 428 2432 ut
447 2381 474 2431 et
494 2380 541 2450 qui
560 2395 663 2435 scores
684 2377 796 2449 hubent,
811 2381 851 2436 sic
865 2382 925 2437 sint

129 2460 211 2530 quusi
230 2477 288 2518 nort
309 2463 430 2520 bubeurtt
453 2465 478 2529 (l
505 2468 564 2523 Cor.
581 2482 630 2535 vn,
645 2469 698 2536 29),
715 2470 793 2538 cujus
807 2475 833 2523 ot
852 2481 925 2524 retro

129 2545 188 2612 fuit,
205 2550 323 2607 Crescite
334 2555 362 2607 ct
379 2553 619 2626 multiplicemini
629 2575 638 2611 :
649 2556 774 2625 ejusdem
788 2555 859 2623 linis,
875 2573 926 2612 ou-

977 1848 1096 1905 dantiam
1120 1847 1232 1912 sobolis,
1252 1863 1286 1902 ne
1311 1845 1414 1900 laboret
1437 1841 1527 1913 plures
1551 1839 1715 1911 liberando,
1742 1855 1777 1895 ne

978 1938 1076 1994 multos
1104 1936 1183 1992 faciat
1218 1934 1377 2003 haereticos,
1402 1949 1435 1989 ne
1463 1931 1651 2003 generosiores
1680 1930 1780 1986 habeat

978 2027 1148 2082 Marcionitas
1176 2042 1208 2080 en
1236 2022 1406 2080 Marcionitis.
1426 2023 1486 2077 Non
1510 2020 1561 2075 erit
1583 2019 1726 2075 immanior
1753 2020 1779 2057 ⁵²

979 2116 1079 2173 duritia
1102 2115 1262 2185 Pharaonis,
1281 2113 1446 2169 nascentium
1465 2107 1609 2166 enecatrix.
1633 2109 1701 2164 Nem
1727 2107 1777 2163 ille

978 2204 1081 2260 animas
1095 2203 1199 2273 adimit,
1216 2201 1259 2259 hic
1281 2217 1336 2257 non
1360 2206 1422 2266 uat;
1438 2199 1482 2254 illc
1499 2196 1587 2254 aufert
1608 2196 1644 2252 de
1660 2197 1686 2235 ⁵³
1709 2196 1776 2266 vita,

978 2291 1023 2346 hio
1050 2306 1104 2345 nou
1133 2289 1249 2345 admittit
1276 2288 1304 2344 in
1332 2288 1422 2344 vitam.
1438 2285 1509 2342 Nihil
1537 2284 1607 2356 apud
1631 2283 1778 2341 ambosdc

978 2378 1122 2436 homicidio
1137 2379 1229 2434 diflert
1254 2396 1261 2432 :
1286 2378 1336 2432 sub
1360 2387 1475 2447 utroque
1499 2376 1580 2431 lromo
1601 2373 1773 2444 interficitnr3

980 2466 1030 2522 sul)
1045 2467 1138 2533 attero,
1152 2467 1208 2536 jam
1232 2464 1330 2531 editus,
1343 2463 1392 2518 sub
1416 2464 1510 2531 altero,
1526 2462 1656 2517 edendus.
1676 2459 1778 2516 Gratus

978 2569 1063 2618 esses,
1074 2569 1090 2610 o
1101 2554 1151 2609 dee
1166 2553 1300 2623 haeretice,
1316 2553 1340 2608 si
1353 2567 1427 2608 esses
1441 2551 1468 2606 in
1482 2550 1687 2621 dispositionem
1696 2550 1777 2606 Crea-

126 2634 212 2704 juset
227 2637 342 2699 initium.
356 2641 418 2696 Non
435 2650 524 2698 tamen
543 2653 572 2698 ut
594 2645 618 2683 ⁴⁴
643 2646 794 2700 accusanda
816 2646 927 2702 caeditur
981 2643 1057 2710 toris,
1079 2643 1151 2714 quod
1176 2658 1276 2697 marem
1305 2650 1332 2696 et
1361 2639 1487 2695 feminam
1512 2638 1621 2695 miscuit
1649 2655 1656 2692 ι
1683 2637 1778 2709 utiquc

129 2724 346 2797 silva(921‚nec
369 2739 399 2787 ut
425 2732 576 2789 damnanda
599 2745 704 2792 secatur
725 2750 815 2807 seges,
831 2736 878 2790 sed
897 2741 928 2791 ut
982 2732 1052 2789 enim
1082 2739 1108 2786 et
1134 2731 1251 2786 biarcion
1267 2739 1329 2786 tuus
1357 2744 1390 2785 er
1413 2728 1514 2801 nuptiis
1538 2736 1616 2782 natus
1638 2734 1690 2782 est.
1707 2727 1779 2782 Satis

129 2817 246 2886 tempori
268 2833 317 2874 suo
341 2836 447 2892 parens.
473 2822 517 2879 Sic
542 2831 568 2879 et
593 2824 720 2879 connubii
743 2840 797 2895 res,
820 2840 875 2881 non
899 2830 927 2880 ut
982 2822 1041 2878 hacc
1060 2823 1095 2878 de
1114 2821 1166 2876 deo
1181 2818 1332 2886 Marcionis,
1346 2833 1436 2889 quem,
1451 2826 1478 2871 et
1500 2814 1670 2870 definitiones
1689 2814 1778 2869 unicae

129 2905 208 2968 mals,
238 2921 361 2963 securem
384 2916 411 2966 et
435 2910 530 2967 falcem
554 2912 670 2967 admittit
694 2913 852 2981 sanctitatis,
879 2913 927 2971 sed
979 2910 1134 2972 divinitatis,
1158 2918 1184 2965 et
1208 2908 1376 2964 conditiones
1400 2914 1517 2960 statuum
1541 2905 1565 2942 ⁵⁴
1582 2905 1641 2973 eius
1665 2902 1778 2959 omnino

130 3001 159 3047 ut
178 3001 282 3051 matura
301 2995 425 3072 defungi,
442 3009 470 3054 ut
493 3000 546 3073 ipsi
570 3001 703 3059 sanctitati
725 3013 870 3074 reseruata,
884 3005 930 3061 cui
945 3019 967 3099 e
982 3016 1035 3058 non
1060 3017 1120 3058 esse
1142 2997 1302 3056 confirmant
1325 2999 1360 3053 ⁵⁵.
1385 2996 1480 3052 Sedet
1502 2994 1581 3050 totins
1595 2992 1720 3065 opusculi
1735 3008 1779 3048 se·

130 3081 258 3140 caedendo
272 3093 380 3157 praestat
402 3097 428 3144 et
451 3104 512 3144 esse
530 3090 565 3147 ⁴⁵.
582 3091 658 3147 Unde
674 3088 757 3149 289
769 3093 826 3163 jam
841 3092 929 3149 dicam
984 3092 1036 3147 ries
1051 3090 1079 3147 in
1099 3092 1151 3146 boc
1173 3089 1266 3160 utique
1290 3084 1418 3143 succedit.
1440 3086 1566 3152 Proinde,
1582 3082 1604 3138 si
1624 3081 1669 3139 cui
1685 3080 1778 3138 minus

130 3167 210 3225 derum
240 3172 391 3244 Marcionis,
416 3190 476 3232 cum
500 3178 700 3234 matrimonium
724 3188 752 3235 ut
775 3182 876 3236 malum
899 3190 926 3237 et
980 3179 1046 3253 qnid
1060 3180 1183 3238 videmur
1197 3179 1222 3216 ⁵⁵
1241 3177 1341 3249 egisse,
1357 3182 1448 3246 speret
1462 3184 1629 3230 reservatum
1644 3185 1695 3228 suo
1709 3178 1780 3227 tem·

130 3256 304 3330 impudicitiae
327 3264 467 3334 negotium
482 3269 618 3336 reprobat,
633 3268 763 3325 aduersus
781 3268 868 3339 ipsam
884 3269 926 3325 fa·
981 3270 1051 3343 pori,
1079 3268 1148 3324 sicut
1171 3274 1199 3322 et
1228 3267 1347 3338 ipsarum
1371 3264 1570 3336 Scripturarum
1596 3260 1779 3318 examinabo-

129 3362 193 3405 eere
215 3351 393 3419 sanctitatem,
419 3354 461 3410 cui
488 3354 590 3412 videtur
613 3356 721 3413 studere
749 3376 756 3416 ε
787 3358 927 3414 materiam
981 3374 1054 3424 nem,
1070 3356 1169 3429 quibus
1183 3355 1301 3412 Marcion
1315 3354 1409 3409 utitur.

817 3484 914 3549 Variae
935 3486 1092 3547 lectiones.

167 3581 192 3619 ⁴⁵
203 3581 280 3638 'func
294 3583 373 3643 ntea
389 3585 498 3643 Obortis.
526 3587 551 3627 ⁴⁵
568 3588 699 3643 incestam
713 3597 741 3643 ot
755 3589 820 3646 luit.
836 3590 860 3628 ⁴⁴
880 3590 914 3645 Ut
928 3589 1029 3661 neplip.
1048 3589 1133 3646 Semi.
1152 3586 1262 3644 Odertlt.
1277 3587 1302 3624 ⁴⁴⁴
1325 3586 1435 3641 Praestet
1458 3600 1518 3641 esse
1541 3584 1626 3642 Semi.
1660 3594 1777 3654 praests·

131 3660 172 3707 ret
188 3651 273 3710 lilaea.
296 3655 320 3692 ⁴⁹
335 3656 510 3727 Dignoscitur
525 3660 583 3730 ftiq.
605 3662 690 3717 Fron.
706 3660 731 3698 ⁵⁰
757 3660 856 3716 Semen
878 3662 946 3718 fun.
974 3661 998 3699 ⁵¹
1018 3661 1047 3714 ln
1063 3660 1144 3716 delet.
1162 3659 1245 3716 Semi.
1272 3658 1296 3696 ⁵²
1320 3658 1467 3712 Humanior
1481 3658 1566 3714 Semi.
1595 3657 1706 3713 Obertlr.
1732 3654 1779 3710 in-

131 3723 272 3847 lir'ssgffm
307 3727 371 3781 ulii.
398 3727 422 3766 ⁵³
450 3729 474 3783 Α
503 3730 587 3786 Semi.
613 3731 718 3789 raptet.
747 3731 772 3769 ⁵⁴
804 3731 908 3787 Statum
928 3732 1016 3789 filsea.
1043 3731 1152 3788 Oberlft.
1180 3729 1204 3767 ⁵⁵
1227 3727 1424 3786 confirmantes
1450 3728 1536 3785 fibert.
1558 3726 1583 3765 ⁵⁵
1607 3726 1768 3782 videbimur

832 3875 1082 3939 Commentarius.

162 3969 295 4053 ⁸(·92)Ncrt
306 3978 833 4040 tamenutuccusenducrrdifursituu.
851 3980 926 4038 ltsi-
980 3980 1069 4036 omnis
1094 3979 1121 4034 in
1142 3978 1271 4047 caeduam,
1286 3986 1314 4034 et
1328 3992 1380 4033 non
1398 3976 1526 4034 cantiam.
1548 3976 1624 4032 Prior
1638 3975 1701 4032 ideo
1716 3991 1779 4031 ser-

132 4045 190 4095 mutu
223 4045 328 4115 nuptias
355 4046 523 4104 damnandas
551 4065 605 4106 non
633 4068 693 4108 esse
720 4054 809 4117 comt,
842 4061 926 4127 utque
979 4060 1056 4108 vatur
1078 4060 1107 4107 ut
1130 4050 1258 4113 cadatm,
1284 4050 1417 4122 posterior
1440 4047 1555 4119 pastioni
1580 4062 1708 4118 pecorum
1733 4048 1780 4101 de-

129 4112 199 4179 jnris
213 4115 316 4170 romani
341 4119 444 4186 peritus
466 4130 532 4186 eret,
547 4121 581 4178 de
601 4121 668 4180 silva
692 4125 784 4179 cadus
796 4125 922 4196 loquitur,

132 4184 165 4238 de
178 4201 232 4256 qua
246 4184 373 4260 frequens
396 4191 423 4245 in
443 4191 505 4260 jure
528 4194 639 4262 mentio,
655 4195 837 4269 dividiturque
858 4194 925 4252 silva

979 4122 1076 4178 stinata
1090 4131 1140 4189 est,
1155 4131 1182 4179 et
1200 4124 1285 4193 vulgo
1299 4136 1398 4192 pascua
1410 4119 1515 4177 dicitur.
1531 4119 1568 4173 Ln
1585 4120 1633 4173 Pn.

706 4541 866 4632 LIBER
903 4539 1198 4635 SECUNDUS.

401 4868 656 4927 nnonunrtrttu.

164 4954 186 5010 l.
209 4957 278 5012 Cum
295 4955 365 5012 libro
397 4959 559 5030 precedenti
586 4959 722 5017 definierit
745 4959 926 5017 Tertullianus

128 5045 209 5101 deum
225 5045 366 5102 Marcionis
384 5048 469 5103 Deum
485 5064 541 5104 non
560 5064 630 5120 esse,
645 5050 747 5122 regulis
761 5048 842 5105 certis
856 5063 926 5116 prae-

1018 4870 1064 4925 Ill.
1079 4868 1110 4926 ln
1137 4866 1232 4940 primis
1254 4875 1343 4926 autem
1367 4866 1445 4924 docet
1459 4864 1605 4924 bonitatem
1621 4863 1672 4920 Dei
1698 4864 1784 4920 Crea-

982 4960 1047 5016 toris
1061 4969 1188 5014 aeternam
1204 4973 1274 5015 esse.

1014 5047 1060 5102 ill.
1084 5045 1238 5104 Praesertim
1267 5064 1300 5102 ex
1328 5045 1445 5102 bominis
1472 5053 1498 5100 et
1520 5041 1733 5101 mnndifectura
1747 5059 1782 5100 ao

129 5135 308 5191 scribentibus
337 5136 442 5193 unicam
472 5153 531 5195 esse
559 5138 749 5204 divinitatem
779 5139 829 5195 boc
855 5136 927 5191 libro
980 5152 1013 5191 ea
1028 5153 1108 5208 quam
1123 5135 1225 5191 bomini
1240 5135 1403 5208 praescripsit
1418 5135 1490 5206 logo.

128 5225 215 5280 Deum
234 5227 391 5284 Creatorem
405 5227 485 5300 digne
501 5229 588 5284 Deum
611 5243 680 5293 esse,
700 5236 794 5297 utpote
812 5226 925 5292 bonum,

128 5330 182 5370 non
197 5316 306 5383 malum,
322 5316 454 5374 defendit.

167 5405 200 5460 ll.
227 5406 368 5461 Praemisso
395 5405 529 5461 invective
557 5404 584 5459 in
614 5404 794 5473 Marcionitas,
809 5404 854 5476 qni
878 5421 926 5461 sna

129 5493 286 5549 curiositate
300 5494 357 5549 Deo
371 5490 510 5562 negotium
526 5491 637 5562 faciunt,
652 5493 687 5548 dc
705 5491 816 5549 arbitrio
830 5508 926 5549 sensus

128 5581 168 5637 sui
185 5584 270 5638 Deum
287 5583 460 5655 pensitantes.

1016 5225 1050 5279 V.
1071 5222 1156 5280 283
1178 5225 1270 5296 Neque
1285 5225 1357 5280 enim
1377 5226 1481 5294 lapsum
1498 5222 1615 5280 hominis
1632 5223 1703 5289 Deo,
1727 5227 1783 5282 sed

981 5311 1067 5369 libero
1081 5314 1191 5369 arbitrio
1207 5313 1325 5368 hominis
1345 5313 1546 5384 imputandum.

1016 5403 1060 5460 tt.
1077 5404 1109 5458 Et
1131 5420 1195 5458 roro
1217 5404 1265 5459 Uei
1281 5403 1425 5460 bonitatem
1450 5417 1482 5458 ac
1504 5400 1635 5457 rationem
1659 5401 1784 5458 hominis

980 5493 1032 5548 boo
1046 5492 1227 5563 requisivisse,
1244 5500 1274 5547 ut
1295 5491 1502 5547 constitueretur
1525 5492 1608 5547 homo
1631 5489 1712 5546 liberi
1735 5508 1782 5547 ar-

979 5583 1066 5654 hierii,
1082 5591 1174 5656 utpote
1188 5597 1249 5638 cum
1263 5595 1314 5636 nec
1336 5580 1398 5638 boni
1420 5596 1470 5638 uec
1484 5580 1545 5636 mali
1560 5595 1666 5637 merces
1677 5581 1740 5651 jure
1754 5582 1784 5637 oi
