3848 6120
129 286 180 349 731
482 289 703 353 Toutottlaltl
722 290 856 353 OPERUM
874 291 959 353 PARS
971 277 1008 355 11.
1025 323 1061 337 -
1078 290 1192 354 solitos
1206 290 1227 363 1,
1247 287 1417 350 Pollutos.
1719 286 1774 349 tta

129 416 222 490 lingua
236 431 320 488 genas
334 419 395 489 ejus
407 419 577 490 emaculans3
594 434 685 476 mores
703 419 818 476 beatiam
836 420 920 477 relin-
937 408 961 487 fl
977 426 1007 476 ut
1024 428 1086 477 nata
1109 418 1260 476 substantia
1283 418 1381 474 iunatae
1407 416 1460 472 vim
1488 414 1650 488 exstinguat.
1665 412 1772 487 litante

129 512 211 577 quent
235 522 242 560 ε
267 505 378 561 scientia
399 505 559 562 naturalium
580 506 754 578 permanebit.
769 508 830 564 Non
850 508 923 566 obli·
978 518 1066 566 autem
1091 516 1119 566 et
1142 507 1232 565 multae
1245 505 1404 563 dillereutiae
1418 519 1575 576 corporum,
1592 518 1640 573 pro
1657 502 1771 571 gentiti-

128 593 247 649 viscetur
275 593 346 649 idem
372 593 532 650 naturalium
557 594 736 667 pabulorum,
762 597 924 655 naturalium
979 605 1043 668 tate,
1066 614 1117 670 pro
1132 595 1327 671 magnitudine,
1342 610 1392 667 pro
1419 593 1587 663 habitudine,
1604 606 1653 664 pro
1683 600 1772 662 atate,

129 682 323 751 remediorum,
340 683 502 739 naturalium
517 691 664 755 terrorum,
681 685 731 740 etsi
746 685 780 743 dc
795 685 924 758 piscibus,
978 703 1028 760 pro
1042 686 1203 742 valetudine.
1227 685 1299 742 Nutu
1319 699 1384 759 crgo
1407 694 1434 738 et
1449 682 1613 740 oblivionum
1642 678 1668 717 ’Ἰ
1696 679 1775 736 dille-

129 768 178 824 etsi
193 768 228 824 de
244 768 374 840 placentis
389 770 483 845 regina
502 771 527 827 ei
546 772 682 839 obtulerit,
698 787 803 828 carnem
819 774 923 831 deside·
978 778 1072 833 rentiae
1099 773 1385 832 aestinahunturased
1412 772 1554 829 uniformia
1580 768 1686 826 oblivio
1716 777 1774 841 cst,

130 858 217 924 rabit,
240 859 290 914 etsi
317 859 452 933 languenti
476 861 621 917 theriacam
646 863 827 933 composuerit
850 864 918 938 (53),
979 880 1045 937 ergo
1074 880 1127 921 non
1154 865 1205 921 erit
1232 863 1409 932 corporalitas
1432 860 1605 916 mulolnrmis
1632 859 1661 915 in
1688 873 1772 915 causa

130 945 234 1001 simiam
250 948 292 1002 leo
308 948 426 1019 requiret
447 966 453 1002 :
476 959 504 1005 et
525 949 548 1004 si
573 949 676 1005 nullum
703 950 742 1004 illi
764 953 925 1009 venabulum
979 954 1232 1014 exitusuuilormis.
1252 954 1334 1011 halaa
1347 952 1411 1008 item
1431 953 1604 1015 documenta,
1619 954 1692 1006 teste
1716 949 1776 1017 ipso

131 1034 294 1103 obfirmavit,
310 1037 411 1109 gallum
428 1048 516 1094 tamen
540 1038 696 1095 formidabit
717 1040 787 1111 (55).
810 1042 924 1098 Perinde
979 1046 1113 1113 Platone,
1141 1042 1332 1101 divinationem
1359 1041 1456 1097 aalma
1482 1040 1692 1111 probaverunt,
1717 1054 1776 1110 qun

131 1134 158 1179 ct
190 1124 292 1180 homini
321 1123 411 1183 68⁹
437 1128 557 1182 omnium
582 1127 694 1184 forsitan
717 1128 926 1186 obliviosissimo
981 1134 1170 1208 proposuimus
1182 1133 1237 1205 iana
1260 1131 1430 1205 Hermogeni.
1446 1129 1497 1186 Sed
1520 1143 1572 1185 uec
1594 1124 1687 1186 600
1699 1126 1774 1201 quis·

132 1212 298 1270 inobliterata
323 1217 508 1287 perseverabit
535 1216 592 1273 sola
618 1217 731 1274 scientia
753 1219 924 1291 naturalium,
981 1240 1061 1298 quam
1080 1222 1229 1292 hominum,
1251 1237 1305 1277 non
1326 1227 1352 1276 et
1374 1219 1434 1290 ipsa
1454 1218 1598 1290 aliquando
1625 1230 1773 1289 praesagam

133 1308 162 1356 ut
185 1303 242 1358 sola
266 1304 367 1361 scilicet
390 1306 531 1372 naturalis,
547 1322 651 1362 memor
676 1323 783 1379 semper
808 1312 925 1368 manda·
979 1314 1096 1369 animam
1119 1327 1194 1368 suam
1218 1310 1309 1376 sentit,
1326 1319 1372 1365 aut
1394 1307 1504 1374 ominis,
1519 1314 1566 1362 aut
1588 1302 1715 1377 periculi,
1731 1313 1775 1361 aut

132 1390 210 1444 candi
226 1391 252 1446 in
267 1393 366 1462 esurie,
382 1401 407 1448 et
422 1394 533 1449 bibendi
556 1393 583 1448 in
599 1396 653 1466 siti,
669 1406 696 1450 et
724 1398 809 1455 oculis
828 1399 925 1456 viden·
980 1403 1073 1476 gaudii
1089 1416 1230 1473 augurem.
1244 1400 1273 1455 Si
1288 1396 1445 1455 divinationi
1455 1411 1510 1452 non
1520 1394 1654 1466 obstrepit
1667 1409 1774 1465 corpus,

131 1478 205 1543 dum,
219 1486 245 1535 et
259 1481 370 1536 auribus
385 1481 560 1548 audiendum,
576 1490 603 1538 et
617 1486 728 1540 naribus
744 1485 925 1553 odorandum,
980 1506 1031 1548 nec
1046 1488 1190 1555 memoriae,
1211 1488 1317 1559 opinor,
1338 1485 1447 1543 Offiliei·
1462 1485 1493 1540 1¹1
1514 1486 1611 1541 ²⁰d²¹¹²
1630 1490 1706 1539 “²²⁰
1720 1498 1776 1540 ⁰⁰¹·

132 1578 158 1622 et
171 1581 218 1623 ore
233 1569 407 1638 gustandum,
423 1577 450 1625 et
469 1587 548 1626 manu
567 1573 798 1630 contrectandum.
815 1575 847 1631 lli
862 1584 926 1632 sunt
981 1595 1057 1649 pore,
1082 1589 1110 1634 et
1132 1577 1326 1634 obliviscuntur
1348 1574 1461 1640 animae,
1487 1581 1514 1629 ct
1537 1568 1730 1628 recordantur·
1753 1569 1776 1627 Sl

132 1662 206 1711 certo
230 1672 334 1724 seusus,
359 1675 430 1729 quos
455 1659 624 1733 philosophia
647 1661 779 1734 depretiat
801 1663 925 1722 intellec·
980 1685 1033 1741 qua
1060 1665 1180 1737 corporis
1210 1665 1278 1722 ratio
1306 1664 1400 1721 incutit
1432 1662 1609 1730 oblivionem,
1641 1658 1776 1734 quomodo

132 1743 242 1800 tualium
258 1747 422 1815 praelatione.
440 1748 526 1821 igitur
544 1750 568 1805 si
586 1751 718 1808 naturalis
732 1751 845 1809 scientia
859 1770 925 1810 aen·
980 1754 1140 1814 contrariam
1167 1756 1227 1825 ejus
1254 1752 1377 1810 admittet
1404 1750 1641 1808 recordationem?
1666 1747 1733 1821 quia
1754 1756 1777 1803 et

132 1834 245 1889 sualium
274 1844 423 1907 permanet,
452 1837 586 1907 quomodo
612 1839 846 1912 intellectualium,
867 1859 927 1916 quae
983 1844 1042 1917 ipsa
1058 1854 1121 1915 post
1140 1842 1303 1901 oblivionem
1328 1839 1489 1907 recordatio,
1507 1837 1638 1894 memoria
1662 1836 1776 1893 recidiva

133 1920 225 1991 potior
238 1922 364 1993 habetur,
379 1924 534 1981 intercidit?
549 1927 626 1984 Unde
641 1942 710 1983 nuuc
725 1927 783 2000 ipsa
797 1931 837 1984 ria
856 1930 927 1987 obli·
985 1941 1034 1993 est.
1064 1932 1141 2002 Quod
1164 1931 1259 2005 prima>
1287 1927 1424 1986 memoriae
1451 1927 1620 1996 adversatur,
1643 1940 1695 1981 cur
1727 1939 1774 1980 nou

133 2008 221 2066 rionis
240 2012 422 2069 antecedentia
438 2014 723 2073 recordationcmillx
747 2018 927 2090 multitudine,
983 2032 1011 2079 ct
1039 2020 1165 2078 secunda>
1193 2019 1344 2093 relragatur
1376 2018 1420 2073 ²⁸?
1448 2017 1589 2072 Postremo
1616 2013 1665 2088 qui
1695 2014 1775 2086 magis

135 2096 187 2166 ait,
217 2101 348 2171 temporis
376 2100 445 2172 (56).
474 2102 545 2159 Saos
568 2103 760 2175 improspecte.
788 2105 929 2176 Quantitas
983 2110 1218 2166 reminiscerentur
1262 2124 1341 2180 quam
1388 2104 1514 2178 puemli‚
1541 2110 1572 2159 ut
1614 2100 1774 2160 recentiora·

134 2188 205 2243 enim
236 2188 367 2259 temporis
394 2206 448 2246 nun
477 2190 623 2264 pertinebit
646 2194 680 2249 ad
704 2210 763 2250 eam
788 2212 844 2250 retu
867 2212 929 2267 quaa
983 2198 1089 2271 animan,
1106 2208 1133 2254 ut
1144 2198 1263 2254 nondum
1279 2197 1411 2252 immersae
1425 2191 1581 2249 domesticis
1604 2206 1637 2247 ac
1662 2189 1773 2261 publicis

134 2275 354 2347 innatadicatur,
370 2294 401 2333 ac
419 2290 473 2351 per
496 2282 547 2336 hoc
568 2281 736 2352 potissimum
751 2290 928 2340 aeternacre-
983 2288 1078 2353 curis,
1105 2298 1133 2342 ut
1168 2285 1234 2356 ipsis
1272 2285 1337 2341 solis
1371 2282 1469 2338 dedita
1505 2279 1627 2346 studiis,
1659 2294 1770 2352 quorum

135 2365 223 2421 datur.
238 2365 316 2435 Quod
332 2367 405 2422 enim
419 2375 552 2424 aetemum
567 2378 618 2434 est,
635 2385 668 2427 eo
681 2370 744 2441 quia
762 2379 789 2427 et
805 2370 928 2428 innatum
982 2374 1120 2432 discentiae
1149 2372 1359 2431 reminiscentiae
1386 2371 1473 2426 frunt?
1500 2371 1557 2426 lmo
1584 2384 1633 2424 cur
1663 2383 1718 2424 nou
1743 2381 1772 2421 cx

133 2461 183 2520 est,
201 2469 287 2526 neque
313 2454 429 2526 initium,
450 2472 538 2528 neque
566 2456 646 2513 linem
675 2458 804 2529 temporis
831 2460 928 2518 admit·
983 2479 1060 2537 aequo
1088 2479 1182 2520 omnes
1210 2462 1395 2528 recordamur,
1424 2475 1484 2516 cum
1514 2473 1547 2514 ex
1575 2470 1658 2529 aequo
1685 2471 1773 2512 omnes

135 2541 226 2609 tendo,
241 2542 346 2600 nullum
372 2545 480 2599 modurn
504 2545 633 2616 temporis
654 2548 771 2619 paritum
789 2547 832 2603 cui
862 2556 929 2605 tem·
983 2551 1196 2618 obliviscamur,
1233 2552 1280 2607 scd
1310 2547 1494 2605 tantummodo
1528 2544 1713 2618 ttllil⁰⁸⁰l²hii
1736 2544 1772 2599 Ne

131 2632 319 2704 porismodus
334 2633 425 2689 nullus
445 2642 497 2700 est,
512 2649 562 2690 nec
585 2634 638 2689 ulla
654 2635 841 2694 demutatione
860 2646 929 2694 tem·
982 2641 1011 2696 lai
1035 2642 1059 2680 ²⁹
1082 2640 1189 2713 quidem
1213 2654 1317 2696 omnes.
1334 2640 1408 2696 Plato
1431 2635 1533 2693 scilicet
1556 2635 1629 2690 solus
1654 2633 1683 2688 in
1708 2640 1774 2690 unu

130 2720 190 2792 pori
219 2721 244 2760 ²⁴
272 2722 375 2789 subest,
392 2738 442 2778 nec
466 2738 497 2777 ea
517 2723 552 2778 de
575 2722 747 2780 multitudine
762 2726 875 2797 tempori
888 2726 929 2784 vis
982 2730 1104 2802 geroium
1127 2729 1202 2795 silva,
1224 2728 1251 2784 in
1274 2736 1347 2784 tauto
1370 2725 1529 2798 sapientium
1550 2732 1640 2797 prato,
1656 2720 1772 2778 idearum

129 2819 171 2867 est
192 2810 228 2865 ²⁵.
241 2810 270 2865 Si
285 2818 395 2880 tempus
421 2812 449 2866 iu
476 2827 557 2867 causa
583 2819 624 2867 est
648 2811 802 2881 oblivionis,
820 2830 879 2884 cur,
895 2831 928 2871 ex
983 2825 1010 2874 et
1023 2818 1123 2874 oblitus
1135 2825 1162 2873 et
1176 2817 1331 2872 recordatus
1341 2825 1382 2870 est
1395 2815 1463 2886 (57).
1473 2812 1558 2885 Igitur
1573 2810 1597 2865 si
1611 2808 1773 2866 nullomodo

130 2914 185 2970 quo
212 2899 300 2954 anina
325 2899 433 2969 corpori
456 2900 602 2970 inducitur,
631 2902 759 2958 memoria
783 2903 928 2972 delabitur,
983 2906 1104 2963 consistit
1127 2904 1323 2979 argumentatio
1348 2904 1397 2960 ista
1421 2902 1573 2974 praecipua,
1599 2907 1688 2955 totum
1709 2897 1772 2952 illud

130 2987 210 3058 quasi
238 2987 334 3043 exinde
363 2996 470 3060 tempus
499 2991 587 3045 anima
616 2992 756 3057 sustineat,
781 3009 841 3063 quae
868 2993 927 3050 sinc
944 2992 966 3071 t
984 2997 1279 3071 paritercvcrsumest,
1296 2991 1612 3053 cuiaccommodataest,
1630 2995 1661 3043 ut
1682 2985 1772 3041 anima

132 3074 215 3130 dnbio
230 3075 303 3145 prior
316 3090 440 3147 corpore,
455 3092 509 3134 non
526 3077 574 3133 luit
598 3079 689 3151 utique
708 3079 766 3136 sine
786 3083 927 3152 temporat
981 3094 1008 3141 et
1024 3084 1132 3153 innata,
1147 3090 1173 3139 et
1198 3083 1224 3137 in
1247 3081 1404 3139 coelestibas
1426 3088 1600 3142 conversatae,
1616 3086 1646 3132 et
1662 3073 1772 3132 conscio

132 3165 258 3235 ingressa
278 3181 342 3221 vero
357 3180 466 3238 corpus,
484 3170 611 3223 statimne
625 3168 802 3237 obliviscitur,
823 3187 856 3226 an
875 3171 927 3226 ali·
981 3171 1132 3228 diriuomm
1155 3170 1219 3238 illic,
1244 3180 1271 3227 et
1294 3169 1357 3225 iude
1378 3168 1491 3234 delatae,
1514 3174 1541 3221 et
1564 3165 1608 3219 hio
1633 3162 1771 3220 reootdtlae

134 3263 234 3325 quanto
250 3257 328 3327 post?
343 3255 371 3311 Si
388 3255 488 3323 statim,
503 3266 531 3312 nt
554 3273 613 3330 quare
637 3262 687 3312 erlt
703 3260 832 3331 temporis
853 3275 923 3316 uon·
978 3263 1164 3332 crederentur,
1178 3261 1212 3316 ad
1227 3258 1385 3317 occasiones
1399 3255 1477 3328 plane
1493 3252 1631 3311 baereticis
1645 3250 1771 3309 submini-

133 3345 197 3400 dum
223 3344 387 3416 supputandi
415 3345 586 3401 multitudo‘l
614 3346 726 3401 infantia
755 3347 868 3404 scilicet.
897 3348 925 3406 Si
980 3351 1113 3407 strandas.

131 3434 267 3504 aliauanto
293 3442 365 3505 post,
381 3449 447 3506 ergo
470 3435 516 3491 illo
543 3435 570 3490 in
598 3437 685 3507 spatio
713 3445 775 3493 ante
803 3445 946 3509 tempora·
1264 3487 1376 3544 CAPUT
1400 3485 1480 3542 xxv

132 3520 277 3578 oblivionis
289 3537 394 3579 memor
408 3522 497 3581 adhuc
519 3531 582 3597 aget
605 3523 704 3592 anima,
720 3533 748 3579 et
771 3525 851 3597 quale
873 3534 926 3595 est,
1483 3525 1490 3539 ⁸

132 3619 161 3664 ut
176 3617 270 3681 postea
284 3610 470 3680 obliviscatur,
485 3621 511 3668 et
526 3627 621 3667 rursus
635 3621 728 3680 postea
751 3613 927 3670 recordetur?
1016 3618 1074 3670 Janr
1099 3629 1169 3670 nunc
1192 3612 1328 3684 regrediar
1349 3611 1382 3666 ad
1406 3625 1514 3667 causam
1536 3609 1618 3680 hujus
1639 3623 1768 3673 excessus,

133 3695 250 3768 Quoquo
264 3708 354 3753 nutem
373 3709 493 3768 tempore
507 3701 579 3755 illam
593 3700 693 3758 oblivio
710 3702 829 3768 irruerit,
844 3719 928 3775 quan·
981 3712 1011 3759 ut
1038 3703 1148 3761 reddam
1178 3702 1315 3774 quomodo
1342 3700 1440 3756 animae
1472 3714 1507 3754 ex
1534 3713 1588 3754 una
1616 3697 1768 3761 redundent

135 3793 175 3838 tus
189 3785 232 3840 hic
247 3785 329 3840 etiam
343 3786 485 3842 habebitur
510 3787 606 3843 modus
633 3788 781 3860 tenrporisi
795 3797 850 3846 tota
865 3791 928 3864 opi·
980 3792 1098 3865 quando,
1115 3800 1142 3847 et
1164 3790 1220 3857 uhi,
1238 3800 1332 3862 etqua
1354 3789 1459 3847 ratione
1481 3794 1622 3844 sumantur
1647 3807 1654 3843 ι
1678 3788 1712 3842 de
1725 3798 1769 3858 qut

134 3887 186 3926 nur
200 3872 263 3929 vitae
277 3872 405 3929 decursio
420 3874 485 3931 satis
500 3891 555 3931 nou
580 3877 631 3932 erit
651 3878 684 3932 ad
707 3880 879 3935 evertendam
904 3881 930 3920 ²⁶
983 3881 1075 3955 specie
1104 3882 1168 3936 nihil
1199 3881 1290 3947 refert,
1308 3896 1325 3935 a
1341 3878 1510 3951 philosopho,
1528 3892 1562 3932 an
1577 3876 1612 3931 ab
1641 3874 1768 3938 haeretico.

134 3962 290 4017 memoriam
316 3962 381 4017 tanti
404 3971 466 4019 ante
485 3979 583 4036 corpus
597 3965 657 4021 aevi.
674 3966 728 4022 Sed
748 3984 841 4024 rursus
854 3969 929 4026 l‘lato
982 3990 1016 4028 an
1042 3989 1059 4029 o
1080 3974 1162 4047 vulgo
1180 3971 1294 4044 quaetio
1321 3977 1454 4027 occurrat.
1469 3967 1547 4024 Nulla
1574 3966 1690 4025 interest
1711 3980 1769 4041 pro·

133 4051 620 4124 causamdemutatincorpns.Quasi
637 4064 663 4113 et
678 4056 928 4132 hociidcdignum,
982 4061 1130 4119 sessoribus
1176 4061 1295 4118 veritatis
1336 4055 1500 4115 adversariis
1540 4055 1627 4126 ejus,
1666 4056 1771 4113 maxime

819 4186 916 4251 Variae
939 4192 1094 4253 lectiones.

169 4296 193 4333 ²²
207 4294 349 4364 Temporis
361 4300 441 4354 Pom.
463 4298 550 4356 libert.
567 4299 591 4336 ²⁵
605 4300 660 4355 Nec
674 4299 766 4355 eadem
780 4302 955 4358 multitudine
971 4306 1099 4373 temporis
1113 4303 1210 4361 visast
1225 4306 1302 4360 Pom.
1319 4301 1406 4359 lilaea.
1432 4301 1459 4355 in
1479 4296 1652 4354 multitudine
1672 4298 1733 4353 Lot.
1752 4292 1771 4333 ²⁶

132 4366 293 4496 Χοὶίιιοιιιάειη]
317 4370 396 4425 Pom.
414 4369 501 4426 liltoo.
527 4372 612 4429 Senti.
631 4371 741 4430 Obertlt.
757 4373 780 4412 ²¹⁴
805 4373 977 4431 Oblivionem
999 4379 1090 4434 l'aoct.
1101 4377 1242 4433 marronae.
1264 4376 1288 4412 ²⁸
1304 4373 1466 4446 llolragetur
1480 4371 1569 4429 libert.
1585 4371 1666 4427 Pom.
1683 4368 1710 4408 ²⁹
1726 4368 1770 4425 Nat

829 4542 1078 4608 Commentarius.

131 4643 231 4717 reginas
244 4647 452 4702 mansuetudine
472 4647 594 4702 eruditus
618 4647 659 4704 lco
682 4645 809 4703 delicium
835 4649 966 4743 lueritn
1019 4653 1075 4724 (56)
1098 4654 1142 4708 Er
1164 4649 1362 4716 multitudine,
1385 4648 1440 4718 cit,
1457 4648 1602 4720 temporis.
1623 4638 1770 4700 Alludittl

132 4716 212 4771 “²²²²
226 4716 347 4774 AElifflss*
362 4718 407 4773 ΙΝ
422 4719 455 4774 dt'
468 4720 656 4785 Animalibus,
671 4734 708 4785 Cu
724 4721 768 4774 39.
785 4721 866 4776 adaia
879 4737 927 4775 au-
982 4729 1063 4779 verlra
1081 4722 1127 4775 illa
1142 4721 1260 4777 Platonis
1277 4721 1303 4775 in
1327 4720 1466 4777 Pboedoac
1490 4737 1499 4774 .·
1527 4739 1537 4767 a
1562 4718 1663 4773 Nonne
1686 4729 1771 4772 recor·

132 4797 185 4842 tem
201 4790 323 4861 alicujus
339 4799 391 4843 turn
408 4805 457 4860 pro
481 4805 554 4845 mora
568 4792 692 4862 loquendi
707 4805 767 4862 auo,
782 4800 836 4848 tum
854 4792 926 4865 quod
981 4795 1055 4849 datio
1081 4803 1131 4857 est,
1157 4793 1272 4847 maxime
1295 4792 1341 4846 ubi
1364 4790 1445 4847 alicui
1469 4787 1599 4844 acciderit
1622 4786 1698 4843 eirca
1723 4785 1771 4867 illa,

133 4859 224 4930 Plflfffl
239 4861 300 4928 ⁰1⁰²
313 4860 429 4915 ⁰0¹²?ssss
442 4857 551 4919 fuerim·
568 4863 636 4919 Pau.
981 4879 1096 4936 quorum
1112 4878 1157 4933 per
1170 4870 1286 4945 tempus,
1302 4872 1371 4919 eteo
1383 4862 1456 4935 quod
1471 4861 1517 4915 diu
1533 4874 1587 4914 uon
1601 4855 1770 4929 conspuant·

170 4931 227 4998 (5²)
242 4932 399 5002 Monocoli
410 4930 566 4988 theriacam
576 4935 775 5005 composuerit.
786 4935 884 4992 hllndit
894 4936 927 4991 ad
981 4952 1031 5063 erm
1045 4951 1099 5006 quo
1112 4936 1246 4991 transtulit
1258 4936 1367 4999 ductor,
1378 4949 1415 4990 aaa
1424 4930 1616 4988 multitudiue
1632 4928 1771 5003 temporit·

133 4999 211 5054 l‘linii
225 5002 305 5054 verba
321 5001 369 5055 lib.
386 5016 436 5068 vu,
451 5018 511 5072 cap.
526 5003 560 5057 to
577 5025 582 5060 :
603 5026 615 5051 a
636 5005 830 5076 AEgriludiuea·
847 5006 928 5062 lasti·
1005 5022 1080 5062 erum
1106 5007 1187 5061 etiam
1210 5005 1281 5061 istud
1305 5006 1419 5077 pulchre
1443 4999 1686 5083 hoctonraiutat,
1702 5016 1735 5083 ex
1747 5010 1773 5055 rt

133 5070 170 5124 alti
191 5078 292 5125 tantiam
311 5074 398 5138 sentit,
416 5075 441 5126 iu
468 5088 522 5144 qua
549 5077 672 5131 medetur
701 5078 727 5132 ei
754 5078 926 5145 contumelia,
979 5077 1052 5152 quod
1084 5078 1202 5132 innatam
1230 5077 1303 5132 Plato
1331 5077 1446 5131 animam
1475 5074 1585 5143 dixerit,
1611 5083 1640 5129 et
1663 5069 1773 5143 prounde

134 5142 159 5195 in
181 5141 283 5196 rabiem
307 5152 402 5218 agente
426 5159 589 5201 annexarum
614 5147 722 5204 lascivia
742 5148 890 5205 simiarum.
913 5171 925 5201 a
981 5160 1120 5210 aeternam,
1137 5148 1194 5204 sine
1209 5147 1341 5220 temporis
1354 5147 1440 5202 initio.
1456 5146 1526 5201 Part.

133 5216 202 5268 ΡΗ·
1017 5222 1073 5289 (57)
1085 5221 1215 5276 laieorum
1230 5225 1256 5276 ct
1271 5219 1376 5277 oblitos
1390 5222 1418 5273 et
1436 5214 1604 5274 recordatus
1618 5219 1674 5296 ert.
1683 5214 1774 5296 ‘tneo

167 5284 222 5354 (55)
240 5284 351 5342 Gallum
367 5291 463 5344 tomen
475 5288 651 5358 formidabit.
662 5290 747 5346 Etiam
763 5291 814 5345 hoc
829 5306 861 5345 ex
876 5289 928 5345 Pli-
979 5292 1062 5347 estin
1088 5292 1204 5357 Platone,
1222 5290 1267 5362 qui
1288 5290 1391 5362 primus
1414 5287 1533 5368 idearum
1548 5299 1658 5367 acuant·
1681 5301 1711 5340 an
1734 5286 1772 5340 lo·

134 5355 179 5411 nio
196 5355 294 5411 ibidem
314 5374 320 5409 :
339 5379 351 5409 r
373 5362 459 5430 utque
480 5360 539 5427 hoc,
556 5360 653 5431 inquit,
670 5362 730 5429 tale,
748 5372 854 5430 tamque
876 5377 928 5417 sae·
981 5378 1041 5418 cem
1064 5362 1160 5427 amisit,
1178 5363 1278 5431 scripto
1300 5363 1359 5429 ejus
1381 5368 1536 5440 argumenti
1559 5356 1682 5439 dialogo,
1699 5366 1770 5439 qur·

133 5445 196 5482 vum
218 5428 328 5494 animal,
345 5437 461 5485 rotarum
486 5433 566 5486 orbes
592 5434 759 5499 circumacti,
781 5448 928 5505 currusque
981 5435 1179 5491 Pammenidcm
1193 5432 1339 5503 inscripsit,
1358 5439 1384 5487 et
1403 5430 1623 5512 frequentissima
1639 5428 1708 5483 ululat
1729 5440 1769 5485 ct·

134 5499 239 5568 inanes,
268 5509 293 5555 et
321 5501 529 5571 gallinaceomm
552 5502 651 5573 cristae,
672 5514 818 5576 cantusque
846 5504 928 5561 etiam
981 5521 1041 5559 rum
1058 5505 1192 5561 mentione
1216 5505 1322 5575 injecta,
1338 5501 1564 5574 quemadmodum
1588 5505 1672 5557 ettam
1695 5506 1768 5571 sup!

134 5571 221 5641 '¹¹²8ss
244 5583 353 5629 lsssl'sstll·
377 5595 387 5622 ¹·
410 5574 481 5629 Plo·
980 5576 1258 5633 adnotatiuncula.
