3840 6134
132 286 199 348 atta
483 281 650 343 tutatuta
667 281 713 342 tv.
732 311 769 323 -
798 275 1001 339 FRAGMENTA
1025 274 1073 335 ult
1090 276 1199 335 emata
1218 274 1419 335 hauhhairts.
1708 278 1780 341 llil

163 409 310 477 Melitene,
335 409 419 481 inquit
437 407 509 464 idem
532 408 560 462 iu
588 408 728 473 Melitene,
761 405 874 477 elegans
898 412 928 460 et
942 418 966 497 g
981 401 1068 457 Libris
1089 418 1126 459 tm
1150 402 1277 458 adversus
1302 400 1453 460 Ecclesiam
1480 419 1529 474 pro
1553 406 1689 478 Montano,
1712 409 1778 470 dicit

168 498 349 555 elamatorium
377 499 528 568 ingenium,
553 496 663 552 laudans
695 494 875 554 Tertullianus
898 493 926 549 in
983 506 1076 547 eume
1094 489 1230 561 plerisque
1239 497 1393 547 nostrorum
1406 493 1566 564 prophetam
1575 497 1676 567 putari.

217 666 302 713 *tenus
318 658 372 711 ille.
388 656 507 722 erorum
523 671 555 710 ex
581 654 723 725 posteriori
744 654 804 710 loco
820 664 932 725 apparet
985 649 1026 707 vet
1040 665 1101 706 cum
1117 665 1165 720 per
1177 647 1266 719 ipsum
1280 649 1353 705 Deus
1371 650 1498 732 loquitur,
1514 670 1622 712 necesse
1650 667 1692 715 est
1703 662 1782 718 exei-

241 730 422 798 potiusquam
443 728 533 782 Latine
559 727 610 781 hos
643 725 726 780 libros
757 725 841 781 luisse
860 742 929 781 con·
984 720 1132 801 datseusn,
1155 720 1337 800 obumbratus·
1360 723 1463 778 scilicet
1489 725 1585 782 virtute
1612 729 1721 799 divina;
1746 734 1780 792 de

286 799 364 854 sicuti
395 799 514 852 dicemus
552 798 579 851 itt
612 796 736 867 sequenti
777 796 929 868 fragmento
985 798 1121 864 quainter
1139 792 1389 860 nosetPsychtcos
1407 798 1582 864 estquaestio.
1600 819 1612 849 r
1630 799 1779 873 Ubitsieuri

984 863 1074 927 latius,
1086 862 1133 916 lib.
1144 861 1317 932 celejanae,
1330 863 1392 921 adr.
1406 866 1620 938 Psyclticoslper
1634 875 1780 944 Psychieos

307 957 346 1005 m,
374 937 514 1008 promissis
542 945 571 993 ut
594 944 704 1005 stemus,
721 936 789 1007 quid
817 938 930 995 exstasis
984 931 1286 1004 iutelligitCatholicos,
1303 935 1378 988 etad
1394 937 1443 990 hos
1458 954 1502 993 sex
1517 938 1550 992 de
1569 943 1781 1004 Exstasa'libros

99 985 134 1097 k,
322 1013 363 1065 're
381 1009 441 1062 aliis
464 1008 642 1076 scriptoribus
665 1007 782 1079 antiquis
805 1009 931 1065 ecelesia·
984 1005 1088 1074 alludit,
1111 1017 1179 1073 quos
1205 1010 1298 1058 contra
1334 1005 1481 1063 Ecclesiam
1508 1011 1649 1079 scripsisse
1677 1027 1780 1074 certum

351 1080 572 1149 subjungendum
596 1078 729 1135 duximus.
756 1079 881 1135 Definitio
903 1082 929 1135 in
985 1085 1035 1135 est.
1050 1075 1088 1129 ht
1102 1074 1213 1154 pulchre
1224 1082 1317 1154 contra
1331 1075 1506 1134 Montanistas
1524 1081 1621 1152 Epiph.
1645 1085 1710 1144 haer.
1732 1091 1777 1159 ta,

108 1099 173 1243 ἲ
369 1152 441 1204 ἰὼ.
457 1152 489 1206 dc
509 1152 624 1214 dirime,
643 1165 667 1204 c.
683 1152 740 1204 ld:
774 1171 785 1200 a
808 1151 931 1206 Exstasin
985 1153 1128 1225 postquam
1148 1144 1296 1225 Scripturas
1311 1147 1434 1227 probavit
1461 1166 1540 1206 veros
1554 1156 1701 1224 prophetas
1716 1174 1779 1215 oum

151 1228 185 1281 ‹s-
392 1239 402 1275 t
418 1238 513 1276 seusus
528 1231 555 1276 et
578 1222 702 1275 amentiae
733 1221 826 1277 instar.
842 1221 887 1277 Sic
905 1228 932 1278 et
986 1222 1231 1275 constanttrattone
1247 1216 1458 1289 etrntelhgentia
1473 1221 1579 1278 locutos
1593 1241 1626 1280 ex
1649 1226 1777 1286 instinctu

99 1286 128 1381 ι
162 1262 195 1327 ‘3
416 1309 466 1346 nus
498 1308 558 1347 cum
586 1291 686 1346 exstasi
719 1292 874 1348 dedicatus:
897 1295 932 1348 Et
986 1287 1573 1367 Spirituasassclirssstnameuteeteorpore,
1603 1297 1637 1352 ad
1662 1300 1781 1359 Montani

433 1383 436 1389 ·
450 1367 479 1418 ιιι
492 1364 580 1418 ddum
590 1362 669 1433 (Gerr.
681 1377 709 1425 tt,
729 1365 784 1430 at),
797 1368 824 1418 et
835 1363 931 1420 obdor-
986 1359 1155 1438 prophetiam
1169 1361 1400 1439 raniensprobat
1414 1376 1475 1416 eunt
1485 1379 1572 1435 neque
1587 1368 1675 1423 stabili
1691 1379 1781 1428 mente

470 1435 576 1504 corpori
597 1435 720 1502 provenit
745 1433 772 1486 in
802 1434 930 1504 quietem,
986 1438 1272 1507 vaticinatumneque
1295 1430 1499 1502 intelligentiam
1522 1437 1619 1492 mentis
1643 1440 1780 1508 habuisse,

476 1506 494 1558 ‘t
521 1504 648 1560 adversus
663 1504 794 1574 quietem,
824 1504 930 1558 atinde
986 1515 1018 1554 ex
1038 1500 1154 1567 proprtis
1169 1500 1253 1568 ipsius
1267 1501 1385 1555 Montani
1403 1504 1503 1558 verbis.
1519 1506 1621 1562 Eodem
1646 1511 1782 1578 pertinere

500 1574 574 1629 ‘stesi
608 1574 732 1629 miscens.
752 1595 763 1623 t
790 1575 822 1628 Et
850 1575 932 1645 paulo
986 1570 1091 1648 videtur
1105 1569 1177 1639 quod
1190 1570 1220 1623 Β.
1237 1570 1436 1650 ilienoaoest.
1450 1575 1530 1630 debr.
1544 1580 1575 1632 ie
1593 1580 1717 1638 Genesim
1732 1586 1782 1638 ad-

526 1645 677 1699 sumentiae
698 1645 789 1713 hujus,
802 1644 864 1716 quia
878 1660 932 1700 uon
987 1646 1102 1707 notavit,
1118 1654 1168 1708 pro
1186 1642 1301 1700 exstasi.
1319 1644 1346 1694 td
1369 1651 1410 1697 est
1425 1647 1521 1702 mentis
1545 1663 1668 1715 excessu,
1685 1654 1712 1707 itt
1726 1655 1782 1709 lle-

543 1717 679 1780 ¹etudinis‚
709 1717 756 1770 sed
776 1731 808 1769 ex
832 1715 933 1771 ratione
987 1709 1300 1790 lrraeolraberir'trlt'tlt,
1321 1713 1505 1784 quousquita
1534 1721 1681 1791 καταφορὰν,
1708 1724 1785 1794 Sym-

500 1787 631 1854 erminat,
664 1788 711 1840 sed
739 1793 833 1842 arocat
856 1802 934 1841 men·
987 1782 1099 1836 machus
1126 1782 1211 1851 κάρον,
1225 1782 1253 1836 td
1269 1788 1310 1837 cst
1324 1797 1430 1852 gravem
1446 1793 1474 1840 et
1487 1787 1647 1855 profundum
1662 1806 1785 1863 soporem

423 1865 541 1920 ..c-utere,
553 1857 624 1910 aliud
639 1873 755 1922 morere,
772 1858 842 1911 aliud
857 1873 933 1911 ever·
952 1835 974 1912 Β
990 1853 1154 1921 interpretati
1178 1861 1248 1906 sunt.
1272 1853 1341 1907 Deni
1362 1868 1396 1908 ue
1424 1858 1544 1926 sequitur
1561 1877 1567 1912 :
1589 1863 1625 1914 Et
1639 1864 1782 1922 dormivit.

341 1945 433 1997 „sare
455 1927 540 1999 lgitur
563 1927 635 1998 quod
662 1927 789 1982 memoria
805 1929 933 1997 suppetit,
987 1924 1108 1994 idipsum
1126 1922 1238 2004 verbum
1258 1923 1327 2004 etin
1343 1870 1422 1980 ionae
1442 1930 1577 1984 stertentis
1596 1947 1691 1988 somno
1748 1937 1785 1990 si-

295 2000 373 2053 rmis
401 2006 458 2064 est;
485 1998 557 2068 quod
585 1997 684 2052 sanitas
716 1998 826 2066 mentis,
860 2000 934 2054 salta
990 2003 1044 2048 tum
1065 2001 1116 2048 est.
1137 1996 1220 2063 Atqui
1240 1994 1304 2048 nthtl
1323 2011 1373 2065 pro
1388 1998 1508 2053 Montani
1523 2000 1616 2056 insana
1641 2019 1709 2075 prop
1731 2006 1785 2061 etia

232 2086 281 2133 aa,
311 2078 412 2138 stupet,
442 2068 566 2122 arrrentim
595 2084 682 2140 genus
709 2077 759 2124 est.
794 2070 857 2124 ldeo
880 2084 934 2123 non
989 2064 1297 2146 ¹lacereilludtdel'etro
1323 2069 1478 2124 :h'cser'errs
1498 2071 1566 2142 qaid
1590 2073 1707 2131 diceret.
1731 2077 1785 2131 stit

159 2154 254 2195 ‚amur
279 2138 378 2202 furere,
395 2139 443 2192 sed
458 2141 610 2205 somniare3
633 2141 693 2194 ideo
721 2148 747 2193 et
776 2141 933 2210 prudentes,
988 2136 1054 2189 tllud
1070 2135 1163 2189 reterri
1179 2138 1283 2191 malunt
1302 2137 1336 2190 ad
1361 2138 1523 2196 locutionem
1548 2143 1785 2214 inconsideratam,

138 2208 161 2265 si
198 2210 305 2278 quando
334 2225 443 2274 sumus;
478 2225 571 2279 sapere
599 2211 670 2264 enim
704 2224 836 2275 nostrum,
875 2211 934 2264 licet
989 2205 1363 2262 utisotentantmontst
1383 2213 1786 2286 consternatieoquodadda-

138 2278 323 2343 obumbretur,
345 2295 397 2333 non
423 2289 511 2332 tamen
535 2279 723 2349 exstinguitur,
744 2281 795 2332 nisi
810 2282 880 2349 quod
908 2289 935 2334 et
988 2284 1031 2330 tur
1047 2279 1116 2345 apud
1134 2277 1249 2331 llarcum
1268 2293 1274 2331 ε
1292 2280 1382 2333 Erant
1394 2283 1470 2336 enim
1487 2285 1746 2355 timoreeaterriti;
1758 2296 1786 2344 et

139 2349 227 2421 ipsum
244 2358 333 2420 potest
350 2350 436 2403 rideri
465 2364 562 2403 racare
591 2355 665 2403 tunc.
690 2351 814 2403 lixstasin
845 2358 933 2402 autem
989 2347 1055 2401 illud
1070 2353 1169 2401 eertum
1185 2353 1235 2412 est,
1253 2347 1318 2400 niltil
1333 2349 1369 2401 ihi
1381 2352 1489 2406 Petrum
1505 2357 1691 2423 prophetasse.
1704 2360 1786 2415 Porro

138 2419 190 2476 hoc
213 2436 320 2491 quoque
345 2419 452 2490 operari
476 2420 509 2473 de
532 2433 582 2472 suo
607 2419 728 2487 proprio,
748 2428 776 2472 ut
795 2420 833 2473 sie
856 2420 934 2474 nobis
988 2417 1083 2470 nititur
1097 2416 1206 2486 quidem
1222 2417 1301 2469 etiam
1317 2426 1409 2473 auctor
1425 2422 1457 2474 ad
1477 2423 1597 2490 ejusdem
1626 2443 1702 2484 norae
1720 2444 1785 2498 pro·

137 2489 272 2562 imagines
296 2490 430 2560 saptentiae
459 2489 565 2556 inierat,
590 2490 815 2559 quemadmodum
840 2498 867 2543 et
894 2506 935 2543 er·
987 2488 1085 2612 grhetiae
1118 2486 1348 2541 confirmationem
1382 2490 1541 2561 detorquere
1570 2495 1657 2550 locum
1685 2497 1784 2570 Apost.

137 2560 218 2618 roris.
246 2562 386 2616 »Brevior
412 2575 475 2616 vero
504 2570 531 2613 et
563 2559 684 2613 instituto
704 2562 822 2615 auctoris
848 2561 934 2632 magis
1014 2559 1074 2614 Cor.
1105 2573 1165 2621 xtr,
1194 2558 1236 2610 his
1255 2559 1354 2625 verbis,
1383 2559 1429 2613 lih.
1452 2563 1514 2618 adu.
1536 2566 1633 2629 Marc,
1659 2582 1716 2638 cap.
1741 2574 1785 2625 8:

138 2631 286 2691 cautormis
305 2640 345 2686 cst
359 2631 405 2686 illa
419 2647 477 2702 quae
492 2630 606 2685 habetur
620 2631 741 2699 ejusdem
770 2633 813 2686 lib.
832 2647 891 2701 cap.
906 2636 932 2693 2,
991 2629 1085 2684 ‹tEdat
1098 2630 1214 2697 aliquem
1230 2629 1374 2697 psalmum,
1386 2631 1655 2701 aliquamrisionem,
1667 2640 1701 2692 ali
1741 2655 1786 2694 arn

139 2701 186 2761 abi
199 2703 234 2757 de
258 2703 354 2758 eodem
373 2702 477 2758 naama
502 2701 669 2772 loquitur:r
697 2702 810 2772 Cecidit,
839 2702 933 2771 iuquit,
989 2700 1137 2754 orationem
1167 2698 1302 2751 dumtaxat
1326 2700 1471 2767 spiritalem
1499 2703 1527 2757 in
1552 2709 1668 2773 ecstasi,
1694 2710 1701 2763 i
1745 2719 1786 2767 ast

140 2772 255 2831 exstasis
269 2790 349 2845 super
364 2774 451 2837 illum,
473 2772 558 2827 saneti
582 2771 699 2842 Spiritus
720 2772 771 2836 vis,
801 2773 934 2842 operatrix
988 2769 1116 2834 emenda,
1148 2767 1170 2820 si
1195 2783 1249 2838 qua
1272 2768 1373 2840 linguae
1405 2771 1589 2841 interpretatio
1629 2779 1783 2837 accesserit.

139 2846 299 2918 prophetiae,
320 2866 329 2892 a
348 2853 374 2898 et
393 2847 525 2914 capit:
558 2845 616 2897 «ln
646 2842 722 2896 illum
746 2845 816 2896 Deus
839 2858 934 2895 amen·
990 2840 1086 2893 Probet
1102 2838 1181 2917 etiam
1194 2837 1260 2892 milti
1279 2839 1416 2894 mulierem
1442 2844 1513 2912 apud
1542 2861 1571 2900 sc
1595 2848 1783 2928 prophetasse,

139 2916 205 2973 tiam
228 2914 348 2980 immisit,
368 2915 514 2986 spiritalem
534 2914 587 2968 tim
618 2929 670 2984 qua
697 2914 934 2982 constatprophe-
989 2909 1101 2963 exiliis
1128 2924 1182 2962 sttts
1215 2910 1392 2965 sanctioribus
1410 2911 1531 2982 seminis,
1562 2918 1783 2988 magnidicam.»

140 2986 212 3044 tias
230 2987 310 3057 Atqui
321 2987 398 3057 prius
414 2987 480 3040 illud
493 2989 635 3042 exstaseos
654 2999 740 3058 genus
754 2984 932 3054 aliquomodo
988 2980 1088 3036 Verum
1106 2988 1282 3048 praeterquam
1301 2983 1373 3051 quod
1388 2982 1467 3048 illud,
1492 2988 1524 3040 ira
1535 2991 1653 3057 exstasi,
1670 2991 1708 3045 ihi
1730 3005 1785 3047 non

140 3055 170 3113 in
186 3057 292 3113 Adamo
316 3057 426 3130 agnosci
439 3058 534 3126 potrtit,
551 3056 685 3124 posterius
709 3057 760 3109 hoc
784 3071 837 3109 non
854 3054 932 3123 item;
990 3051 1095 3121 legatur
1109 3051 1181 3120 apud
1204 3052 1374 3121 Apostolum,
1400 3069 1431 3108 ac
1444 3056 1517 3125 quod
1537 3058 1640 3113 dicatur
1662 3059 1784 3123 ibidem:

140 3135 232 3200 utpote
245 3128 317 3197 quod
333 3128 464 3196 pertinere
488 3127 607 3180 rideatur
630 3125 663 3178 ad
678 3125 807 3190 Montani,
836 3125 936 3179 Priscae
953 3158 974 3234 c
991 3124 1025 3177 Et
1036 3122 1155 3201 spiritus
1165 3123 1367 3202 propraetorem
1380 3127 1674 3200 proplietisstrbjectus
1685 3136 1786 3197 est5ex

141 3215 174 3257 ac
192 3199 346 3255 Maximillae
375 3197 574 3253 enthusiasmos
602 3197 841 3266 comprobandos:
866 3211 935 3266 quos
989 3192 1527 3263 proxumshpostoltverbtshlautauum
1546 3201 1782 3266 etproindeTer·

140 3269 293 3328 incestari
309 3278 337 3324 et
355 3275 516 3323 atamentes
538 3267 612 3337 loqui
636 3269 722 3321 solere
737 3266 935 3322 cantitabantur
988 3263 1129 3317 tullianum
1151 3262 1245 3317 refutat
1271 3263 1300 3316 B.
1320 3264 1431 3319 llierou.
1452 3268 1560 3340 Protoq.
1580 3272 1783 3329 Commentis

140 3338 261 3411 ipsorum
284 3339 421 3410 discipuli,
437 3349 462 3393 et
478 3338 548 3393 inter
562 3352 609 3392 eos
624 3337 807 3405 postmodium
828 3345 934 3392 aetatem
989 3333 1118 3389 llabceuc
1133 3350 1142 3386 .·
1160 3353 1172 3381 a
1190 3333 1340 3403 Prophetae,
1356 3334 1453 3404 inquit,
1468 3339 1536 3394 risio
1556 3349 1604 3407 est,
1628 3352 1663 3406 et,
1685 3344 1785 3399 edver-

142 3410 150 3467 i
173 3426 203 3467 se
223 3410 414 3466 Tertullianus.
432 3410 488 3464 lluc
503 3408 618 3482 pertinet
637 3407 702 3461 illud
725 3408 758 3462 de
779 3407 869 3462 Prisca
891 3415 936 3461 aut
990 3420 1036 3458 sus
1047 3404 1163 3458 Montani
1179 3404 1457 3484 dogmaperversum,
1474 3407 1598 3482 intelligit
1613 3413 1784 3483 quodjtidet,

141 3426 289 3539 Maximine
316 3481 439 3551 ejusdem
460 3480 505 3534 lib.
535 3479 567 3534 de
596 3479 708 3543 Anima,
734 3494 758 3534 c.
783 3482 823 3534 9:
855 3500 865 3526 a
889 3480 938 3533 Est
990 3484 1085 3529 necut
1104 3475 1566 3544 amensloquttur,nccinmorem
1596 3481 1787 3539 insanientium

99 1439 104 1453 Ι

144 3551 228 3609 bodie
250 3565 326 3606 soror
354 3552 426 3622 apud
454 3566 505 3606 nos
547 3547 741 3604 revelationum
779 3548 937 3603 charismata
991 3543 1159 3608 laminarum,
1175 3545 1220 3599 dat
1233 3544 1291 3600 sine
1320 3554 1409 3601 mente
1437 3563 1544 3604 sonum.
1564 3551 1640 3608 Unde
1660 3561 1687 3608 et
1714 3558 1787 3625 Apo·

142 3621 248 3686 sortita,
263 3638 330 3693 quas
342 3623 369 3678 iu
384 3623 507 3687 ecelesia,
522 3620 593 3676 iuter
620 3619 763 3675 Dominiea
794 3618 935 3682 solemnia,
991 3615 1076 3670 stolus
1096 3615 1183 3683 jubet,
1207 3624 1235 3670 ut
1254 3617 1277 3669 si
1292 3617 1516 3688 prophetantibus
1541 3621 1612 3690 aliis,
1640 3623 1685 3677 alii
1708 3623 1788 3680 luerit

142 3706 194 3765 per
216 3695 345 3750 exstasin
373 3693 400 3747 in
422 3692 518 3761 spiritu
550 3691 684 3762 patitur.·
716 3691 771 3745 Moc
800 3697 841 3743 est
865 3689 937 3742 enim
992 3686 1150 3750 revelatum,
1167 3692 1271 3741 taceant
1284 3687 1330 3768 qui
1345 3686 1420 3757 prius
1434 3689 1623 3760 loquebantur.
1643 3712 1654 3741 s
1676 3693 1717 3748 Ex
1733 3710 1787 3818 guo

143 3763 218 3835 quod
232 3764 284 3820 sibi
298 3765 354 3819 vult
365 3764 413 3820 lib.
428 3779 456 3818 tv
476 3763 536 3819 adr.
563 3763 646 3818 Marc.
662 3775 687 3817 ι.
704 3764 747 3828 it,
768 3756 876 3816 stat}
892 3758 937 3814 ubi
991 3755 1159 3828 intelligitur,
1180 3772 1240 3812 eum
1255 3775 1315 3828 quta
1330 3758 1468 3816 voluntate
1481 3763 1585 3834 reticet,
1603 3770 1631 3818 et
1650 3763 1727 3820 alteri
1753 3781 1787 3821 o·

143 3834 280 3904 explicans
294 3835 370 3904 illud,
394 3835 457 3889 Luc.
483 3849 525 3900 tx,
543 3832 578 3887 de
607 3833 683 3885 Petro
703 3852 709 3887 ε
736 3830 789 3887 Sed
812 3834 938 3888 nesciens
992 3842 1054 3884 eum
1065 3829 1109 3881 dat
1120 3827 1338 3898 adloquendum,
1354 3846 1432 3897 posse
1447 3841 1474 3887 et
1486 3833 1560 3905 loqui
1580 3844 1606 3888 et
1621 3843 1709 3890 tacere
1724 3851 1787 3893 cum

142 3902 215 3978 qaid
229 3905 352 3962 diceret:
371 3904 545 3972 «Quomodo,
561 3902 658 3971 inquit,
674 3902 817 3955 nesciens?
833 3910 937 3956 utrum·
991 3898 1063 3954 velit.
1080 3898 1133 3966 Qui
1147 3909 1236 3954 autem
1259 3898 1415 3966 lacertosi,
1431 3902 1514 3959 idest
1532 3904 1641 3970 inritus,
1661 3908 1788 3978 loquitur,

143 3988 180 4032 tte
220 3975 335 4045 simplici
362 3991 465 4039 errore,
494 3991 528 4027 nn
556 3971 684 4027 irratione
708 3972 772 4042 (qua
804 3970 939 4042 significa·
992 3985 1043 4024 nee
1054 3976 1150 4032 tacere,
1167 3985 1216 4026 nec
1239 3971 1312 4042 loqui
1340 3973 1366 4027 in
1395 3989 1444 4028 sua
1464 3985 1596 4043 potestate
1619 3976 1710 4033 habet.
1736 3978 1792 4033 Eo·

144 4043 313 4103 tioueetiam
341 4046 416 4114 dixit,
432 4045 479 4099 lib.
496 4045 558 4100 adr.
580 4046 722 4105 Praxean,
751 4045 870 4112 capti,
888 4057 938 4094 ne·
992 4041 1051 4095 dem
1068 4041 1183 4108 pertinet
1213 4041 1294 4095 etiam
1321 4042 1391 4097 illud
1414 4045 1663 4118 ejusdeml’rologo
1682 4047 1710 4102 itt
1735 4049 1791 4103 Na-

144 4130 198 4188 que
211 4118 316 4172 Petrum
332 4126 359 4172 et
380 4117 512 4171 Joannem
540 4124 566 4169 et
587 4112 719 4167 Jacobum
733 4111 861 4166 visionem
892 4111 939 4164 Dei
993 4111 1057 4163 hum
1074 4109 1330 4178 prophetamzNon
1350 4111 1421 4165 enim
1435 4114 1553 4184 loquitur
1570 4116 1596 4167 in
1621 4115 1742 4180 troaden,
1762 4126 1792 4172 ut

144 4187 205 4243 aitte
218 4185 347 4242 irratione
366 4196 393 4241 ιι
410 4187 526 4242 amentia
549 4192 675 4254 expertos
696 4185 764 4243 esse)
793 4197 872 4250 quam
892 4181 940 4234 de·
992 4180 1133 4234 Montanus
1147 4189 1172 4232 et
1184 4181 1273 4235 Prisca
1289 4180 1488 4253 Maximillaque
1511 4183 1636 4254 delirant,
1653 4187 1699 4240 sed
1718 4190 1791 4258 quod
1872 4214 1876 4222 ·

144 4255 510 4315 tendinusincausanorae
531 4250 937 4325 prophetiae,gratimrxstasirr,
994 4250 1145 4329 prophetat,
1165 4248 1233 4304 liber
1257 4258 1298 4306 est
1317 4251 1427 4306 visionis
1454 4252 1632 4326 intelligentis
1662 4257 1790 4316 universa

144 4325 175 4383 id
189 4339 230 4384 est
244 4331 388 4384 amentiam
406 4327 559 4384 convenire.
588 4325 617 4378 ln
644 4321 738 4392 spiritu
766 4321 838 4376 enirn
858 4321 940 4401 horno
994 4335 1055 4391 quae
1072 4318 1232 4389 loquitur.»

144 4402 316 4470 constitutus,
346 4398 497 4470 praesertim
521 4412 582 4453 cum
606 4393 719 4469 gloriam
734 4391 782 4447 Dei
797 4393 938 4462 consptcit,

645 4487 732 4540 LIBRI
749 4485 915 4538 ADVERSUS
938 4483 1140 4536 neattuttttrtt
1164 4485 1299 4538 MOTULAE

681 4586 722 4632 Ex
737 4587 765 4630 B·
785 4586 870 4630 tatatt.
894 4583 996 4629 catat.
1019 4584 1056 4628 ET
1077 4585 1258 4632 NtceettottO.

184 4675 341 4745 specialiter
360 4680 451 4730 autem
474 4673 605 4732 adversus
632 4671 792 4736 Ecclesiam,
825 4671 949 4742 inquiunt
966 4685 989 4761 n
1005 4670 1138 4725 millehoc
1152 4671 1267 4726 testibus
1290 4670 1421 4742 probabo.
1449 4670 1504 4727 Sed
1529 4678 1556 4728 et
1575 4690 1608 4730 ex
1623 4677 1683 4733 aliis
1711 4678 1803 4737 tructi-

148 4761 188 4818 illi
209 4765 274 4819 locis
289 4781 369 4835 supra
384 4764 472 4819 citatis
496 4763 530 4818 de
557 4760 730 4831 Tertulliano,
754 4760 840 4816 texuit
867 4759 947 4816 rolu—
1003 4759 1055 4815 bus
1077 4759 1223 4828 probantur
1244 4761 1400 4830 prophelae:
1427 4761 1471 4815 dic
1498 4761 1576 4829 mihi,
1607 4765 1708 4823 crinem
1728 4766 1802 4824 ineat

148 4850 233 4920 mina,
249 4852 282 4907 de
297 4855 412 4908 Exstrtsi
427 4851 510 4906 libros
525 4866 582 4916 sert,
599 4857 626 4906 et
645 4850 791 4920 septimum
804 4862 947 4905 novansus
1003 4847 1146 4919 propheta,
1173 4846 1254 4900 stibio
1278 4847 1373 4902 oculos
1409 4847 1491 4902 liniti
1523 4851 1654 4920 propheta
1682 4855 1803 4911 vestibus

147 4941 344 4997 sroraoarun.
1002 4940 1030 4989 et
1061 4932 1175 5003 gemmis
1216 4933 1348 4988 ornaturi
1378 4937 1509 5006 propheta
1556 4938 1647 4995 tabula
1683 4942 1752 4998 ludit
1776 4957 1804 5000 et

184 5029 357 5099 apottonius,
374 5029 460 5101 inquit
481 5031 510 5085 B.
530 5029 655 5095 Hieron„
683 5027 724 5083 tir
745 5026 949 5093 disertissimus,
1006 5022 1136 5077 tesseris?
1165 5024 1297 5092 propheta
1325 5023 1412 5079 loeuus
1449 5025 1568 5095 accipit?
1609 5028 1803 5100 Respondeant

148 5116 258 5187 scripsit
282 5117 413 5172 adversus
441 5118 605 5181 Montanum,
631 5114 783 5171 Priscillam
810 5122 836 5170 ιι
863 5113 950 5169 Maxi·
1006 5120 1098 5165 utrum
1116 5111 1168 5166 hoc
1192 5110 1249 5166 aeri
1271 5111 1360 5177 liceat,
1389 5128 1423 5167 an
1454 5128 1518 5169 nou.
1548 5115 1637 5170 Meum
1663 5127 1704 5174 est
1737 5136 1803 5191 pro-

150 5203 253 5259 millam
268 5203 378 5280 insigne
392 5214 420 5261 et
437 5205 551 5277 longum
565 5204 701 5269 volumen,
727 5203 755 5257 in
781 5217 836 5273 quo
857 5201 953 5257 asserit
1007 5200 1072 5255 bare
1092 5199 1142 5271 (sic
1165 5201 1241 5257 enim
1269 5203 1327 5272 tho
1360 5219 1421 5274 pro,
1442 5205 1605 5276 approbare)
1639 5207 1704 5278 quid
1729 5206 1805 5263 iece-

153 5293 312 5349 Mentanum
332 5302 361 5349 et
385 5294 493 5349 insanas
516 5300 592 5350 vetes
609 5291 715 5364 perisse
742 5291 897 5364 suspendio,
927 5297 955 5345 et
1008 5288 1071 5345 rint.
1112 5308 1123 5341 r
1173 5289 1244 5344 Dicit
1269 5289 1298 5343 in
1330 5291 1425 5344 eodem
1461 5291 1530 5349 libro
1570 5293 1805 5365 quadragesimum

155 5379 241 5435 multa
255 5379 316 5436 alia.
339 5381 368 5435 ln
389 5381 489 5453 quibus
508 5380 542 5436 de
560 5379 682 5434 Priscilla
709 5388 736 5435 et
754 5378 898 5434 Maximilla
912 5394 956 5433 re·
1004 5368 1071 5433 'esse
1085 5394 1194 5442 annum,
1217 5377 1358 5449 usquead
1385 5390 1491 5448 tempus
1516 5397 1569 5451 qno
1596 5382 1653 5450 ipse
1676 5382 1810 5439 scribebat

153 5466 228 5523 tert:
266 5485 278 5520 ι
306 5467 334 5523 st
359 5476 457 5542 negant
486 5483 531 5523 eas
559 5465 696 5539 accepisse
719 5481 840 5531 munera,
869 5465 956 5520 conli-
1011 5465 1119 5528 librum,
1154 5479 1187 5516 ex
1209 5476 1263 5535 quo
1286 5463 1396 5517 haeresis
1425 5465 1657 5538 Cataphrygarum
1685 5466 1813 5524 habuerit

153 5563 265 5612 teantur
306 5571 362 5612 non
393 5572 454 5614 esse
491 5556 635 5629 prophetas
666 5557 712 5627 qui
750 5553 906 5625 accipiunt3
933 5563 959 5611 et
1014 5552 1166 5609 exordium.
1201 5553 1393 5608 tertullianus
1422 5567 1471 5606 sex
1506 5551 1689 5610 voluminibus
1720 5558 1816 5614 adver·

266 5662 437 5721 Parnontt.
1636 5659 1673 5711 ³8
