3840 6134
225 265 280 327 uu
563 258 785 323 raurutaltttt
802 258 933 321 ornauit
952 258 1035 321 Plus
1053 258 1087 318 lt.
1106 290 1142 300 -
1159 255 1272 319 saltus
1290 255 1324 327 11.
1343 255 1500 318 domuit.
1816 257 1871 320 948

224 403 326 445 caesum
354 385 481 458 capillum
502 385 593 444 decori
620 387 749 443 mentitur
761 386 786 425 ⁴²
804 385 873 457 (42),
888 383 1021 456 quemad·
1075 383 1145 440 filias
1163 383 1400 455 hominumque
1418 390 1494 440 natm
1512 398 1595 457 supra
1614 384 1692 454 dixit,
1705 384 1746 442 sic
1760 400 1872 459 qnoque

226 474 336 531 modum
352 484 378 533 et
392 490 476 548 puero
490 475 515 514 ⁴³
528 475 688 548 permissum
707 474 777 546 (33).
794 475 868 546 Ergo
886 472 930 528 cui
944 488 1021 545 aeque
1076 471 1194 546 virgines
1212 473 1236 510 ⁴⁴
1258 469 1419 546 significavit
1441 488 1524 543 snpra
1541 482 1628 531 natas.
1647 475 1682 529 At
1704 473 1749 531 bic
1768 473 1872 549 angelis

226 579 281 623 non
291 566 417 622 convenit
427 563 484 619 radi
494 563 551 620 sive
562 563 678 633 tonderi,
688 579 766 637 aeque
776 562 899 620 convenit
908 561 1020 634 operiri.
1075 570 1171 632 nuptas
1195 560 1267 616 aliud
1301 576 1347 618 eas
1374 559 1463 616 nescio
1490 577 1570 633 quam
1604 570 1693 632 natas,
1716 571 1745 618 et
1770 562 1870 620 dehinc

228 652 257 708 Si
272 653 358 727 gloria
373 650 461 709 899
478 653 528 709 viri
541 659 581 708 est
595 652 703 723 mulier,
717 659 817 724 quanto
831 650 918 723 magis
932 651 1021 724 virgo,
1076 658 1181 720 nuptas.
1198 650 1282 705 Debet
1300 664 1365 722 ergo
1384 649 1538 705 adumbrari
1552 650 1610 722 (il)
1625 650 1706 708 iacies
1726 659 1783 707 tarn
1796 650 1870 723 peri·

227 757 290 814 quae
303 750 330 799 et
345 741 432 813 gloria
447 740 498 798 sibi
513 741 570 798 esti
588 741 615 796 Si
630 739 726 795 mulier
745 756 778 795 ex
797 739 857 795 viro
871 746 898 795 et
912 750 1023 812 propter
1075 739 1176 805 culosa,
1193 753 1253 810 quae
1271 753 1355 809 usque
1373 737 1406 792 ad
1425 737 1523 794 coelum
1540 738 1667 794 scandala
1683 739 1804 812 jaculata
1819 749 1868 811 est,

228 830 325 897 virum,
340 839 413 886 costa
437 830 483 885 illa
505 828 573 885 Adae
595 828 672 900 uirgo
695 828 812 900 primum
835 827 895 883 luit.
912 827 941 883 Si
961 843 1023 883 mu·
1077 836 1106 885 ut
1120 845 1180 885 cum
1195 828 1253 883 Deo
1272 827 1412 894 assistens,
1425 827 1470 884 cui
1484 843 1530 883 rea
1547 836 1587 884 est
1605 829 1769 900 angelorum
1781 837 1870 886 exter·

228 915 278 975 liar
297 923 456 990 potestatem
476 919 574 973 habere
600 933 682 989 super
705 924 785 988 caput
805 916 882 972 debet
896 915 965 989 (ii),
980 914 1023 973 vel
1078 917 1250 984 minaturum,
1274 917 1378 972 caetoris
1402 931 1509 989 quoque
1537 917 1642 990 angelis
1669 918 1826 985 erubescat,
1847 928 1873 976 et

228 1021 262 1062 eo
279 1006 381 1077 justius
402 1006 488 1080 uirgo,
506 1006 539 1061 ad
562 1021 645 1076 quam
667 1006 782 1076 pertinet
800 1004 874 1077 quod
896 1004 923 1059 in
941 1020 1024 1061 causa
1077 1007 1173 1061 malam
1194 1004 1268 1061 illam
1288 1004 1433 1076 aliquando
1456 1005 1608 1061 libertatem
1630 1005 1729 1077 capitis
1744 1006 1786 1062 sui
1800 1022 1871 1063 oom-

229 1104 279 1151 est.
295 1093 324 1150 Si
338 1095 410 1151 enim
425 1094 481 1168 (ib)
497 1101 608 1167 propter
626 1093 737 1167 angelus
752 1093 778 1166 (l
792 1095 853 1153 Cor.
869 1109 907 1160 xx,
922 1097 948 1164 8,
967 1088 1023 1160 lul,
1077 1092 1184 1165 pumat,
1200 1092 1256 1163 jam
1275 1107 1325 1147 nee
1348 1090 1486 1148 hominum
1509 1091 1595 1148 oculis
1617 1091 1800 1151 offerendam.
1821 1094 1871 1151 Sed

228 1183 331 1242 seilicet
348 1199 416 1258 qnos
434 1184 584 1256 legimusa
611 1183 670 1240 Deo
689 1192 715 1239 et
742 1182 810 1240 ooelo
835 1182 963 1239 excidisse
989 1183 1024 1240 ob
1077 1182 1141 1239 etsi
1162 1181 1356 1238 contaminatas
1371 1183 1429 1251 jam
1452 1180 1564 1238 laminas
1582 1182 1671 1258 angeli
1693 1183 1736 1239 illi
1750 1186 1870 1257 appetis·

229 1272 475 1343 concupiscentiam
506 1271 681 1342 feminarum
703 1271 764 1346 quis
785 1287 948 1343 praesumore
971 1286 1023 1342 po·
1077 1277 1147 1341 sent,
1163 1278 1235 1326 tanto
1249 1270 1335 1345 magis
1350 1279 1460 1342 propter
1473 1269 1586 1343 angelos
1604 1271 1686 1328 velari
1700 1272 1870 1347 debuissent,

229 1367 282 1416 test
312 1359 379 1417 tales
405 1360 528 1435 angelos,
558 1361 760 1429 maculatajam
786 1375 901 1432 corpora
920 1368 947 1415 et
971 1359 1025 1414 hu·
1079 1358 1289 1432 quantomagis
1315 1365 1427 1431 propter
1454 1357 1573 1430 virgines
1606 1359 1695 1435 angeli
1724 1359 1872 1434 deliquisse

229 1463 315 1505 manae
347 1447 468 1504 libidinis
504 1448 634 1522 reliquias
664 1447 844 1518 desiderasse,
866 1458 894 1506 ut
916 1462 970 1503 nou
991 1446 1025 1503 ad
1079 1450 1239 1521 potuissent.
1255 1447 1284 1504 Si
1302 1455 1392 1503 autem
1410 1454 1437 1503 et
1452 1456 1554 1504 naturae
1572 1448 1765 1520 prejudicium
1784 1451 1872 1525 adjicit

229 1536 347 1611 virgines
366 1536 456 1607 potius
486 1538 644 1603 exarserint,
660 1552 773 1609 quarum
792 1536 844 1593 llos
869 1535 951 1591 etiam
975 1535 1026 1591 hu·
1079 1537 1228 1609 Apostolus
1242 1535 1311 1607 (ta),
1324 1534 1397 1606 quod
1420 1536 1505 1592 honor
1526 1536 1561 1594 sit
1584 1535 1706 1592 mulieris
1719 1537 1873 1594 redundan-

228 1641 336 1682 manam
359 1625 496 1682 libidinem
521 1633 630 1682 excusat
654 1625 728 1696 i45)?
748 1624 814 1678 Nam
837 1630 865 1678 et
888 1622 1026 1697 Scriptura
1079 1625 1115 1682 tia
1124 1622 1368 1695 capillorumquia
1380 1638 1457 1680 coma
1466 1638 1515 1696 pro
1524 1625 1688 1697 operimento
1703 1633 1747 1683 est
1760 1643 1768 1686 ε
1783 1623 1872 1685 900

230 1715 268 1772 sio
282 1715 404 1791 suggerit
419 1731 426 1768 :
443 1716 479 1771 ut
492 1717 603 1787 suctum
619 1717 670 1779 est,
687 1711 784 1785 inquit,
799 1729 865 1770 cum
879 1715 1026 1788 cepissent
1041 1748 1064 1827 Β
1080 1715 1172 1786 utique
1191 1714 1242 1769 boc
1261 1711 1378 1768 maxime
1400 1712 1515 1786 virginis
1538 1712 1643 1787 insigne
1655 1721 1707 1781 est,
1723 1730 1839 1787 quarum
1851 1717 1873 1756 ⁴⁵

229 1805 356 1862 bomincs
373 1804 470 1874 plures
489 1803 553 1871 fieri
569 1817 655 1872 snper
678 1805 795 1868 terrum,
811 1807 840 1859 ct
858 1801 928 1871 filie
947 1805 1024 1858 nete
1079 1812 1104 1861 et
1126 1812 1235 1860 ornatus
1257 1801 1316 1874 ipse
1332 1800 1358 1840 ⁴⁶
1375 1803 1484 1874 proprie
1507 1802 1547 1859 sic
1568 1812 1620 1869 est,
1637 1811 1667 1859 ut
1690 1805 1829 1861 cumulata
1849 1805 1872 1862 in

228 1893 344 1951 sunteis
359 1909 366 1945 :
381 1889 538 1962 conspicati
547 1893 645 1947 entem
657 1891 714 1961 filii
722 1892 771 1949 Dei
780 1891 856 1962 filius
867 1891 1024 1958 bominum,
1078 1892 1217 1961 verticem,
1231 1890 1317 1963 ipsam
1337 1889 1434 1961 capitis
1453 1905 1544 1949 arcem
1558 1891 1659 1949 ambitu
1681 1892 1798 1952 crinium
1812 1910 1872 1952 con·

229 1979 301 2056 qnod
311 1977 441 2051 pulchre
451 1981 551 2045 essent,
563 1983 732 2052 aeceperunt
741 1978 795 2035 sibi
804 1995 906 2037 uxores
919 1995 955 2037 eu
965 1996 1025 2037 orn·
1081 1989 1162 2053 tegat.

228 2066 312 2125 nitro
333 2083 401 2140 quus
421 2066 576 2141 cleperent.
592 2066 640 2124 llic
664 2068 735 2123 enim
758 2084 859 2124 nomen
882 2068 1026 2125 mulierum

229 2155 356 2213 Granum
375 2171 477 2213 uxores
497 2157 577 2228 sapit,
591 2155 656 2228 qnia
677 2156 711 2212 de
729 2157 832 2228 nuptiis
853 2156 954 2213 mentio
973 2164 1025 2212 est.
1377 2122 1487 2182 (lthUl'
1505 2122 1574 2180 vm·

229 2245 298 2303 Cum
317 2261 381 2319 ergo
403 2245 472 2302 filias
492 2246 632 2302 hominum
655 2245 730 2315 dicit,
746 2245 887 2303 manifeste
906 2245 1028 2319 virgines
1117 2249 1220 2305 llornm
1243 2257 1315 2306 certe
1337 2248 1458 2306 omnium
1478 2246 1611 2304 contraria
1631 2245 1766 2315 efficiunt,
1780 2262 1815 2305 ne
1838 2250 1873 2306 rir

230 2335 378 2410 portendit,
394 2351 455 2408 quae
473 2335 561 2390 adhuc
580 2333 654 2405 apud
675 2343 802 2404 parentes
823 2334 1026 2405 deputarentur.
1081 2346 1162 2407 caput
1182 2337 1254 2395 velet
1269 2355 1276 2392 :
1292 2337 1396 2395 scilicet
1417 2335 1480 2409 qiua
1502 2351 1558 2392 non
1581 2337 1616 2392 ait
1636 2336 1800 2393 naturaliter
1813 2351 1873 2395 oon·

123 2482 131 2502 ,
228 2425 299 2483 Nam
319 2433 420 2497 nuptae,
436 2422 593 2478 maritorum
616 2429 814 2493 nuncupantur,
831 2438 892 2479 cum
910 2421 1028 2493 potuerit
1081 2433 1190 2481 secutus
1207 2427 1380 2483 ambitionem
1404 2422 1652 2497 capillorumque
1670 2423 1802 2486 mdisim
1816 2434 1872 2482 ton·

230 2513 331 2572 dixisse
346 2527 445 2570 uxores
464 2513 611 2579 bourinum,
628 2526 705 2583 seque
719 2525 774 2568 non
785 2511 923 2568 adulteros
937 2511 1025 2568 nomi·
1079 2513 1138 2569 deri
1151 2514 1253 2572 nonsit
1267 2525 1344 2584 turpe
1359 2514 1407 2582 illi,
1423 2513 1487 2583 quia
1501 2528 1555 2569 non
1568 2521 1682 2586 propter
1695 2513 1773 2570 illum
1787 2514 1873 2588 angui

230 2618 299 2661 nans
322 2602 512 2676 angelos,sed
535 2600 742 2667 moriundum
764 2599 892 2671 innuptas
915 2609 1027 2658 sumunt
1079 2601 1264 2672 exorbitarint,
1289 2602 1354 2676 qrria
1381 2603 1470 2675 gloria
1498 2611 1524 2658 et
1550 2601 1638 2676 imago
1665 2600 1715 2660 Dei
1742 2601 1790 2674 sit,
1817 2603 1882 2675 quis-

918 2699 1014 2763 Variae
1034 2702 1190 2763 lectiones.

265 2784 291 2824 ⁴²
304 2781 413 2840 lletitnr
426 2781 521 2837 Luttn.
538 2795 591 2837 nee
604 2779 733 2907 displicet
752 2782 815 2851 iiie.
834 2779 859 2818 ⁴³
873 2779 1040 2836 Promissum
1054 2781 1138 2838 tutin.
1153 2780 1179 2819 ⁴⁴
1192 2777 1364 2852 significans.
1379 2780 1466 2850 Supra
1479 2786 1556 2836 natas
1572 2799 1579 2837 ι
1602 2787 1630 2835 at
1645 2777 1693 2836 hic
1714 2781 1803 2837 Fran.
1818 2782 1864 2904 13νὲ

231 2859 323 2914 toturn
339 2853 431 2910 locurn
445 2852 485 2907 sic
499 2851 627 2909 restituit
655 2867 706 2906 un.
722 2850 790 2906 Cum
808 2869 837 2922 p.
852 2851 881 2906 d.
896 2864 924 2908 ν.
940 2850 1097 2918 hominum;
1115 2866 1191 2932 atque
1206 2867 1232 2904 u.
1249 2867 1274 2908 a.
1291 2867 1319 2906 n.
1336 2851 1460 2924 angelos,
1480 2850 1528 2906 sed
1550 2850 1669 2918 maritos,
1685 2848 1715 2905 d.
1728 2850 1748 2905 i.
1772 2865 1797 2905 s.
1814 2849 1834 2907 i.

229 2941 299 3053 ‘iun‘
316 2940 339 2978 s.
348 2925 381 3050 ἦ
398 2924 437 2978 sic
458 2936 566 2993 quoqne
578 2921 699 2994 virgines
713 2921 873 2994 significarit
889 2928 1067 2992 supranatas,
1082 2929 1110 2977 at
1127 2921 1172 2978 hro
1188 2921 1292 2994 angelis
1303 2930 1434 2992 nuptas...
1450 2922 1476 2961 ⁴⁵
1488 2919 1576 2992 Quare
1587 2923 1672 2979 seint.
1688 2921 1715 2960 ⁴⁶
1732 2921 1797 2994 Ipsa
1814 2937 1874 2979 nau.

265 3010 337 3052 ouw'
372 3011 408 3064 ιθ.

933 3064 1181 3132 Commentarius.

230 3148 329 3204 bonam
353 3151 457 3216 partem
475 3142 606 3213 accipitur
627 3141 661 3200 ab
683 3145 801 3202 ducure
821 3158 872 3217 pro
887 3143 984 3201 imitari
998 3152 1063 3242 etc
1113 3142 1210 3270 (ilasi
1221 3143 1325 3202 mulier
1334 3147 1507 3217 potestatem
1519 3143 1820 3227 buberesupercupnt
1831 3140 1875 3200 ds·

231 3217 374 3273 imitatore.
390 3218 460 3272 Pau.
1082 3215 1137 3271 bet.
1177 3229 1211 3271 oc
1232 3223 1283 3282 est,
1300 3224 1391 3271 noum
1416 3222 1634 3287 potestatis,on1
1655 3216 1774 3284 subjecti
1793 3214 1876 3269 mulne

268 3288 414 3345 AEmulum
427 3283 748 3357 Dei.lmprobattluetor
764 3285 808 3341 hic
823 3300 927 3344 morem
941 3285 1029 3341 ethni·
1083 3301 1139 3341 rem
1161 3287 1245 3342 Deus.
1260 3287 1326 3356 Ejus
1346 3299 1413 3344 vero
1437 3288 1574 3358 potestatis
1599 3293 1662 3343 nota
1685 3293 1729 3342 est
1756 3286 1876 3342 velamen

232 3376 324 3417 corum
342 3360 390 3432 qui
424 3359 573 3429 puellarum
604 3371 696 3412 comas
727 3357 884 3425 tondebant,
908 3358 1029 3429 adeoque
1082 3357 1187 3428 eapitis.
1202 3358 1266 3414 liro.

232 3439 309 3489 vocat
331 3429 501 3486 ethnicorum
524 3427 652 3484 secutum
672 3427 722 3484 Dei
745 3430 882 3509 aemulum,
903 3429 955 3484 boc
977 3435 1028 3497 est,
1118 3427 1163 3499 (ib
1198 3430 1319 3508 Propter
1340 3429 1464 3500 enectos.
1479 3428 1599 3508 Rursum
1621 3428 1674 3484 hoo
1702 3429 1736 3484 ad
1761 3441 1876 3508 errorem

232 3502 360 3576 quoniam
393 3501 554 3573 permiserat
585 3499 659 3555 Deus
694 3499 799 3554 tonderi
834 3498 1026 3567 adolescentes,
1081 3497 1194 3554 Tertul.
1223 3506 1347 3582 pertinet,
1374 3501 1453 3569 cnjus
1478 3499 1601 3556 meminit
1632 3515 1719 3568 snpra
1746 3498 1825 3555 libus
1849 3497 1877 3554 de

232 3573 339 3632 tonderi
362 3587 471 3643 quoque
493 3569 606 3626 laminas
629 3567 780 3625 voluerunt.
799 3569 922 3627 intonsas
941 3580 1030 3627 autern
1083 3568 1257 3641 ldoutatru,
1272 3569 1305 3625 de
1328 3570 1559 3627 Habitancum
1581 3569 1614 3627 de
1635 3570 1720 3628 duno
1734 3570 1836 3641 sesnin.
1849 3569 1875 3625 3.

233 3660 294 3700 esse
317 3642 416 3698 debere
438 3641 552 3710 puellas,
572 3647 599 3693 ot
621 3646 715 3695 tonsos
737 3638 933 3705 adolescentes,
950 3655 1030 3697 nemo
1083 3655 1148 3696 xero
1177 3640 1340 3696 Ambrosius
1366 3641 1476 3714 angelos
1507 3641 1651 3712 episcopos
1679 3641 1876 3713 interpretatur,

234 3714 348 3782 dubitat,
359 3720 440 3782 atque
452 3709 632 3765 attendendus
641 3709 708 3764 mibi
720 3708 827 3766 ridetur
836 3725 896 3765 can.
909 3712 943 3766 ll
956 3712 1030 3768 Gan·
1080 3709 1157 3780 juxta
1170 3711 1364 3783 apocalypsim
1381 3713 1408 3768 Β.
1425 3712 1502 3767 toan.
1519 3711 1644 3783 apostoli.
1659 3711 1732 3768 Pxxr.

234 3784 341 3858 grensis
355 3797 449 3849 conc.;
473 3781 555 3836 verba
570 3786 633 3834 sunt
649 3796 656 3833 :
675 3780 706 3833 Et
724 3799 760 3841 τις
807 3787 896 3834 rauba
917 3782 958 3835 bri
982 3802 1030 3837 νο·
1118 3781 1174 3853 (tu)
1193 3783 1318 3851 Quorum
1336 3784 1387 3852 sios
1401 3783 1490 3840 etium
1505 3782 1660 3841 humanum
1676 3783 1825 3841 libidinem
1836 3797 1876 3838 ea·

260 3854 368 3925 ιζσμένην
397 3853 498 3918 ἄσκησιν
521 3850 672 3922 &nonensem
694 3849 737 3911 τὰς
757 3800 859 3941 *Isim
887 3853 915 3913 ir
941 3853 1030 3908 ἔδωκεν
1084 3856 1175 3909 cusat.
1191 3855 1248 3909 Hoc
1271 3861 1321 3922 esi,
1338 3862 1458 3924 recusat,
1473 3855 1703 3926 quemadmodum
1722 3854 1790 3909 alibi
1809 3852 1875 3917 didi.

235 3877 259 3976 ἶ
270 3923 331 3984 θεὸς
355 3921 387 3981 εἰς
413 3921 547 3992 ὑπόμνησιν
569 3927 613 3989 τῆς
634 3923 767 3995 ὑποταγῆς,
782 3942 814 3982 ως
836 3921 976 3977 ἀναλύουσα
1002 3924 1031 3979 rb
1084 3938 1117 4004 ex
1138 3938 1221 3980 onere
1243 3933 1357 3996 vestem,
1382 3925 1455 3997 quod
1480 3930 1531 3992 est,
1546 3925 1695 3996 deponere.
1716 3923 1876 3982 Excusatu-

234 3994 378 4123 rlrpoorippu
400 3998 446 4121 bvij:
467 3991 879 4124 trocrtrtrlighmiturtpzumimnfflg
887 4011 948 4068 que
968 4011 1032 4079 nsu-
1084 3941 1311 4122 {radingamolrtirfim
1326 4011 1386 4098 quae
1414 3995 1748 4124 virfinitfitiscsriaeullrftlro
1771 3993 1875 4123 griffi

236 4081 404 4202 ritrtetroniieguei:l
422 4081 489 4220 (εἰσιν
509 4137 541 4191 in
563 4081 744 4207 satjeittonts
771 4082 1033 4198 {earundem
1086 4142 1113 4191 et
1127 4082 1265 4194 illlliblituls:
1284 4082 1386 4141 Μὴ
1402 4083 1453 4139 qua
1467 4084 1490 4124 ‘s
1512 4082 1557 4123 le
1604 4084 1680 4124 w
1722 4082 1754 4124 ⁰⁸
1767 4083 1798 4123 m

236 4209 433 4277 munusturi
452 4206 633 4278 subjectionis
653 4207 802 4264 uincentum
821 4209 940 4276 soluens,
962 4226 1033 4267 unu·
1345 4261 1351 4272 ,

238 4279 333 4337 tbcrnu
356 4281 403 4336 sit.
433 4277 573 4349 Repetitur
604 4277 631 4332 id
664 4277 728 4333 dist.
760 4283 813 4348 30,
842 4294 1031 4353 quacumque.
1148 4261 1252 4324 ¹⁸⁰⁰W⁸
1265 4273 1363 4373 31916031·
1382 4261 1453 4311 ”⁰¹¹⁰
1469 4269 1587 4312 ⁴0¹¹⁴⁴1⁴¹1⁴
1604 4268 1697 4323 &⁸⁴⁰2

237 4350 464 4407 ornamentorum
479 4365 577 4420 nempe
591 4347 727 4405 affectatio
739 4348 766 4404 in
782 4349 939 4407 mulieribus
953 4353 1031 4407 dnm·
1148 4322 1197 4384 9¹³
1213 4337 1264 4374 ⁰⁰¹¹
1302 4338 1326 4373 ¹¹¹
1343 4323 1425 4374 ¹⁰⁰¹¹i⁸
1438 4331 1539 4388 wilm
1555 4324 1670 4375 ‘immi‘
1684 4324 1776 4389 ungui·
1791 4331 1835 4376 Ψ*

237 4422 360 4489 nabetur,
371 4430 398 4477 et
411 4420 610 4477 lucusomnis:
629 4419 662 4475 de
675 4436 800 4479 cornecr.
811 4421 872 4478 dist.
889 4425 915 4488 ὃ,
929 4421 1030 4495 lucare,
1048 4395 1072 4473 Β
1088 4422 1222 4480 Credibile
1247 4431 1298 4490 est,
1322 4421 1408 4494 inquit
1444 4423 1634 4495 Tertullianus,
1659 4424 1759 4481 talibus
1791 4420 1873 4494 puellis

237 4501 265 4550 et
279 4495 323 4558 33,
339 4500 434 4560 quaest.
451 4495 477 4558 ὅ,
492 4491 598 4548 llnlier.
619 4490 657 4545 La
672 4490 722 4546 Pa.
1087 4493 1198 4566 angelos
1226 4494 1323 4565 potins,
1351 4509 1432 4566 quam
1468 4493 1609 4551 maculatis
1639 4496 1697 4565 jam
1726 4493 1874 4568 corporibus

273 4565 329 4634 (ta)
345 4564 374 4622 Si
387 4565 431 4620 itu
441 4564 545 4635 uirpini
554 4577 657 4620 cresum
668 4562 807 4635 capillum
820 4563 914 4621 decori
927 4565 1034 4623 menti·
1086 4565 1229 4622 exarsisse.
1248 4564 1311 4620 lire.

241 4637 299 4690 tnr.
316 4634 360 4691 Sic
374 4635 474 4690 habent
487 4631 620 4689 editiones
635 4647 739 4698 omnes,
752 4648 841 4704 neque
855 4633 932 4690 aliter
945 4651 1034 4704 exem·
1122 4635 1180 4706 (il)
1208 4636 1291 4693 Debet
1318 4651 1380 4717 erpo
1403 4635 1579 4706 adumbrari,
1592 4646 1644 4693 etc.
1660 4635 1690 4691 ld
1719 4647 1764 4694 est
1787 4632 1869 4694 velui-

239 4706 297 4776 plar
310 4705 481 4761 Divionense.
499 4703 552 4758 Sed
576 4702 679 4758 laborat
701 4719 797 4759 sensus
816 4704 843 4759 in
862 4706 963 4773 uerbis,
980 4707 1032 4764 nisi
1086 4707 1153 4761 Nam
1178 4705 1261 4762 iacies
1286 4705 1401 4778 uirginis
1432 4715 1523 4778 aperta
1550 4707 1678 4779 peccandi
1711 4707 1870 4766 sumamus

240 4793 271 4833 ea
285 4777 326 4834 sic
340 4777 507 4847 explicentur
524 4792 530 4829 :
545 4773 650 4831 Viderit
663 4776 800 4845 saeculum,
816 4775 844 4830 in
865 4776 914 4845 uit,
929 4778 951 4832 si
964 4780 1033 4836 adeo
1087 4776 1185 4833 ollerre
1209 4788 1300 4847 posset
1323 4776 1558 4847 pulchritudinem,
1582 4794 1643 4851 quae
1668 4779 1730 4835 ideo
1752 4773 1871 4836 Clenrenti

240 4848 368 4904 mentitur
386 4845 553 4911 decori,hoo
572 4851 622 4926 est,
639 4844 661 4899 si
677 4854 731 4900 tarn
750 4793 1031 4928 prareffeeorifavet,
1086 4847 1231 4902 Alexandr.
1256 4864 1316 4916 cap.
1346 4853 1372 4913 3,
1389 4849 1433 4904 lib.
1457 4865 1498 4905 ur.
1514 4851 1625 4922 Pedup.
1658 4851 1774 4924 μοιχικὸν
1795 4849 1872 4906 κάλλος

240 4929 270 4974 ut
283 4934 382 4973 rusum
403 4917 504 4998 uirgini
526 4916 652 4987 capillum
670 4916 761 4972 decori
788 4933 849 4975 esse
868 4920 1033 4992 mentiatur;
1085 4917 1269 4990 pulchritudo
1284 4919 1421 4977 adulterii
1433 4921 1590 4977 incitatrix
1602 4920 1711 4978 dicitur.
1727 4923 1768 4979 lm
1781 4923 1829 4979 Px.

240 5004 301 5045 cum
329 4989 364 5043 sit
398 4996 489 5057 potrus
523 4987 772 5043 dehonestamento.
802 4987 891 5045 Alium
922 5005 1034 5047 sensum
1123 4991 1178 5061 (48)
1197 4991 1314 5047 Nature
1334 4993 1537 5062 prejudicium
1556 4992 1657 5063 adjicit
1672 4990 1874 5065 Apostolus-Ns

240 5058 365 5130 quaesivit
387 5057 517 5124 Latinius,
532 5056 618 5115 littera
640 5057 758 5116 detracta
777 5076 785 5115 ε
804 5082 815 5110 ι
836 5061 864 5116 Si
879 5062 916 5119 ita
933 5061 1032 5132 virgini
1087 5069 1162 5131 putet
1185 5060 1247 5143 quis
1271 5077 1365 5132 parurn
1388 5069 1507 5118 attentus
1524 5064 1555 5119 B.
1580 5063 1664 5119 Paulo
1693 5065 1874 5121 murmanus

241 5146 342 5186 cresum
364 5129 492 5201 capillum
515 5128 607 5187 decori
629 5131 753 5197 metitum
771 5153 784 5180 ι
805 5139 835 5187 ut
857 5132 893 5188 sit
915 5147 1035 5189 seususs
1090 5131 1249 5201 Septimium
1272 5149 1278 5188 :
1305 5132 1428 5203 quamvis
1450 5133 1522 5188 euim
1546 5135 1685 5189 abundans
1708 5150 1790 5193 oomn
1808 5127 1874 5207 quasi

244 5201 347 5257 Viderit
363 5201 502 5271 saeculum,
518 5201 635 5257 sitalem
654 5203 754 5259 tribuat
776 5217 930 5258 mensuram
945 5201 1038 5266 decori
1090 5203 1210 5259 naturale
1234 5202 1268 5258 sir
1289 5213 1474 5259 ornamentum
1497 5204 1629 5272 mulieris,
1643 5205 1710 5261 nihil
1734 5199 1875 5263 uniendi

132 5300 135 5304 ·
241 5289 342 5329 caesum
362 5272 462 5344 virgini
479 5272 616 5342 capillum,
630 5280 660 5327 nt
677 5287 764 5344 puero
784 5273 955 5343 promissum.
970 5275 1037 5345 Qnae
1089 5281 1243 5339 censentur,
1266 5275 1441 5345 (quanquam,
1464 5284 1493 5330 ut
1525 5274 1577 5331 alio
1611 5277 1672 5332 loco
1701 5278 1875 5338 usuarium.

241 5345 395 5414 coniectura
414 5359 466 5400 non
486 5343 528 5397 dis
548 5343 620 5400 licet.
636 5343 698 5398 liro.
1089 5345 1257 5401 consuetudo
1280 5345 1413 5400 contraria
1435 5347 1542 5417 l'nerit);
1557 5348 1671 5404 attonsis
1694 5348 1771 5404 enim
1784 5344 1877 5420 capilli·

277 5415 335 5488 (ta)
349 5416 516 5485 Quemudnw
537 5431 588 5470 nm
597 5416 626 5469 et
632 5429 720 5494 puero
728 5416 908 5487 permissum.
919 5415 1037 5473 Latinius
1090 5431 1199 5487 semper
1212 5414 1532 5482 relandaesnntleminae,
1544 5417 1611 5475 adeo
1625 5426 1655 5475 ut
1668 5420 1764 5476 uelum
1777 5417 1878 5493 eupillo

242 5486 346 5554 scribit,
359 5487 543 5564 promissum,
555 5482 617 5564 Sed·
630 5484 696 5539 nihil
717 5492 759 5541 est
780 5498 901 5557 necesse,
917 5502 978 5544 cnm
1003 5487 1038 5546 sit
1091 5487 1233 5545 rnmvicea
1245 5487 1349 5544 subeat.
1365 5487 1443 5618 quod
1463 5488 1490 5543 in
1505 5489 1670 5548 monialibus
1688 5490 1775 5550 etism
1790 5486 1879 5549 nasib

240 5559 334 5617 andem
347 5558 455 5629 utrique
473 5553 647 5627 sigmticatio.
663 5555 725 5613 lire.
1090 5557 1257 5631 temporibus
1269 5558 1328 5618 lieri
1346 5573 1377 5623 so
1388 5567 1424 5618 et.
1437 5558 1479 5619 La
1497 5560 1548 5620 Pa.
