3840 6134
112 512 116 519 Ι
165 420 218 485 2¹5
505 416 727 481 lelluttlllll
746 417 882 481 optauit
903 416 1041 482 etheit.
1060 453 1096 469 -
1112 420 1226 485 stilles
1245 422 1267 486 1.
1287 420 1463 486 Potentes.
1753 421 1809 484 tte

166 546 354 622 transfigurari
375 545 410 616 ³⁴,
428 544 597 618 consequens
610 551 663 613 est,
679 551 709 601 nt
726 544 767 601 sie
788 558 854 601 caro
875 543 963 603 iactus
978 556 1106 642 ‘neque
1128 547 1240 620 spiritus
1260 560 1334 604 caro.
1359 546 1389 602 ln
1410 558 1466 603 nno
1487 534 1570 617 plane
1595 556 1657 602 este
1684 551 1812 617 possum.

165 635 333 708 intelligatur
346 635 412 691 dum
431 632 464 692 llt
477 631 501 674 44
515 633 543 690 in
562 648 653 703 carne,
668 641 696 690 et
719 631 920 705 manifestatur,
934 641 964 692 et
1016 632 1057 692 Ex
1070 633 1113 692 his
1133 635 1215 694 Jesns
1233 632 1360 703 constitit,
1376 649 1410 692 ex
1433 647 1516 691 came
1539 632 1632 702 homo,
1657 644 1689 688 es
1713 631 1813 705 spiritu

165 724 281 797 videtur,
302 733 329 783 et
351 731 534 783 contrectatur
552 737 603 797 per
625 737 734 780 caraem
750 739 757 779 :
771 723 835 797 qnia
857 732 884 781 et
905 737 962 781 cae·
1016 722 1101 790 Dens,
1115 723 1403 798 qnemtnnoengelns
1425 737 1458 780 ex
1481 736 1515 780 ee
1535 728 1613 794 parte
1626 735 1682 794 qna
1699 720 1814 793 spiritua

166 823 225 873 tera
247 816 286 875 sio
309 815 395 888 accipi
408 815 541 890 exigunt:
565 813 593 871 Si
608 812 680 870 enim
694 814 789 872 Sermo
811 829 848 872 ex
870 822 962 872 trans·
1016 821 1083 883 erat,
1098 813 1147 871 Del
1161 813 1259 872 Filium
1271 812 1466 887 pronuntiarit,
1487 826 1600 869 servans
1622 809 1696 869 carni
1710 810 1810 868 Filium

164 903 328 978 figuratione
350 914 378 962 et
401 900 588 961 demutatione
611 903 768 961 substantie
792 917 856 961 caro
876 903 963 962 laetos
1015 901 1135 959 hominis
1152 901 1217 960 dici.
1242 902 1287 961 Sic
1305 909 1333 959 et
1354 900 1505 974 Apostolus
1523 901 1605 959 etiem
1633 900 1681 958 Dei
1706 909 1733 959 et
1758 900 1813 957 ho·

164 1002 215 1062 est,
240 1009 294 1051 uns
315 994 371 1064 jem
393 992 445 1050 erit
468 991 494 1032 ³⁸
511 991 663 1049 substantia
686 992 767 1048 lesus
789 1006 822 1050 ex
845 993 961 1064 duabus,
1017 990 1121 1048 minum
1135 992 1276 1064 appellans
1290 997 1458 1064 sequestrem
1472 989 1505 1062 (Ι.
1529 992 1598 1048 lim.
1614 987 1695 1061 aab),
1711 989 1812 1047 atrius·

162 1098 195 1139 es
218 1096 300 1140 carne
313 1091 342 1140 et
365 1081 462 1155 spiritu
485 1081 603 1138 mixtura
625 1080 762 1155 qnaedam,
778 1091 808 1138 nt
832 1082 961 1140 electrum
1016 1096 1069 1153 que
1088 1081 1247 1139 substantie
1268 1078 1446 1139 confirmarit.
1471 1077 1624 1138 Novissime
1642 1077 1689 1152 qai
1711 1077 1813 1135 Filium

162 1188 196 1229 ex
221 1187 290 1229 enro
305 1179 332 1229 et
361 1179 494 1245 ergent03
514 1178 542 1228 et
555 1170 650 1243 incipit
663 1183 715 1227 nee
730 1186 825 1228 aurum
848 1186 919 1240 esse,
934 1171 962 1230 id
1016 1170 1066 1227 liei
1094 1185 1204 1228 earnem
1235 1169 1431 1243 interpretaris,
1465 1168 1563 1225 exhibe
1589 1167 1635 1241 qui
1669 1166 1704 1224 sit
1740 1167 1815 1225 lilios

161 1266 204 1316 est
230 1259 355 1333 spiritus,
379 1274 469 1333 aeque
497 1267 652 1335 argentum,
675 1259 774 1330 idest,
798 1273 873 1332 caro,
898 1259 960 1317 dum
1016 1259 1144 1316 hominis.
1169 1259 1227 1318 hut
1249 1257 1382 1333 numquid
1401 1256 1510 1330 spiritus
1532 1254 1609 1314 orit?
1632 1256 1681 1312 aed
1701 1255 1814 1328 spiritus

160 1349 274 1406 alterum
303 1349 388 1407 altero
410 1356 541 1419 mutatur,
565 1357 594 1406 ot
614 1347 724 1406 tertium
745 1348 810 1422 qnid
825 1348 960 1408 eflicitur.
1017 1349 1125 1406 Patrem
1157 1349 1245 1422 ipsum
1269 1350 1311 1407 vis
1347 1345 1459 1415 baherl‚·
1489 1345 1554 1418 qnia
1578 1346 1653 1403 Deus
1687 1345 1812 1418 spiritus,

158 1440 254 1511 Neque
264 1454 331 1513 ergo
345 1439 477 1496 Deuserit
488 1439 579 1497 iesus.
594 1438 690 1495 Sermo
704 1436 776 1496 enlm
789 1436 871 1496 desiit
889 1454 960 1511 esse,
1015 1439 1093 1512 quasi
1106 1452 1162 1497 non
1176 1447 1204 1497 et
1216 1437 1266 1497 llei
1280 1437 1392 1512 spiritns
1407 1453 1414 1495 :
1431 1435 1502 1493 slent
1518 1442 1547 1492 et
1568 1449 1658 1493 sermo
1678 1435 1762 1503 Deus,
1786 1443 1815 1493 et

162 1528 210 1601 qui
225 1524 288 1585 earo
304 1527 391 1584 lectus
405 1536 463 1596 est;
475 1542 565 1601 oeque
579 1541 652 1592 caro,
668 1527 695 1583 id
705 1534 747 1584 est
756 1528 837 1587 homo
851 1529 886 1598 44,
897 1543 961 1587 caro
1015 1528 1064 1585 Dei
1077 1542 1176 1588 sermo.
1340 1514 1343 1519 ¹

163 1616 236 1672 enirn
250 1631 305 1673 non
319 1616 429 1689 proprie
440 1623 492 1688 est,
501 1615 551 1687 qui
565 1615 591 1655 ⁴⁰
603 1618 699 1673 Sermo
713 1615 774 1673 luit.
790 1618 831 1674 lta
844 1632 875 1675 er
889 1625 962 1676 ntro·
1487 1656 1492 1662 -

162 1719 216 1777 que
239 1711 364 1762 neutrum
391 1713 450 1777 est;
473 1704 549 1761 allud
572 1703 655 1779 longe
682 1705 791 1762 tertium
814 1716 865 1778 est,
879 1721 960 1781 qnam
1291 1669 1405 1729 CAPUT
1418 1668 1543 1728 mm·

161 1801 317 1873 utrumqne.
332 1793 384 1850 Sed
398 1792 959 1854 eniminvenimusillnmdirectoetlleum
1049 1797 1144 1872 ltaque
1167 1795 1305 1854 Christum
1328 1795 1398 1853 lacis
1420 1798 1545 1866 Patrem,
1568 1793 1739 1865 stultissime,
1764 1794 1813 1868 qni

158 1890 184 1938 et
206 1883 344 1941 hominem
367 1885 532 1957 expositum,
557 1886 618 1957 ipso
641 1884 693 1941 hoc
715 1885 823 1958 psalmo
854 1903 961 1962 sugge-
1016 1903 1066 1945 nee
1078 1886 1167 1960 ipsam
1189 1887 1245 1945 vim
1267 1885 1397 1959 inspicias
1411 1885 1530 1943 nominis
1553 1885 1647 1957 hujns,
1671 1884 1694 1940 si
1718 1891 1812 1941 tamen

158 1981 244 2042 rente,
256 1975 390 2047 quoniam
399 1976 471 2032 oeus
487 1975 670 2033 homousios
684 1978 728 2033 cst
741 1976 774 2032 irs
788 1977 878 2045 ilte⁴¹‚
890 1976 961 2035 redi-
1016 1992 1116 2035 nornen
1128 1986 1170 2035 est
1182 1976 1315 2044 christus,
1331 1984 1357 2033 et
1376 1991 1431 2033 non
1450 1975 1596 2049 appellatio
1615 1974 1724 2047 potius,
1739 1991 1814 2033 une·

161 2060 338 2131 mammosam
360 2065 509 2122 volumtate
532 2065 648 2133 Patris,·
671 2073 746 2122 certe
767 2081 963 2140 usquequaque
1017 2072 1064 2126 tes
1078 2068 1104 2107 ⁴⁴³
1131 2067 1203 2124 enim
1230 2065 1406 2142 significatur.
1435 2068 1538 2127 emam
1557 2071 1648 2121 antem
1675 2078 1726 2120 nos
1752 2079 1812 2122 nra·

159 2149 268 2207 Filium·
285 2151 335 2208 llei
363 2160 390 2210 et
412 2151 499 2210 liliam
520 2153 724 2226 hominis,eum
748 2155 837 2213 Deum
858 2164 885 2213 et
907 2158 961 2213 bo·
1015 2157 1059 2232 gis
1083 2170 1184 2214 nomen
1215 2166 1265 2227 est,
1288 2171 1372 2228 qnam
1397 2157 1528 2225 vestitus,
1550 2169 1630 2228 qoem
1655 2152 1811 2223 calceolus,

161 2239 261 2296 minem
278 2239 339 2297 aine
352 2240 436 2298 dublo
450 2243 601 2299 seeundum
616 2251 760 2317 utramque
779 2245 960 2302 substantiam
1014 2247 1142 2304 accidens
1160 2243 1262 2302 nomini
1291 2243 1448 2301 restinta
1466 2241 1500 2312 ⁴⁹,
1521 2241 1545 2299 si
1563 2258 1597 2299 ex
1611 2242 1704 2315 aliquo
1727 2256 1811 2315 arga·

161 2327 188 2383 in
211 2344 259 2385 sua
282 2330 450 2403 proprietate
466 2329 612 2389 distantem
632 2349 639 2387 ε
663 2332 727 2405 quia
751 2347 840 2406 neque
863 2333 959 2393 Sermo
1015 2342 1105 2391 mento
1127 2335 1247 2392 restitus
1268 2346 1377 2406 qaoque
1398 2339 1543 2391 vocaretur
1561 2331 1653 2398 lesus,
1672 2330 1811 2405 quomodo

160 2417 235 2474 alind
258 2419 437 2493 quambene,
464 2435 555 2494 neque
578 2434 643 2478 nero
667 2420 742 2479 aliod
761 2438 842 2495 quam
864 2423 958 2482 bomo.
1016 2424 1144 2482 christus
1177 2423 1212 2478 ab
1243 2420 1378 2479 unctionis
1405 2427 1583 2479 sacramento,
1610 2434 1687 2491 aeque
1714 2418 1812 2476 iesum

157 2507 204 2565 Sic
216 2515 243 2564 et
257 2508 415 2582 Apostolus.
432 2510 521 2581 (horn.
539 2525 557 2577 r,
572 2512 620 2581 st)
635 2510 670 2568 de
682 2519 798 2584 ntraqne
811 2513 873 2583 ejus
895 2515 959 2571 suh-
1013 2511 1110 2568 Filium
1132 2509 1182 2567 Dei
1206 2509 1320 2577 diceres,
1335 2511 1469 2568 vestitum
1496 2522 1562 2565 uero
1588 2507 1692 2564 Patrem
1719 2508 1813 2565 erede·

157 2596 255 2654 stantia
269 2596 373 2655 docet:
399 2599 452 2668 Qui
474 2601 571 2671 sactus
599 2604 652 2668 cst,
670 2599 770 2672 inquit,
794 2615 832 2658 en
850 2603 959 2661 remica
1013 2599 1169 2659 resiNunc
1192 2597 1226 2657 de
1251 2597 1367 2656 Christo.
1384 2598 1414 2655 Si
1431 2596 1658 2654 Pater'cbristus
1686 2602 1736 2664 est,
1763 2596 1814 2653 Pa·

157 2686 256 2742 devici.
281 2686 331 2742 liic
355 2686 407 2742 erit
431 2687 513 2745 homo
538 2695 566 2745 et
591 2685 665 2744 filius
692 2687 820 2754 hominis,
835 2689 883 2761 qui
905 2691 958 2746 de·
1013 2697 1053 2746 ter
1066 2697 1164 2747 unotns
1188 2697 1239 2759 est,
1256 2688 1391 2760 etnthoe
1414 2687 1450 2744 ab
1471 2686 1535 2743 alio.
1559 2687 1614 2741 hut
1635 2685 1691 2743 sia
1712 2694 1812 2742 mmet-

156 2771 249 2830 hnitns
262 2783 302 2831 est
318 2773 404 2833 Fillns
426 2776 476 2832 Dei
492 2790 556 2835 seon
615 2791 642 2832 m
665 2777 805 2849 spiritum.
831 2778 882 2834 llio
906 2779 958 2836 erit
1000 2779 1085 2858 ¹ipso,
1107 2779 1204 2852 proba.
1230 2777 1287 2834 Sed
1315 2792 1369 2833 non
1392 2776 1430 2832 ita
1453 2775 1552 2833 docent
1579 2775 1648 2832 Asta
1673 2775 1813 2845 apostolo-

157 2861 240 2933 Deus,
256 2870 285 2920 et
306 2863 401 2922 Sermo
417 2865 466 2923 Dei
488 2865 573 2924 illins.
587 2866 719 2923 Videmus
743 2865 879 2939 duplicem
903 2876 957 2925 sta-
1015 2884 1085 2938 rum,
1114 2867 1142 2924 in
1168 2868 1213 2925 illa
1239 2865 1432 2926 exclamatione
1458 2864 1587 2923 nemesis
1614 2863 1639 2903 ⁵⁰
1661 2863 1696 2919 atl
1723 2864 1813 2921 Deum

159 2960 216 3008 tum
230 2966 286 3009 non
299 2953 453 3024 eoninsum,
479 2955 527 3012 sed
546 2965 723 3027 conpunctum
746 2955 774 3012 in
792 2970 844 3012 nna
862 2971 957 3029 perso·
1013 2960 1087 3032 (Aet.
1103 2972 1142 3026 tv,
1161 2960 1208 3029 at>
1222 2959 1421 3017 Convenerunt
1435 2957 1513 3013 enim
1527 2954 1654 3013 nniocrsi
1667 2954 1813 3012 irrisioni·

159 3055 194 3095 na
220 3039 290 3112 (ld),
317 3041 403 3097 Deum
429 3050 458 3100 et
485 3042 622 3101 hominem
651 3045 755 3102 Jesnrn.
783 3045 823 3102 lle
849 3045 958 3104 Christe
1012 3049 1105 3108 vitate
1124 3047 1254 3104 adversas
1275 3050 1409 3104 samium
1432 3046 1538 3102 Filium
1561 3047 1644 3101 tuum
1666 3043 1765 3102 lesum
1785 3043 1810 3082 ⁵¹

158 3136 250 3185 antem
273 3127 370 3188 differo
384 3131 472 3370 ⁴².)
488 3132 559 3191 adeo
574 3133 649 3192 salva
668 3140 710 3192 est
725 3134 869 3208 utriusque
892 3150 957 3209 pro·
973 3144 996 3225 0
1013 3154 1095 3211 quem
1110 3137 1235 3208 ussisti,
1251 3135 1370 3192 Herodes
1388 3142 1414 3191 et
1427 3134 1529 3192 Pilatus
1542 3148 1605 3190 oum
1627 3129 1810 3200 Nationibns;

157 3219 258 3292 prietes
282 3222 442 3281 substantie
476 3232 506 3280 nt
534 3232 563 3280 et
585 3224 698 3297 spiritus
721 3240 765 3282 res
787 3241 852 3284 snas
872 3213 969 3300 egerit-
1014 3225 1050 3282 ita
1064 3225 1202 3282 etlilium
1218 3225 1265 3281 Dei
1288 3225 1381 3281 lesum
1403 3221 1545 3280 contestati
1569 3229 1642 3293 sunt,
1668 3228 1695 3278 et
1710 3219 1808 3278 Filium

154 3307 183 3365 in
204 3308 263 3378 illo,
280 3311 365 3369 idest
387 3313 414 3371 vl
461 3321 503 3371 tes
525 3319 552 3370 et
575 3328 658 3386 opera
685 3320 712 3370 et
726 3313 816 3387 signa,
845 3323 872 3371 et
894 3328 958 3371 cero
1013 3315 1122 3373 al‘atre
1137 3320 1257 3372 nactum.
1272 3313 1347 3385 Ergo
1365 3313 1444 3370 iesus
1464 3312 1489 3350 ⁵²
1503 3309 1573 3367 idem
1602 3310 1654 3368 erit
1674 3308 1804 3376 christus

156 3398 297 3470 passiones
323 3418 387 3457 suas
414 3401 507 3458 lancta
530 3401 577 3472 sit,
604 3400 727 3457 esuriens
752 3402 805 3459 snb
835 3400 956 3468 diabolo,
1012 3403 1059 3476 qni
1088 3419 1104 3458 s
1130 3403 1208 3459 Patre
1235 3409 1332 3459 nactus
1361 3410 1415 3470 est,
1445 3416 1498 3458 non
1521 3401 1610 3456 Pater.
1638 3397 1684 3470 qui
1712 3396 1808 3454 liban

157 3486 252 3545 sitiens
288 3489 339 3544 sub
375 3487 545 3556 samaritide,
581 3488 651 3544 lions
694 3489 844 3556 Lazarum,
879 3489 959 3545 euxia
1014 3491 1101 3549 unxit.
1116 3490 1307 3549 SinetPetrus
1321 3490 1394 3562 (rici.
1412 3503 1442 3557 11,
1460 3489 1528 3559 idi:
1550 3487 1727 3545 Firmissime
1749 3486 1809 3543 ilo·

160 3591 243 3649 usrque
270 3576 304 3631 sd
326 3583 460 3648 mortem3
480 3575 596 3648 denique
623 3583 650 3632 et
676 3583 782 3633 mortua
804 3584 855 3633 est.
879 3575 958 3647 Quod
1013 3597 1065 3656 qno
1078 3583 1224 3654 eoqrsosect
1238 3582 1330 3639 omnis
1352 3580 1450 3636 domus
1465 3578 1561 3643 lsrael,
1582 3577 1654 3651 qued
1672 3577 1810 3636 atlloms'-

159 3665 182 3721 si
210 3663 318 3723 tertium
346 3663 411 3737 qnid
439 3673 511 3722 esset
537 3681 569 3722 er
598 3672 715 3738 utreque
741 3664 894 3737 confusum,
928 3672 960 3723 nt
1013 3667 1331 3733 numetdhristem,id
1344 3672 1386 3725 est
1399 3665 1644 3738 renotemfccerit
1658 3681 1724 3724 erem
1738 3666 1811 3723 trem

159 3752 303 3825 electrum,
337 3768 393 3810 nen
428 3761 482 3810 tam
517 3753 644 3812 distincta
683 3754 843 3812 documenta
877 3764 957 3826 pete-
1014 3758 1203 3825 monsiestias,
1220 3775 1303 3833 quem
1316 3770 1363 3815 ooo
1376 3757 1570 3828 crucifixistis.
1585 3754 1705 3812 loannes
1718 3762 1810 3811 autem

158 3849 217 3898 rent
231 3842 371 3914 utriusque
385 3842 553 3898 substentise.
570 3843 624 3899 Sed
644 3851 672 3900 et
694 3842 806 3914 spiritus
830 3843 956 3915 carnalia,
1014 3847 1037 3917 (l
1046 3849 1127 3905 loom
1143 3858 1174 3913 tt',
1189 3847 1234 3910 22)
1248 3845 1329 3902 otiam
1344 3841 1426 3901 198
1448 3845 1613 3903 mendacem
1632 3848 1709 3898 notat
1733 3859 1809 3910 eum,

157 3938 184 3986 et
208 3942 272 3984 caro
299 3928 432 4000 spiritalia
448 3926 531 3986 192
543 3929 698 4001 egissent⁴³
713 3945 746 3985 ex
761 3931 956 4001 translatione,
1012 3940 1060 4009 qni
1072 3937 1218 4009 nepoverit
1229 3938 1326 3994 lesum
1339 3949 1399 3991 esse
1415 3935 1577 3991 Christum:
1592 3929 1741 3997 contrade
1755 3932 1811 3989 Deo

155 4025 202 4076 eut
227 4016 253 4057 ⁴⁴
270 4032 357 4090 neque
372 4018 504 4084 carnalia,
523 4034 613 4093 neque
635 4018 777 4091 spiritalia,
801 4019 849 4077 sed
873 4019 958 4078 tertie
1011 4025 1300 4099 dntumomncmqni
1313 4024 1466 4082 crediderit
1479 4020 1811 4082 lesnmesscchrs'stom.

156 4107 272 4178 alicujus
299 4106 403 4178 forme,
428 4124 461 4166 er
489 4107 651 4167 contusione
677 4109 765 4167 :imo
794 4118 840 4168 aut
870 4125 958 4168 sermo
1011 4113 1124 4185 Propter
1149 4113 1223 4186 qnod
1251 4121 1278 4169 et
1304 4112 1429 4170 hortatur
1466 4122 1497 4168 nt
1528 4109 1674 4168 credemus
1703 4109 1810 4166 nomini

159 4205 283 4255 mortuus
297 4205 379 4265 esset,
396 4205 442 4254 sut
455 4214 519 4257 caro
541 4207 649 4257 mortua
671 4217 726 4258 non
750 4210 833 4270 esset,
856 4203 880 4259 si
897 4216 958 4258 ser·
1011 4200 1071 4258 Filii
1094 4203 1155 4274 ejas
1177 4203 1242 4260 lesu
1261 4201 1380 4271 Christi,
1405 4209 1435 4258 ut
1462 4200 1567 4258 scilieet
1591 4198 1748 4257 communio
1772 4198 1812 4256 sit

160 4301 206 4344 mo
219 4300 368 4344 conversus
382 4295 455 4346 esset
469 4289 496 4344 in
511 4303 621 4346 carnem
634 4307 642 4358 ;
657 4296 703 4346 ant
725 4305 790 4348 caro
813 4291 885 4349 enim
905 4290 958 4347 im·
1013 4291 1093 4348 nobis
1115 4307 1177 4348 eum
1196 4294 1285 4358 Patre,
1305 4301 1332 4348 et
1354 4288 1422 4347 Filio
1440 4290 1501 4362 ejus
1523 4290 1589 4347 Jesn
1616 4286 1732 4346 Christo.
1762 4287 1812 4346 Sic

160 4377 284 4434 mortalis
297 4376 405 4447 luisset,
420 4386 468 4434 aut
481 4393 572 4436 sermo
586 4379 720 4437 mortalis.
736 4380 789 4438 Sed
812 4381 876 4454 quia
895 4381 959 4436 sub·
1015 4381 1153 4439 etPaulus
1166 4381 1266 4454 ubique
1280 4384 1366 4439 Deam
1379 4383 1494 4440 Patrem
1511 4381 1604 4454 ponit,
1618 4380 1813 4437 etllommrtm

160 4467 266 4525 stantiae
289 4466 377 4522 ambre
405 4466 432 4522 ia
461 4475 531 4525 statu
558 4484 610 4527 suo
637 4486 752 4546 queque
779 4469 907 4528 distinete
934 4469 960 4510 44
1019 4475 1148 4529 nostram
1162 4473 1258 4528 lesem
1274 4469 1427 4528 Christum.
1444 4468 1512 4525 Cum
1526 4467 1561 4524 ad
1575 4467 1713 4524 Romanos
1734 4466 1765 4532 (1.
1781 4464 1812 4538 8)

158 4556 287 4631 agebant,
303 4557 364 4613 ideo
384 4556 439 4613 illis
457 4565 483 4614 et
502 4574 592 4630 operae
607 4567 634 4616 et
648 4560 741 4617 exitus
761 4560 805 4617 sui
830 4573 959 4617 occurre·
974 4557 998 4636 n
1012 4558 1116 4632 scribit,
1136 4559 1243 4631 pretim
1270 4559 1329 4632 opit
1352 4559 1404 4616 lieo
1423 4572 1476 4630 per
1498 4556 1648 4614 Dominam
1674 4557 1811 4610 mestrem

157 4651 231 4704 runt.
246 4646 326 4704 Disce
341 4646 426 4720 igitur
443 4662 507 4704 cnm
520 4648 669 4706 Nicodemo
684 4665 691 4704 ε
712 4650 784 4719 Quis
799 4650 870 4722 qnod
886 4651 918 4706 irs
932 4648 957 4688 ⁴⁴
1011 4648 1106 4705 lesem
1127 4647 1284 4704 Christum.
1308 4646 1375 4701 Cum
1393 4644 1427 4700 nd
1450 4644 1564 4702 Galatas
1586 4644 1619 4714 (r,
1637 4643 1674 4713 i),
1696 4659 1756 4701 mon
1774 4645 1812 4703 ab

159 4752 244 4796 samse
257 4742 362 4796 natum
376 4740 428 4805 ost,
443 4753 509 4795 coro
524 4743 575 4806 est,
586 4741 614 4794 et
636 4738 709 4811 quod
723 4738 756 4795 de
773 4739 878 4813 spirite
898 4739 957 4812 spi·
1012 4735 1171 4794 hominibus
1181 4733 1638 4809 seapostolomprrelertmeoper
1653 4731 1810 4798 homimem,

159 4828 233 4884 ritus
257 4832 310 4887 est.
335 4827 441 4898 (loom,
470 4835 513 4899 nt,
529 4827 568 4897 6.)
583 4825 678 4899 Neque
700 4841 765 4886 earo
780 4827 892 4900 spiritus
914 4825 954 4896 lit,
1009 4826 1217 4901 sedporlessrm
1230 4823 1382 4897 christum,
1393 4829 1422 4883 et
1433 4827 1521 4883 Deum
1536 4824 1660 4880 Patrem.
1675 4820 1708 4877 ltt
1721 4821 1813 4879 habes

837 4983 934 5047 Varias
954 4986 1111 5048 lectiones.

192 5115 217 5153 ³⁴
231 5113 398 5186 configurari
428 5115 515 5173 libem.
527 5115 551 5156 ³⁴
567 5116 608 5172 Sit
623 5120 707 5174 Fron.
722 5117 748 5156 ³⁴
764 5116 827 5172 Erat
843 5117 930 5174 liban.
947 5115 973 5157 ³⁹
996 5117 1091 5185 Neque
1106 5114 1187 5171 homo
1205 5130 1268 5172 earo
1282 5115 1372 5174 libem.
1392 5118 1416 5155 ⁴⁰
1430 5114 1500 5185 Quis
1515 5116 1602 5173 libem
1626 5115 1649 5154 ⁴¹
1664 5115 1699 5171 Et
1714 5117 1811 5174 inser.

157 5185 243 5243 libera.
256 5182 281 5223 ⁴²
300 5185 412 5242 Dissero
428 5188 513 5245 Semi.
526 5188 550 5226 ⁴³
566 5188 671 5259 Episset
688 5189 774 5246 Semi.
792 5189 816 5226 44
831 5188 867 5243 Ut
881 5189 969 5246 libem
984 5187 1009 5227 ⁴⁵
1024 5188 1065 5243 Ex
1080 5187 1166 5244 deest.
1183 5189 1287 5256 Vertat,
1306 5190 1404 5251 From.
1421 5189 1525 5253 Paria,
1540 5189 1600 5259 Rip.
1617 5186 1643 5226 44
1662 5185 1812 5244 Distinotae

154 5257 340 5385 Ξοῧῧωῖᾏιίέο
352 5260 450 5387 gam
464 5259 490 5299 ⁴⁸
503 5257 598 5315 Potius
611 5258 684 5316 enim
698 5268 798 5316 unctus
811 5258 899 5317 llhcm.
915 5259 941 5299 44
950 5259 987 5315 At
1002 5268 1030 5316 tu
1044 5259 1133 5317 libem.
1144 5257 1170 5298 ⁵⁰
1184 5258 1313 5316 Ecclesiae
1326 5259 1402 5318 deest
1413 5259 1503 5317 llhert.
1518 5259 1541 5298 ⁵¹
1551 5259 1644 5315 lesum
1659 5261 1702 5316 esi
1713 5257 1809 5318 hem.

863 5401 1113 5469 Commentarius.

188 5532 245 5605 (lb)
264 5534 324 5593 llos
337 5535 501 5604 melorum,
515 5533 562 5592 ssd
576 5535 765 5607 conjunctum
778 5535 811 5592 irs
824 5551 884 5593 amo
892 5550 954 5609 per-
1007 5557 1069 5600 σεως
1084 5541 1126 5600 τῆς
1141 5536 1232 5598 statas.
1250 5535 1319 5606 Quae
1343 5550 1361 5592 a
1378 5533 1508 5606 Symbola
1531 5535 1561 5592 lt.
1586 5534 1726 5594 hthenasii
1751 5551 1809 5595 non

155 5621 234 5673 soma,
250 5612 302 5663 etc.
322 5604 487 5677 Coniunctus
502 5603 630 5661 nimirum
644 5606 717 5665 beas
730 5615 757 5664 et
771 5606 864 5675 homo,
879 5606 954 5665 salte
1008 5607 1214 5668 sdeovitlentnr
1228 5607 1366 5665 recedere.
1382 5603 1421 5663 La
1437 5608 1485 5663 Pa.

157 5678 297 5750 utriusque
323 5675 481 5735 subruaris
507 5677 685 5750 proprietate,
711 5679 767 5748 οὐχ)
803 5677 830 5733 ia
856 5679 953 5754 σοχχο-
1027 5738 1032 5749 ,
