3840 6134
133 337 202 399 tete

659 333 702 394 ab
721 333 867 396 aaudiat
898 331 1117 395 inundabunt
1151 330 1259 393 nhRRtt

1708 332 1781 391 tals

167 463 333 537 Expeditne.
360 461 509 535 Enpedatos
535 459 643 531 proprie
666 457 789 525 dicimus,
813 466 971 560 ιιιιοιιιιιι.
1020 457 1193 516 Remedium.
1218 456 1258 512 lta
1281 454 1359 514 etiam
1388 455 1489 528 antiqui
1518 455 1682 522 Petrossa
1711 455 1783 510 iuter

131 553 214 623 pedes
237 568 252 608 e
274 550 397 618 vinculis,
413 565 463 605 eeu
483 548 704 621 impedimentis,
721 548 836 618 exempti
851 562 882 604 aa
896 546 927 603 li·
984 547 1075 602 hosS.
1090 546 1197 614 ambr,
1212 543 1260 600 lib.
1274 547 1311 601 De
1326 546 1368 602 itis
1383 545 1433 618 qui
1447 545 1515 600 init
1531 559 1557 602 c.
1573 547 1589 599 3
1593 550 1779 614 ,zexponant

131 640 216 699 berati
231 648 305 698 sunt.

166 731 358 788 Socromeuto.
370 725 517 791 Sententia,
533 723 666 797 quidquid
681 725 807 782 reclamet
819 725 926 797 lunius,

130 820 256 892 tipduade
269 817 397 890 legenda.

165 911 205 968 De
220 910 333 966 secuto.
351 907 379 961 ln
394 905 512 976 sequiori
533 920 614 961 sensu
629 903 672 962 hic
687 906 836 972 secutum,
850 912 881 961 ut
897 906 926 962 S.

128 999 245 1055 lacobus
256 997 343 1068 Epist.
356 1013 384 1051 u.
396 996 424 1062 4,
436 995 531 1049 sumit:
545 995 713 1067 Quicunque
723 993 846 1052 notuerit
856 997 928 1051 omi-

129 1105 179 1144 cus
194 1103 252 1143 esse
266 1087 364 1143 seculi
376 1084 469 1156 hujus,
481 1085 615 1139 iuimicus
625 1085 675 1142 Dei
685 1086 882 1140 constituitur.
893 1084 929 1138 Et

130 1177 159 1234 S.
176 1175 275 1230 Paulus
299 1173 332 1229 ad
357 1173 445 1228 Galat.
461 1188 481 1243 r,
499 1174 523 1241 4,
540 1171 574 1228 de
588 1171 696 1229 Christo
718 1171 805 1243 inquit
822 1189 828 1225 :
845 1170 928 1228 Dedit

129 1267 312 1337 semetipsum
324 1278 375 1337 pro
390 1263 512 1335 peccetis
528 1261 643 1329 nostris,
654 1264 746 1317 utnos
760 1261 881 1333 eriperet
896 1260 928 1318 de

131 1355 267 1427 presenti
282 1353 383 1410 saeculo
399 1367 531 1424 nequam.

164 1444 376 1500 Domiuotorem
390 1440 557 1512 pristinum,
572 1438 645 1495 velut
659 1438 783 1504 alteram,
794 1436 928 1509 longeque

128 1532 302 1588 immitiorem
314 1530 493 1595 Pharaonem,
517 1527 564 1600 qui
587 1544 633 1598 per
656 1535 796 1598 peceatum
811 1528 927 1582 humano

129 1619 223 1692 generi
248 1619 396 1678 sevissime
419 1618 571 1674 dominatus
593 1616 662 1683 luit,
687 1631 720 1672 aa
743 1615 928 1686 peccatoribus

129 1708 244 1784 singuiis
267 1707 413 1764 etiamnum
441 1706 615 1775 dominatur,
639 1703 726 1761 donee
754 1719 802 1775 per
831 1718 928 1773 aquam

128 1795 255 1867 baptismi
283 1796 317 1850 ab
347 1794 470 1867 ejusdcm
504 1792 645 1863 tyrannide
679 1791 785 1847 liberati
819 1789 965 1879 tuerintfl

134 1887 203 1944 Cum
218 1885 291 1942 serui
304 1880 398 1941 essetis
410 1883 530 1956 peceati,
545 1881 584 1937 ait
598 1881 694 1953 dpost.
711 1882 801 1952 (Rom.
818 1897 857 1951 tv,
871 1883 926 1952 20),

131 1974 212 2031 tiberi
225 1974 322 2044 fuistis
337 1973 474 2045 justitie.
488 1972 559 2043 Lege
580 1978 664 2028 tetum
680 1971 731 2028 hoc
745 1970 871 2043 Apostoli
885 1987 929 2028 ea·

131 2069 188 2132 put.

986 634 1127 700 «harath,
1151 632 1246 705 inquit,
1270 632 1332 690 lans
1355 631 1539 690 amarissimus
1562 641 1634 703 erat;
1655 631 1731 686 misit
1754 631 1782 687 in

982 742 1044 783 eum
1062 723 1168 783 ΙΙῚΙ
1187 724 1295 796 Moyses
1313 723 1439 797 Lignum,
1463 730 1490 779 et
1508 721 1593 780 dulcis
1618 730 1661 778 est
1683 721 1779 778 tactus.

982 815 1062 888 atqua
1098 814 1170 870 enim
1203 815 1262 869 sine
1290 813 1478 884 predicatione
1511 811 1663 867 Dominicae
1693 811 1781 868 crucis

983 907 1054 974 (ecee
1072 903 1197 977 lignum),
1227 903 1260 958 ad
1285 902 1374 961 nullos
1395 918 1461 958 usus
1479 901 1575 958 laturae
1602 898 1700 957 salutis
1719 909 1777 972 ast3

982 1011 1043 1051 cum
1069 1008 1134 1052 vero
1162 994 1286 1049 salutaris
1314 991 1395 1048 luerit
1422 991 1509 1048 erucis
1535 992 1666 1062 mysterio
1686 1003 1780 1047 conse<

982 1090 1063 1154 crata,
1088 1091 1153 1140 tunc
1175 1084 1210 1138 ad
1235 1099 1313 1138 usum
1339 1080 1467 1154 spiritalis
1485 1080 1594 1150 lavacri,
1611 1088 1640 1136 et
1653 1078 1781 1136 salutaris

982 1173 1090 1244 poculi,
1119 1179 1295 1243 temperatur.
1324 1171 1399 1228 Sient
1425 1184 1492 1242 ergo
1519 1171 1545 1225 in
1572 1169 1649 1225 illum
1676 1167 1780 1225 iontem

982 1263 1087 1334 lloyses
1101 1261 1172 1317 misit
1185 1260 1300 1335 lignum,
1321 1260 1372 1316 hoe
1393 1267 1434 1315 est
1453 1259 1586 1332 Propheta
1602 1275 1610 1312 ι
1627 1255 1653 1312 ei
1667 1258 1695 1312 in
1710 1257 1781 1312 hune

981 1350 1083 1406 iontem
1115 1351 1240 1407 sacerdos
1269 1347 1488 1418 praedicationem
1517 1345 1666 1403 Dominicae
1694 1345 1780 1404 erneis

982 1440 1073 1505 mittit,
1089 1448 1117 1495 ct
1130 1455 1201 1510 aqna
1216 1437 1245 1494 at
1259 1452 1357 1494 nuncrs
1371 1437 1405 1491 ad
1419 1451 1555 1494 naastan.
1573 1455 1585 1488 ι

1017 1526 1150 1581 Caeterum
1173 1525 1270 1580 lunius
1291 1527 1362 1581 hunc
1386 1525 1544 1580 Tertulliani
1566 1525 1659 1580 locum
1683 1523 1721 1577 ita
1744 1525 1781 1580 le·

982 1615 1097 1690 gendum
1112 1623 1209 1688 putat:
1236 1615 1353 1672 «Venas
1377 1614 1598 1671 insaluberrimas
1620 1630 1706 1684 aquas
1731 1616 1781 1670 Ba·

982 1705 1072 1778 ptismi
1096 1704 1200 1761 seilicet
1213 1720 1246 1760 ex
1261 1720 1321 1760 sese
1336 1705 1530 1760 remedians.»
1554 1703 1590 1759 At
1611 1703 1716 1760 obnixe
1738 1719 1780 1759 re·

981 1795 1055 1850 tineo
1070 1801 1190 1850 nestram
1205 1792 1363 1860 lectionem;
1388 1808 1443 1850 non
1466 1793 1538 1849 enim
1562 1806 1634 1865 aqua
1653 1791 1781 1865 baptismi

981 1892 1040 1941 erat
1053 1883 1204 1939 remedians
1217 1882 1276 1938 illas
1289 1900 1376 1956 oquos
1398 1899 1521 1949 amaros,
1538 1898 1589 1940 een
1604 1898 1694 1939 venos
1708 1883 1782 1938 inso-

986 1973 1161 2039 lnderm'mns,
1177 1971 1225 2028 sed
1241 1972 1350 2044 tiqnum
1364 1972 1424 2042 (seu
1437 1972 1559 2028 Christus
1576 1972 1607 2027 in
1628 1972 1706 2043 ligne
1720 1987 1782 2027 cru·

982 2061 1087 2132 citinas)
1112 2060 1172 2117 illas
1195 2076 1295 2132 aquas,
1318 2059 1353 2115 ad
1376 2060 1543 2133 baptismum
1560 2059 1731 2125 destinatas,
1754 2075 1783 2115 ae

168 2152 381 2224 derelinquunt,
398 2153 513 2210 Sotouce
535 2149 663 2207 nimirum
686 2157 715 2204 ct
738 2150 849 2223 pompis
872 2150 931 2220 ejus
981 2151 1048 2207 alias
1062 2149 1219 2219 insalubres,
1234 2164 1283 2205 seu
1296 2149 1364 2204 nihil
1378 2149 1504 2219 salutare,
1527 2164 1559 2207 aa
1582 2146 1736 2221 proficiens
1752 2146 1784 2202 ad

130 2241 161 2297 in
176 2241 314 2314 baptismo
340 2241 533 2296 renuntiantes.
551 2240 683 2296 Ceterum
709 2240 850 2295 transitum
871 2255 928 2293 ma·
982 2239 1097 2295 salutem
1124 2246 1245 2296 nostram
1274 2237 1455 2305 continentes,
1483 2237 1510 2292 in
1538 2236 1725 2303 dulcedinem,
1751 2253 1784 2294 ee

131 2334 169 2387 ris
193 2332 276 2386 Rubri
298 2331 414 2403 liguram
437 2330 522 2386 nostri
545 2329 674 2400 baptismi
694 2328 786 2394 luisse,
814 2329 930 2400 ipsemet
982 2344 1049 2396 sese,
1064 2344 1113 2384 seu
1128 2326 1235 2399 propria
1249 2342 1297 2382 sua
1312 2325 1423 2395 virtute,
1438 2328 1465 2383 iu
1480 2326 1640 2385 remedium
1654 2330 1783 2399 peecato-

130 2418 277 2490 Apostolus
290 2417 301 2471 l
316 2417 377 2471 Cor.
401 2433 431 2485 x,
459 2420 484 2482 l,
510 2423 536 2472 et
559 2431 618 2487 seq.
635 2416 699 2470 satis
713 2416 831 2472 declarat
847 2435 855 2472 ι
875 2418 930 2472 Po·
983 2435 1048 2474 rum
1061 2419 1087 2473 el
1103 2415 1219 2472 salutem
1233 2414 1329 2471 atrimae
1343 2423 1444 2472 nostrae
1458 2416 1599 2473 convertit.

132 2502 189 2564 tres
199 2508 291 2565 nostri
300 2521 395 2564 omues
410 2505 459 2561 suo
473 2504 546 2561 nube
559 2507 691 2576 suerunt,
705 2509 734 2560 et
746 2519 842 2561 omnes
852 2519 930 2560 more
1018 2505 1170 2575 detinebat.
1183 2544 1186 2548 -
1197 2504 1267 2560 Cum
1291 2505 1363 2560 enim
1389 2505 1504 2576 populas
1517 2504 1603 2561 lsrael
1623 2519 1657 2560 ex
1676 2504 1784 2561 deserta

132 2589 930 2665 transierunt,etomnesinitoqsedoptinotisuntinnube,
982 2594 1030 2649 Sin
1049 2594 1217 2665 pervenisset
1243 2595 1272 2650 in
1300 2593 1455 2664 Rephidim,
1484 2602 1563 2665 atque
1593 2594 1629 2649 ob
1657 2592 1784 2649 acerbant

132 2689 161 2741 et
186 2685 277 2751 mori‚·
302 2683 329 2738 ia
353 2698 413 2755 qnae
433 2683 516 2738 uerba
540 2681 568 2736 S.
594 2680 667 2754 Aug.
690 2680 739 2738 lib.
764 2697 805 2736 xx
830 2685 931 2741 contro
981 2681 1065 2754 sitim,
1086 2698 1139 2754 qua
1160 2683 1318 2747 vexabatur,
1334 2692 1429 2740 contra
1443 2684 1555 2754 hloysen
1569 2691 1782 2748 murmurasset,

132 2776 241 2840 Foust„
266 2788 290 2828 e.
316 2774 363 2836 29,
387 2771 454 2826 ait:
482 2791 494 2821 ι
521 2769 623 2837 Nubes,
653 2777 681 2825 et
708 2784 783 2827 mare
807 2768 931 2825 Rubrum
979 2773 1061 2843 jussit
1087 2775 1161 2828 Deus
1189 2773 1261 2828 illam
1280 2771 1367 2844 ipsam
1388 2773 1501 2844 virgam,
1528 2788 1581 2844 qua
1608 2781 1692 2829 antea
1712 2786 1785 2829 mare

132 2861 286 2933 Baptismus
302 2860 408 2932 utique.
426 2859 684 2931 tlostcssequuntur
707 2873 723 2912 a
746 2868 824 2931 tergo
841 2877 848 2914 ι
868 2874 931 2914 ιιιο-
981 2863 1104 2919 Rubrum
1127 2861 1264 2929 diviserat,
1289 2861 1394 2931 tollere,
1418 2868 1587 2934 petramque,
1614 2862 1649 2917 ad
1675 2861 1787 2918 elicien-

47 2995 49 2998 ,
131 2949 237 3005 riuutur
258 2955 370 3020 peccata
391 2947 565 3019 praeterita.»
590 2947 623 3002 Et
646 2944 674 3004 s:
691 2948 784 3003 Ambe.
801 2947 819 3002 l.
836 2951 874 3005 lie
889 2947 932 3005 his
983 2949 1046 3005 dam
1071 2947 1133 3004 inde
1157 2964 1265 3021 nquam,
1289 2956 1440 3020 percutere,
1455 2961 1505 3006 ete.
1530 2949 1619 3007 Exod.
1644 2967 1697 3017 xv,
1724 2955 1737 3007 t
1763 2954 1787 3005 et

133 3040 182 3111 qui
203 3038 371 3104 initiantur,
396 3043 458 3103 cte„
483 3053 507 3094 e.
533 3039 560 3107 3,
584 3036 622 3092 ita
645 3036 748 3093 habet:
778 3036 932 3094 «advertis
983 3055 1042 3110 seq.
1057 3037 1151 3093 Simile
1165 3053 1274 3110 quoque
1289 3034 1441 3110 prodigium
1465 3037 1565 3094 accidit
1590 3037 1619 3092 iu
1645 3038 1746 3103 Codes,
1760 3042 1787 3092 at

134 3128 207 3200 quod
230 3122 262 3182 iai
281 3127 328 3183 illo
351 3126 526 3183 Hebraeorum
555 3125 667 3182 transitu
690 3128 747 3197 jam
773 3132 835 3182 tune
861 3125 932 3182 sacri
948 3125 1062 3208 ssNum.
1077 3142 1123 3193 ax,
1137 3129 1171 3182 l3
1187 3134 1213 3183 et
1227 3142 1302 3199 seqq.
1326 3125 1420 3183 videre
1443 3134 1493 3183 est.
1517 3127 1672 3200 Utrumque
1693 3142 1786 3200 respe-

133 3215 307 3288 Bnptismatis
335 3215 422 3289 ligura
449 3215 631 3289 precesserit,
657 3213 684 3269 in
708 3229 762 3285 quo
785 3214 931 3286 Egyptius
983 3215 1023 3272 xit
1046 3215 1074 3272 S.
1098 3215 1198 3270 Paulus
1212 3217 1223 3271 1
1238 3215 1301 3271 Cor.
1325 3230 1355 3284 x,
1382 3217 1408 3284 4,
1435 3215 1472 3269 ita
1495 3229 1660 3286 exponens:
1689 3216 1786 3273 emon

132 3304 222 3377 periit,
246 3313 272 3361 et
294 3303 424 3360 Hebraens
439 3302 544 3361 evasit?
559 3301 631 3372 Quid
645 3301 716 3358 enim
732 3301 804 3356 aliud
828 3301 856 3356 in
878 3301 930 3375 hoe
982 3304 1112 3362 eumdem
1125 3307 1224 3378 potum
1248 3303 1408 3376 spiritaiem
1423 3303 1553 3359 liberunt
1575 3304 1669 3373 (ἔπινον
1692 3303 1741 3376 γὰρ
1765 3304 1788 3354 ia

132 3393 254 3466 quetidie
287 3400 451 3449 sacramento
483 3392 637 3458 docemur,
670 3390 723 3445 nisi
756 3391 820 3461 quia
851 3390 931 3460 eulpa
981 3397 1142 3464 ποιομοτοιῆς
1163 3391 1333 3452 ἀκολουθούσης
1361 3392 1619 3463 ntrpae·liibedont
1642 3393 1787 3451 autemde

135 3480 278 3552 mergitur,
294 3488 411 3537 eterror
430 3480 572 3537 aboletur?
589 3501 600 3530 ο
617 3479 712 3551 itaque
727 3477 871 3534 Christiani
886 3493 934 3549 per
980 3483 1117 3554 spiritati,
1135 3486 1320 3555 consequente
1345 3496 1402 3549 eos,
1438 3489 1536 3553 petra:
1567 3497 1665 3538 renna
1690 3488 1784 3540 ouum

131 3568 312 3642 baptismum,
326 3576 454 3640 tanquam
468 3586 548 3626 thare
563 3567 697 3634 Rubrum,
721 3566 754 3621 ad
777 3581 874 3622 ss⁰lam
889 3566 930 3624 vi·
983 3576 1045 3630 eret
1059 3571 1221 3642 canissus);
1237 3571 1352 3628 sednon
1363 3571 1542 3644 inplnrihus,
1554 3578 1608 3627 etc.
1621 3571 1786 3644 Atqueiade

132 3665 186 3713 tarn
205 3658 444 3713 transeuntium
466 3657 516 3725 (ait
539 3655 726 3712 Theodoretus
748 3654 821 3726 apud
843 3654 929 3711 Calm.
983 3673 1038 3714 non
1051 3657 1168 3714 Rabbini
1182 3659 1279 3725 solum,
1295 3658 1344 3714 sed
1366 3666 1394 3714 et
1416 3675 1449 3715 ex
1474 3656 1636 3714 Christianis
1651 3659 1786 3731 interprs

131 3746 165 3799 in
189 3747 203 3800 l
227 3746 287 3800 Cor.
312 3759 342 3808 x,
368 3745 395 3813 2)
415 3758 521 3800 sacrum
535 3744 667 3800 referebat
681 3755 840 3808 naitanus,
856 3742 930 3815 quod
982 3755 1023 3802 tes
1046 3760 1102 3800 non
1125 3745 1203 3815 panai
1222 3745 1400 3812 contendunt,
1415 3748 1531 3803 Petrum
1544 3744 1634 3811 illam,
1650 3756 1703 3803 aut
1718 3753 1786 3802 certe

130 3828 283 3899 baptizandi
302 3829 488 3901 ingrediuntur
511 3849 519 3887 z
545 3830 635 3888 Nubes
657 3843 779 3886 anasrtu
803 3845 930 3886 seruiens
981 3841 1064 3906 petrae
1090 3831 1161 3888 illius
1186 3851 1286 3908 equos,
1316 3835 1450 3891 israelitas
1474 3834 1609 3906 deinceps
1628 3835 1656 3890 in
1678 3837 1784 3892 desarw

133 3916 179 3981 S.,·
196 3916 306 3987 ltopses,
322 3930 506 3974 sannanorau
521 3917 703 3987 baptizantem
720 3933 728 3970 ι
744 3919 823 3989 virqo
848 3918 930 3990 huius
983 3937 1089 3995 semper
1103 3921 1243 3979 comitates
1258 3922 1352 3979 luisse.
1378 3923 1418 3980 lta
1440 3922 1512 3979 enim
1532 3923 1635 3979 Noster
1648 3924 1678 3979 in
1694 3924 1743 3982 lib.
1757 3923 1786 3980 de

131 4003 295 4076 legislatoris
309 4005 371 4061 iesu
386 4005 484 4062 Christi
499 4021 610 4062 caucana
626 4023 634 4062 ι
659 4006 796 4063 israelitae
816 4007 844 4061 in
863 4005 930 4062 mari
984 4014 1058 4078 Poe„
1084 4027 1108 4070 e,
1135 4015 1161 4080 b,
1188 4013 1225 4070 ait
1241 4030 1248 4071 ε
1274 4032 1287 4065 ι
1303 4016 1369 4070 Post
1385 4015 1488 4070 Mannae
1501 4012 1644 4071 escatilem
1659 4015 1783 4086 pluriam,

132 4109 313 4152 cunrsrrauos
337 4095 382 4167 qui
407 4095 574 4167 baptizantur
591 4113 597 4152 :
615 4097 740 4169 AEqqptii
759 4096 886 4164 demersi,
904 4106 931 4153 et
982 4109 1044 4172 post
1057 4109 1144 4174 petrae
1165 4103 1312 4173 aquatilem
1327 4104 1477 4176 sequelam,
1496 4125 1506 4154 tt
1525 4111 1579 4160 ete.
1596 4105 1634 4159 Rt
1648 4121 1714 4176 quae
1729 4118 1785 4175 pro·

131 4183 184 4239 dua
200 4200 294 4242 eorum
307 4185 429 4254 Phoron,
445 4186 597 4258 demones,
621 4188 656 4243 de
679 4186 795 4258 imperio
814 4188 930 4260 quadiu
982 4191 1048 4266 digii
1071 4199 1125 4247 tam
1148 4191 1283 4259 immanis,
1310 4197 1473 4265 etalioyse
1497 4192 1657 4265 neutiquam
1686 4192 1784 4267 siquid

131 4286 182 4327 nos
196 4274 365 4340 exercebant,
381 4274 512 4344 deiectos.
983 4280 1046 4347 eati,
1070 4281 1114 4338 hie
1136 4281 1292 4337 adstruendi
1306 4281 1471 4338 necessitas?
1485 4281 1548 4337 Non
1566 4282 1643 4337 enim
1668 4283 1783 4354 Aposto-

170 4361 359 4420 Commodum.
375 4362 518 4420 Latinius
507 4381 539 4420 en
554 4379 637 4421 usurn
652 4365 830 4421 commodum
844 4363 929 4437 legit:
982 4369 1025 4427 lus
1048 4369 1091 4425 hie
1113 4371 1146 4427 de
1165 4374 1249 4444 petro
1263 4369 1308 4425 illa
1320 4371 1478 4437 materiati,
1494 4386 1555 4442 quae
1568 4380 1628 4426 erat
1641 4369 1670 4425 in
1686 4369 1783 4440 Raphi-

131 4449 176 4505 cui
200 4464 255 4506 nen
278 4451 403 4507 reluctor
423 4453 512 4508 Potest
535 4463 623 4508 antem
648 4463 675 4510 et
697 4453 820 4527 vulgaris
838 4453 928 4519 lectio,
944 4449 1048 4531 fldim,
1074 4460 1122 4515 sed
1147 4459 1182 4514 de
1204 4463 1286 4532 petro
1308 4461 1458 4533 spirituali
1471 4459 1653 4532 (proindeque
1667 4457 1782 4515 etiamia

132 4537 363 4606 etsiduriuscula,
381 4541 501 4609 retineri,
517 4541 637 4613 atqnein
654 4543 931 4600 suumeomntodum
984 4546 1326 4618 sensusolumspirituali,
1347 4563 1396 4603 seu
1422 4546 1782 4620 mvsttao)loqurtur,Chr1

133 4623 248 4697 intelligi
263 4641 311 4696 pro
326 4644 452 4685 ausuum
467 4630 931 4701 uttittntemquamsuauitatesua
983 4644 1024 4691 sto
1052 4636 1186 4702 videlicet,
1215 4651 1264 4707 per
1292 4645 1395 4709 petram
1425 4637 1496 4692 illam
1525 4635 1715 4710 praetigurata,
1741 4634 1781 4708 qui

133 4728 165 4769 ae
177 4713 338 4788 limpiditate
352 4716 506 4773 hominibus
520 4717 618 4774 alierre
632 4719 710 4775 solet.

170 4805 260 4873 Mosei,
277 4822 325 4877 pro
340 4805 429 4873 llosis,
445 4806 576 4879 gignendi
591 4823 666 4864 casu.

170 4894 361 4951 Remediotur.
383 4895 422 4950 De
445 4894 497 4951 hoe
520 4897 602 4952 verbo
622 4897 682 4953 vide
706 4913 787 4969 supra
810 4913 869 4971 eap.
890 4900 931 4952 ts.

134 4981 267 5038 Caeterum
290 4982 402 5038 historia
425 4983 482 5040 haec
507 4986 594 5042 Exod.
620 5005 665 5057 xv,
690 4991 735 5055 23,
761 4998 787 5044 et
811 5005 870 5061 seq.
895 4989 933 5043 ita

132 5077 274 5126 narratur:
290 5074 322 5127 et
332 5074 588 5146 ueneruntfflntn)
598 5091 627 5132 uu
642 5092 728 5149 uana,
744 5081 773 5136 et
789 5096 845 5136 non
857 5081 933 5152 pote-

134 5165 203 5217 runt
218 5160 307 5218 didere
320 5177 408 5233 equos
427 5165 542 5236 (dim)
555 5179 592 5220 un
607 5181 697 5238 uana,
709 5184 740 5226 eo
755 5167 828 5241 quod
841 5170 933 5225 esseut

137 5261 217 5312 ntitzt
237 5265 353 5318 suanm
369 5253 444 5310 unde
467 5258 495 5310 et
522 5270 676 5327 conqruum
692 5260 749 5314 loco
765 5274 867 5314 nomeu
883 5259 934 5311 im·

134 5342 245 5413 posuit,
268 5357 369 5397 uocans
389 5341 474 5397 illum
491 5343 681 5413 (mantuam,
696 5345 725 5400 id
752 5351 793 5401 est
807 5344 934 5400 amaritu-

135 5430 270 5485 dinem...
290 5431 325 5484 lit
343 5430 465 5486 ostendit
481 5431 507 5486 ei
523 5431 675 5500 (Dominus)
700 5434 810 5504 tiqnum
830 5453 839 5489 :
863 5434 934 5506 quod

77 5532 78 5537 ¹
135 5535 199 5575 curu
214 5520 337 5576 misisset
350 5521 383 5574 io
396 5533 494 5590 equos,
511 5520 541 5571 iu
556 5517 735 5576 dulcedinem
753 5536 840 5580 versae
853 5527 932 5580 suut.

170 5610 263 5673 Retro,
278 5620 331 5676 pro
345 5609 443 5673 anteo,
460 5611 489 5660 nt
503 5603 568 5662 alibi
583 5606 691 5677 sepius.

984 4734 1109 4796 tanquam
1120 4738 1286 4780 narnavrva
1299 4724 1474 4784 Christianos
1486 4726 1625 4796 (naeliores
1634 4727 1782 4792 lsroetitas)

984 4828 1032 4884 per
1054 4812 1190 4867 desertum
1214 4812 1295 4883 hujus
1318 4813 1411 4869 mundi
1432 4813 1542 4870 assiduo
1567 4812 1725 4880 comitatur,
1745 4811 1779 4867 la·

984 4910 1044 4958 etus
1059 4899 1155 4959 iisdem
1170 4903 1232 4972 sons
1246 4918 1328 4974 oque
1342 4903 1474 4959 solientis
1489 4905 1520 4959 in
1532 4904 1624 4959 uitem
1634 4907 1776 4960 eternam.

985 4993 1062 5047 ioan.
1077 5009 1106 5059 v,
1124 4992 1167 5047 lt.
1184 4991 1271 5063 Atque
1286 4990 1349 5047 ideo
1364 4990 1463 5047 Noster
1477 4992 1545 5046 hane
1560 5006 1659 5063 aquam
1684 4992 1711 5047 in
1733 4991 1778 5046 Ra·

979 5080 1090 5152 phidim
1107 5097 1139 5137 ex
1152 5089 1231 5154 petra
1254 5079 1444 5154 protlucntem,
1462 5080 1556 5137 merito
1570 5079 1642 5137 inter
1663 5073 1776 5153 baptismi

967 5219 970 5225 .
987 5171 1071 5226 nostri
1086 5169 1186 5241 figuras
1201 5171 1285 5241 ponit.

1024 5259 1162 5317 Benedici.
1181 5258 1267 5315 Locus
1285 5273 1350 5315 sane
1365 5260 1509 5315 obscurus.
1526 5257 1668 5315 Excidisse
1682 5258 1777 5315 videtur

987 5348 1136 5420 quidpiam,
1153 5348 1225 5421 qued
1241 5348 1353 5404 omnino
1376 5348 1569 5419 supplendum.
1586 5347 1681 5420 ltaque
1694 5348 1732 5403 sic
1745 5345 1778 5399 le·

988 5436 1105 5508 gendum
1126 5446 1212 5506 puto:
1239 5437 1343 5507 «Aqua
1366 5436 1393 5491 in
1416 5436 1535 5500 Christo,
1557 5440 1589 5493 iu
1612 5454 1666 5510 quo
1681 5435 1777 5506 Baptis-

989 5541 1060 5579 mum
1076 5523 1195 5580 videmus
1219 5523 1384 5588 benediei;»
1413 5524 1458 5596 qui
1483 5540 1581 5581 sensus
1604 5526 1671 5582 satis
1692 5525 1779 5594 planus

988 5619 1039 5669 est.
1056 5612 1126 5683 Quid
1141 5627 1204 5671 vero
1220 5612 1302 5682 istud,
1318 5615 1498 5685 baptismum
1520 5613 1670 5672 benedici?
1692 5613 1779 5670 Enita-
