3840 6134
98 273 104 282 ’
133 299 205 361 tros

126 424 172 482 Sic
184 424 299 481 nimiam
314 441 409 498 sapere
426 425 538 483 stultum
553 425 617 483 lacit
627 425 751 500 improba
764 435 850 486 secta.

126 515 169 570 lle
179 514 228 571 dea
242 513 281 570 sic
295 514 397 581 desub,
413 515 587 572 moderamen
606 516 732 589 amabile,
749 517 826 574 dixit.

126 602 182 660 Sed
195 611 225 659 tn
253 619 305 659 nec
320 613 420 660 sectam
434 605 527 678 medo,
543 620 593 660 nec
603 606 787 664 moderamina
797 624 887 674 curas,

126 691 202 748 biens
214 699 304 748 autem
320 693 423 748 stabilis
436 694 512 750 nullo
527 696 691 767 pervertitur
710 704 787 764 aestu,

126 780 240 853 Ipsaque
258 779 417 851 simplicitas
434 797 571 853 nunquam
586 784 653 838 mala
668 784 766 856 cogitat
781 787 844 842 ulla.

128 870 196 926 Hinc
207 868 311 925 sincera
327 869 392 926 tides
407 882 508 926 aeterna
520 870 572 928 lide
587 870 712 942 fruetur,-

129 961 164 1014 Et
177 967 270 1015 eontra
284 959 362 1016 dolus
377 959 458 1032 lenge
472 959 637 1016 cruciabitur
650 961 719 1036 igni.

136 1043 248 1102 1108
264 1045 340 1119 Elige
351 1046 416 1118 quid
430 1046 508 1114 selis,
524 1054 553 1103 nt
562 1047 644 1121 digna
658 1049 763 1120 piacula
775 1051 853 1108 nites.

129 1134 173 1190 Sic
188 1143 276 1190 tamen
291 1135 361 1190 hanc
381 1134 488 1193 veniam
504 1144 639 1192 mereatur
652 1137 778 1210 creditor,
794 1137 924 1213 inquam;

129 1222 165 1279 Ut
178 1224 234 1279 lese
248 1222 348 1279 crimen
364 1224 425 1290 erit,
440 1223 464 1279 si
480 1224 550 1281 nolis
564 1226 676 1283 noscere
690 1243 772 1297 vera;

661 297 827 365 arcalors
845 304 867 364 l.
885 332 923 349 -
940 301 983 363 bb
1000 299 1081 364 tola
1098 294 1278 360 1111111911.

1708 300 1777 362 ttae

982 427 1012 482 ln
1026 425 1121 482 melius
1136 434 1243 481 reuocat
1257 424 1382 480 satiatum
1396 423 1536 479 erroribus
1551 423 1609 480 istis
1625 443 1632 477 ι

979 515 1097 587 Tempus
1110 513 1182 571 enim
1198 521 1284 569 mutat
1303 512 1380 577 mala,
1398 511 1497 584 digerit
1511 515 1601 569 omnia
1621 522 1737 585 tempus.

976 603 1052 660 Tunc
1066 603 1149 675 igitur
1164 618 1227 660 cnm
1242 610 1268 657 18
1282 602 1404 657 consulta
1420 600 1554 657 reduxerit
1568 612 1643 675 aetas,

978 692 1058 750 Disce
1071 694 1127 750 Deo
1142 707 1248 753 serrare
1262 690 1352 756 fidem,
1371 706 1405 747 nc
1420 689 1489 747 torte
1503 691 1545 748 bis
1559 708 1642 747 unum

979 783 1103 837 {ocurras
1118 784 1233 854 lapsum,
1249 781 1313 854 quia
1331 795 1393 836 sere
1407 780 1504 836 dicitur
1520 782 1584 837 illud
1604 799 1612 836 :

978 870 1031 941 Qui
1046 871 1121 943 pedis
1136 868 1364 942 ollensilapidem
1380 867 1465 924 rilnre
1480 869 1600 926 secundo

978 960 1078 1028 Nescit,
1093 969 1120 1016 et
1135 961 1257 1016 incantus
1271 959 1367 1014 iterum
1382 959 1515 1016 vexaverit
1530 968 1613 1030 artus,

980 1049 1095 1120 imputet
1109 1050 1168 1122 ipse
1183 1047 1245 1115 sibi,
1265 1063 1316 1103 nec
1329 1047 1438 1103 casibus
1455 1047 1567 1119 imputet
1582 1050 1653 1105 ullis.

981 1139 1094 1211 Corrige
1108 1138 1234 1195 delictum
1249 1135 1375 1193 fidamiue
1389 1135 1457 1208 (86),
1477 1137 1582 1210 corrige
1596 1147 1725 1197 mentem.

980 1226 1092 1284 Sullecit
1109 1242 1220 1300 peecare
1238 1227 1333 1296 semel,
1348 1225 1447 1282 desiste
1462 1226 1549 1282 vereri
1565 1245 1572 1286 :

129 1311 191 1368 Non
209 1311 268 1369 leve
278 1311 381 1368 crimen
395 1310 457 1382 erit,
474 1313 496 1368 si
512 1314 620 1389 cognita
636 1331 700 1373 vera
719 1315 869 1391 relinquas.
943 1309 1043 1387 BNou
1057 1317 1109 1374 erit
1122 1318 1150 1375 in
1163 1317 1250 1388 culpa,
1266 1331 1345 1389 quern
1357 1316 1471 1388 poenitet
1488 1323 1549 1374 ante
1564 1315 1659 1376 lunae.

131 1399 184 1458 Sed
199 1408 225 1459 te
240 1409 392 1460 correctum
406 1401 497 1458 lorsan
512 1410 616 1460 matura
629 1412 756 1463 senectus

828 1551 1080 1618 Commentarius.

134 1696 190 1743 etc.
216 1686 290 1743 lstnd
316 1685 549 1756 virgilianum'est
574 1702 607 1744 ex
630 1703 659 1743 vr
683 1688 823 1747 AEneidoa.
841 1689 926 1746 Pror-

134 1775 181 1813 sus
196 1767 285 1812 autem
300 1757 381 1827 lego:
397 1759 451 1814 Nec
465 1757 574 1815 casibus
588 1761 711 1828 imputet
724 1761 801 1817 attis.

172 1829 231 1897 (86)
245 1827 355 1898 Corripe
366 1826 651 1898 delictnmfidumine,
667 1838 718 1886 etc.
731 1831 868 1887 Fidumen
878 1844 927 1900 pre

981 1687 1087 1770 fiducie
1107 1701 1227 1766 senape
1247 1684 1333 1813 magis
1356 1684 1428 1766 leand
1460 1684 1543 1743 dubie
1569 1685 1783 1747 Tertulliaoitnm

983 1761 1093 1830 phrasin
1108 1763 1180 1829 sapit
1193 1772 1272 1830 qoam
1309 1770 1483 1829 yperanrcam.

389 2107 681 2229 cannen
731 2111 820 2227 on
876 2107 1056 2227 roua
1110 2110 1201 2226 ur
1252 2111 1516 2258 nrnrvs,

364 2338 477 2432 CUM
513 2337 989 2435 loubrltlobtssbs
1026 2337 1312 2434 Fannctscl
1344 2341 1555 2436 JURETI.

408 2643 664 2703 laconensem.

172 2734 287 2791 Carmen
305 2734 365 2801 hoc,
391 2749 526 2806 uunquam
550 2741 627 2790 antea
645 2732 733 2790 nisum
756 2748 807 2790 nec
831 2733 931 2792 lectum

135 2831 272 2896 repertum
287 2823 339 2880 fuit
355 2823 383 2879 in
397 2832 506 2880 vetusto
520 2823 613 2880 codice
636 2823 828 2895 manuscripto,
851 2823 932 2895 cujus

136 2911 243 2986 copiam
257 2911 323 2968 milri
337 2913 400 2968 lecit
414 2914 444 2967 P.
461 2912 577 2968 Pitlroeus
595 2911 615 2966 i.
636 2927 661 2970 c.
687 2911 765 2967 saluti
785 2911 935 2983 priscorum

135 3007 278 3058 sumerum
305 3009 397 3058 natus.
425 2999 581 3056 Tertulliani
605 3014 673 3056 vero
703 2999 851 3073 genuinum
875 3015 936 3058 esse

135 3106 219 3165 opus,
233 3090 294 3149 dura
313 3107 359 3148 rea
373 3091 469 3147 docent
487 3107 494 3145 ε
509 3089 639 3164 primurn,
653 3089 715 3162 quia
725 3091 752 3144 in
761 3089 856 3146 eodem
869 3105 895 3147 r.
908 3105 934 3146 c.

137 3181 304 3238 Tertulliano
332 3179 474 3246 tribuitur,
497 3178 726 3244 quemadmodum
754 3178 834 3234 etiam
862 3177 935 3234 aliud

137 3285 249 3328 carmen
267 3271 302 3327 de
325 3269 451 3326 Sodomis
473 3267 545 3339 quod
565 3275 733 3341 postremum
754 3266 819 3323 olim
838 3267 937 3339 prodiit

137 3359 166 3415 io
181 3360 268 3416 lucem
290 3359 342 3418 sub
356 3358 465 3415 nomine
484 3358 538 3417 dini
553 3357 689 3431 Cypriani,
714 3357 762 3413 sed
786 3373 875 3430 nuper
889 3373 935 3414 as-

138 3456 245 3506 sertum
267 3448 440 3514 Tertulliano,
455 3464 488 3505 ex
512 3449 712 3519 conjecturae
735 3448 792 3504 Jac.
814 3447 936 3504 Pamelio

137 3537 201 3598 viro
214 3539 306 3594 multae
320 3538 439 3595 lectionis
453 3549 479 3593 ct
491 3535 596 3608 judicii.
625 3537 702 3593 Unde
721 3536 810 3600 obiter
833 3535 936 3593 confir·

138 3627 224 3683 mehe
248 3626 405 3682 sententiam
431 3626 515 3697 ipsius
538 3624 659 3696 Pamelii,
684 3632 711 3680 et
733 3625 849 3683 monebo
875 3633 936 3682 stu-

947 2661 970 2742 c
984 2644 1179 2704 inscribebatur
1193 2646 1222 2702 in
1235 2663 1262 2704 v.
1277 2662 1300 2704 c.
1316 2646 1350 2705 de
1378 2649 1489 2706 Niniue.
1502 2648 1554 2705 Sed
1568 2663 1631 2705 cnm
1646 2656 1701 2706 tota
1719 2667 1786 2707 nar·

987 2735 1056 2792 ratio
1083 2736 1217 2807 pertineat
1245 2734 1280 2790 ad
1312 2733 1417 2801 lenam,
1447 2735 1534 2792 visum
1571 2744 1612 2792 est
1640 2735 1788 2794 inscribere

989 2824 1072 2882 etiam
1087 2841 1093 2879 :
1111 2824 1144 2880 de
1165 2825 1247 2881 tortu.
1270 2822 1393 2895 Suspicio
1412 2832 1500 2881 tamen
1525 2832 1567 2881 est
1590 2825 1786 2882 Tertullianum

988 2913 1155 2984 expressisse
1183 2912 1301 2967 carmine
1328 2912 1462 2984 integram
1487 2902 1627 2970 historissm
1650 2914 1737 2981 lona,
1757 2924 1787 2972 ut

988 3001 1015 3057 in
1034 3001 1117 3057 sacris
1130 3000 1223 3056 bibliis
1237 3007 1332 3057 exstat.

988 3092 1052 3148 Post
1062 3090 1208 3148 Sodomam
1220 3099 1245 3146 et
1256 3088 1403 3147 Comornm
1414 3089 1533 3146 viventia
1548 3091 1642 3148 lunera
1653 3091 1678 3148 in
1690 3107 1787 3164 meum,
1842 3114 1844 3118 ³

989 3180 1024 3235 Et
1037 3180 1159 3236 cinerum
1175 3179 1251 3234 senio
1266 3178 1370 3250 signata
1385 3179 1444 3252 (81)
1458 3179 1594 3253 incendia,
1609 3196 1708 3253 poenae,

989 3267 1022 3322 Et
1037 3267 1140 3323 frustra
1153 3266 1219 3323 solis
1234 3266 1320 3323 oculis
1335 3267 1473 3323 nascentia
1486 3284 1582 3339 pauca,

989 3357 1023 3412 Et
1038 3357 1139 3429 pariter
1157 3355 1219 3413 lacti
1233 3366 1347 3413 mortem
1365 3356 1448 3411 maris
1463 3357 1520 3429 (88)
1535 3367 1561 3413 et
1576 3357 1642 3415 solis
1656 3357 1710 3415 illic

990 3444 1020 3500 Si
1033 3443 1193 3517 quidmmo
1213 3453 1252 3499 est
1274 3459 1380 3516 planam
1398 3453 1498 3500 mutato
1518 3460 1632 3516 corpore
1646 3460 1756 3502 servans
1776 3464 1783 3504 :

990 3536 1061 3592 Pene
1075 3532 1143 3590 ulios
1159 3533 1235 3608 ignes
1249 3535 1305 3604 (89)
1321 3532 1413 3606 superi
1427 3532 1585 3591 decesserat
1600 3533 1703 3600 imbris,

990 3624 1061 3683 Urbs
1075 3623 1145 3696 aequi
1156 3622 1278 3694 justique
1292 3622 1400 3679 fuerant
1421 3623 1479 3695 (90)
1495 3632 1662 3696 transgressa
1679 3623 1786 3682 Ninive.

140 3714 235 3772 diosus
249 3731 283 3770 ne
297 3713 580 3788 ampliusaddnbitent
603 3714 637 3771 de
660 3729 724 3774 vero
738 3721 848 3770 auctore
875 3729 937 3770 car·
988 3715 1056 3770 Nam
1071 3714 1132 3786 quis
1146 3713 1282 3771 subversae
1297 3711 1380 3768 menti
1395 3719 1482 3768 metus
1497 3713 1587 3769 emnia
1600 3711 1682 3785 vulgo

140 3803 222 3860 minis
236 3804 270 3860 de
285 3803 420 3861 Sodomis.
441 3802 545 3858 Deinde
569 3819 680 3874 prorsus
699 3801 803 3860 redolet
818 3802 937 3874 phrasim

142 3893 368 3960 Tertullianicam,
383 3901 414 3949 ut
435 3893 577 3949 obscuram
592 3899 619 3946 et
641 3907 774 3964 asperam,
791 3891 831 3946 sie
855 3891 936 3947 etiam

141 3981 373 4039 eruditamlllud
397 3981 544 4037 dolendum
564 3980 689 4052 estquod
717 3979 744 4034 in
772 3979 937 4034 membranis

991 3805 1134 3859 Poenarum
1151 3802 1309 3858 documenta
1325 3809 1429 3872 vacant,
1447 3801 1492 3856 ubi
1509 3803 1626 3872 possidet
1640 3818 1726 3860 error.

992 3891 1029 3947 At
1042 3892 1131 3948 bouus
1145 3890 1213 3964 (91),
1230 3900 1256 3948 et
1270 3889 1357 3946 nostri
1371 3889 1485 3961 patiens,
1496 3897 1522 3944 et
1536 3892 1652 3963 plectere
1667 3905 1753 3960 serus,

993 3979 1170 4051 Omnipotens
1184 3979 1319 4034 Dominus
1333 3980 1432 4034 nullam
1445 3979 1609 4049 jaculabitur
1622 3979 1700 4046 imm,

140 4069 267 4143 imperite
294 4085 364 4143 opus
393 4069 561 4141 descriptum
586 4068 687 4125 exstitit
714 4068 749 4122 ab
777 4066 939 4139 antiquario.
958 4059 1029 4137 nbi
1043 4067 1119 4138 prius
1133 4067 1285 4133 admoneat,
1299 4066 1446 4138 durataque
1461 4073 1572 4138 pectora
1585 4067 1684 4139 pulset,

141 4159 275 4230 Proposui
289 4159 372 4233 igitur
394 4160 464 4216 bona
487 4157 540 4214 lide
565 4158 710 4215 lectionem
734 4172 759 4215 v.
782 4171 807 4212 c.
831 4161 858 4212 et
878 4171 943 4212 con·

995 4157 1136 4228 Praesaqos
1151 4156 1255 4224 agitans
1269 4163 1382 4226 angusta
1395 4162 1497 4224 mente,
1516 4156 1675 4226 proplietam
1689 4154 1747 4226 (92)

140 4248 255 4318 junctim
270 4248 482 4315 emendationes,
496 4263 531 4304 ne
546 4247 589 4303 cui
609 4246 701 4304 lucum
714 4244 841 4312 lacerem,
857 4245 943 4301 donec
996 4244 1117 4314 Namque
1131 4242 1277 4299 Ninivitum
1291 4241 1394 4299 meritis
1408 4242 1547 4298 mandarat
1558 4242 1654 4297 Jonarn

141 4337 217 4393 aliud
237 4339 374 4410 exemplar
389 4338 598 4410 manuscriptum
615 4337 672 4393 erui
688 4335 784 4409 possit,
801 4336 874 4393 unde
889 4350 942 4392 eae·

144 4434 210 4484 tera
234 4427 363 4485 labeculae
386 4428 520 4485 eluantur.
541 4427 620 4499 Quod
642 4427 737 4484 attinet
759 4425 793 4481 ad
822 4425 941 4492 titulum,

996 4331 1108 4389 Praelari
1123 4329 1234 4389 exitium
1248 4330 1396 4401 Dominns;
1417 4329 1465 4386 sed
1480 4328 1605 4385 conscius
1619 4328 1664 4387 ille

845 4570 1095 4636 Commentarius.

186 4676 804 4754 (81)8188881888818898881188811881,
826 4691 876 4749 pro
891 4691 947 4748 quo
1002 4677 1084 4734 ducta
1109 4678 1264 4746 conjectura
1288 4676 1320 4731 P.
1344 4673 1441 4730 Pithoei
1467 4690 1474 4728 :
1500 4671 1603 4731 aceedit
1622 4673 1694 4729 enim
1712 4688 1797 4746 prope

147 4758 210 4807 erat
224 4750 252 4804 iu
266 4767 292 4807 v.
312 4768 337 4808 c.
361 4754 498 4810 etiterum
522 4753 612 4810 sentos
629 4752 741 4825 ipncre.
761 4749 948 4820 Conjecturam
1003 4750 1036 4804 ad
1050 4748 1163 4820 vestigia
1175 4748 1313 4818 scripturae
1328 4761 1356 4805 v.
1371 4761 1396 4801 o.
1411 4745 1439 4800 in
1453 4760 1507 4814 quo
1522 4763 1529 4801 :

147 4835 242 4876 meam
264 4821 405 4881 confirmat
429 4831 521 4896 aperte
544 4823 608 4879 alter
639 4822 758 4894 eiusdem
791 4817 950 4878 Tertulliani

147 4907 251 4948 uersus
266 4893 300 4949 de
316 4895 454 4966 Sodomis,
471 4895 517 4951 nbi
532 4895 571 4951 sic
586 4911 593 4952 :

232 5016 296 5067 Tota
307 5031 381 5078 rosus
398 5020 466 5081 regio
487 5027 533 5077 est,
549 5019 608 5070 hinc
622 5026 677 5069 atro
695 5019 796 5069 horrore
811 5017 909 5068 favillae.

231 5079 295 5130 lnde
311 5081 364 5131 situ
380 5095 443 5131 cano
455 5083 552 5133 cineras
568 5083 688 5132 incendia
703 5083 812 5145 signant.

1083 4895 1152 4946 Pane
1166 4891 1216 4944 alio
1231 4892 1301 4956 ignes
1316 4890 1413 4958 superis
1429 4890 1567 4940 decesserat
1578 4888 1676 4940 imbris.

1044 5022 1101 5094 (99)
1117 5021 1243 5094 testique
1256 5021 1384 5091 fuerunt.
1400 5016 1493 5072 Varias
1507 5015 1602 5086 recipit
1615 5018 1800 5087 conjectures,

1007 5093 1119 5149 dubium
1133 5093 1204 5146 enim
1216 5098 1257 5147 ost
1266 5107 1299 5146 an
1308 5097 1400 5145 auctor
1411 5088 1548 5157 scripserit
1557 5091 1689 5163 justique
1703 5092 1803 5162 torena,

159 5171 205 5229 Sic
220 5172 295 5228 enim
310 5172 397 5228 obiter
412 5174 473 5248 lego
488 5189 520 5228 ex
540 5171 663 5247 vestigiis
677 5190 703 5232 v.
720 5187 744 5230 c.
765 5171 792 5226 in
805 5186 876 5242 quo:
890 5171 955 5228 trine
1007 5163 1051 5221 vel
1075 5165 1151 5236 justi
1163 5164 1245 5234 fines,
1270 5169 1299 5216 m
1325 5166 1417 5216 censet
1440 5159 1512 5214 idem
1539 5161 1659 5217 Pithoens
1684 5178 1690 5217 :
1715 5165 1804 5213 statam

158 5242 282 5312 desitn;
297 5244 381 5317 vulgo
394 5253 435 5299 eat
450 5263 457 5300 :
479 5245 604 5317 llincque
615 5245 682 5301 situ.

192 5313 253 5385 (88)
267 5317 349 5372 Facti
371 5319 492 5374 mortem
506 5317 605 5373 muris.
634 5313 762 5387 lntelligtt
784 5329 858 5370 mara
878 5313 955 5371 blor-

156 5393 246 5454 tuum,
262 5385 298 5442 de
312 5401 367 5460 quo
381 5388 494 5458 ipsomet
508 5387 535 5442 in
550 5387 668 5443 carmine
683 5386 717 5441 de
736 5385 861 5442 Sodomis
877 5402 884 5440 ε

236 5513 369 5568 Neomare
385 5515 505 5577 viritibi,
516 5529 584 5566 mors
601 5522 640 5566 est
651 5513 737 5573 maris,
750 5512 794 5563 illa
808 5510 895 5576 quieti.

195 5604 256 5679 (89)
286 5612 360 5669 Pena
383 5610 454 5669 alios
475 5611 565 5682 ipnes.
596 5608 692 5666 Placet
713 5607 773 5666 haec
798 5601 957 5671 emendatio,

1010 5234 1115 5321 scripsi,
1129 5238 1301 5306 trunspressu
1317 5233 1415 5289 Ninive
1429 5247 1479 5304 pro
1493 5246 1546 5303 qno
1560 5247 1589 5287 v.
1600 5248 1625 5288 c.
1638 5227 1807 5301 transpressa'

1011 5309 1157 5450 mpppprpi
1172 5376 1268 5433 bonus.
1284 5373 1317 5430 V.
1333 5389 1357 5429 c.
1374 5376 1406 5429 ut
1420 5373 1494 5432 boni.

1047 5449 1106 5522 (91)
1125 5447 1214 5504 Mente
1226 5447 1405 5520 proplietam.
1421 5444 1500 5503 Forte
1514 5443 1673 5517 prophetea,
1689 5448 1718 5497 nt
1740 5457 1808 5498 con-

1010 5521 1150 5594 jungatur,
1166 5534 1228 5577 cum
1243 5533 1309 5577 voce
1322 5532 1471 5591 presapos.
