3840 6134
135 261 191 325 505
748 259 811 324 lto.
832 259 854 319 v
872 257 954 320 tol.
971 253 1173 318 MARCIONEM.
1668 310 1676 327 ,
1731 253 1785 318 506

134 389 357 455 cumerutmum
365 390 436 445 esset
444 387 689 455 transumatur
698 390 742 446 cst
751 387 919 445 circumcidi
924 407 935 458 ,·
951 399 975 479 Α
990 381 1045 439 Nec
1056 379 1127 437 enirn
1142 379 1290 436 laborasset
1304 377 1415 435 fidenas
1438 379 1499 451 lege
1519 379 1684 448 discernere.
1705 396 1787 454 quam

135 475 387 548 dshincsubJ'ungit
411 492 418 533 :
441 480 559 549 propter
581 478 830 552 superinductitios
848 478 935 549 falsos
989 471 1132 528 diversitas
1158 471 1229 526 ultro
1256 466 1345 541 ipsius
1376 469 1524 528 divinitatis
1550 471 1733 539 discrevisset,
1761 469 1786 527 si

136 566 252 639 frome,
278 563 432 636 etreliqua
456 566 614 622 :contrarii
639 565 732 638 utique
757 566 819 624 tacti
842 565 935 635 incipit
990 561 1097 620 fuisset.
1134 560 1228 618 Merito
1264 575 1319 616 non
1345 559 1525 618 reedificatus
1557 578 1618 635 qua
1646 561 1786 619 destruxit.

137 653 248 710 reddere
261 651 408 722 rationem,
427 653 573 710 ostendens
598 663 709 728 propter
732 655 797 727 quid
821 654 935 721 iecerit3
990 652 1097 709 Destrui
1111 661 1200 708 autem
1216 650 1268 706 Les
1282 649 1386 720 habuit,
1401 666 1434 706 ex
1448 666 1502 723 quo
1517 665 1569 707 vox
1592 651 1704 708 loannis
1726 652 1784 709 cla-

139 738 276 815 quod'nec
290 739 408 808 fecisset,
433 756 485 798 nec
503 743 674 812 ostendisset,
690 743 722 814 'ssi
736 744 801 800 illud
825 750 938 815 propter
990 740 1074 797 mavit
1086 741 1163 813 (Luc.
1183 741 1226 812 ιιι)
1240 739 1267 795 ιι
1282 755 1374 797 eremo
1389 757 1396 795 ε
1412 742 1517 796 Parate
1535 741 1595 797 cius
1610 743 1743 810 Domani,·
1757 749 1788 798 ut

139 831 207 906 qnod
236 830 311 899 iecit,
331 843 387 886 nou
406 829 555 888 accidisset.
584 831 717 903 Denique,
739 832 814 890 dicas
842 831 935 897 velim,
990 827 1150 887 hereutrioi
1163 829 1788 902 cteotlesctmontesrsplctisthumilmti,et

138 918 384 980 sisubintroissent
406 919 466 975 falsi
493 919 532 975 illi
556 918 652 976 iratres
681 920 715 977 cd
743 919 936 993 speculandam
991 921 1265 992 tortuosoetospero
1278 922 1310 976 in
1324 920 1528 977 rectitudinem
1541 919 1612 976 etin
1626 918 1788 992 conpositi
1881 910 1887 921 '

137 1009 289 1067 libertatem
312 1023 416 1074 eorum,
432 1007 576 1067 cessissent
597 1009 782 1080 subjectioni?
805 1025 859 1066 non
874 1009 936 1082 opi·
989 1015 1040 1075 est,
1055 1007 1136 1081 Legis
1158 1007 1331 1064 difficultates
1351 1009 1380 1063 in
1394 1006 1535 1082 Evangelii
1560 1007 1711 1064 facilitates.
1728 1009 1788 1063 bie-

136 1115 193 1159 rtor.
208 1099 283 1174 Ergo
297 1106 448 1168 cesserunt,
471 1098 535 1170 quia
556 1097 667 1156 luerunt
688 1099 711 1138 ¹³
737 1107 848 1173 propter
867 1112 937 1171 quos
988 1094 1104 1152 minemt
1114 1097 1170 1166 jam
1184 1102 1210 1152 et
1224 1095 1323 1152 Psalmi
1338 1095 1382 1169 (ιι)
1397 1112 1458 1153 esse
1472 1104 1581 1168 tempus
1595 1113 1603 1152 ι
1619 1097 1787 1168 disrumpu-

136 1189 286 1254 osderetur,
302 1187 355 1243 hoc
379 1187 452 1243 enirn
479 1185 540 1242 rudi
566 1186 629 1244 fidei
659 1194 686 1244 et
708 1187 796 1244 adhuc
818 1185 936 1259 detegis
989 1201 1053 1242 mur
1065 1201 1083 1242 ι
1097 1184 1176 1243 nobis
1189 1187 1307 1244 uincula
1324 1202 1432 1254 corum,
1452 1191 1479 1244 et
1494 1186 1663 1257 abiiciamus
1677 1203 1695 1241 c
1708 1186 1788 1243 nobis

136 1277 321 1334 observatione
333 1289 474 1346 suspensae
484 1276 661 1345 competebat,
669 1274 729 1347 ipso
738 1291 845 1348 quoque
853 1277 937 1346 hpos·
985 1274 1090 1347 juqum
1101 1275 1246 1350 ipsorum:
1256 1275 1299 1331 lix
1307 1290 1361 1346 quo
1373 1276 1562 1333 tumultuatae
1570 1280 1639 1332 sunt
1646 1277 1788 1348 pertenet

135 1365 200 1431 ιιιο,
214 1381 253 1422 nc
272 1365 444 1422 innocuum
464 1364 641 1422 cucurrisset
655 1367 708 1423 cut
729 1369 869 1432 curreret,
886 1380 936 1421 su·
985 1363 1086 1436 populi
1094 1364 1227 1421 meditati
1236 1368 1304 1422 runt
1316 1365 1592 1431 mastaurensium
1601 1379 1678 1437 repes
1690 1370 1787 1431 terrae,

132 1461 239 1525 specto.
268 1452 361 1522 Itaque
388 1451 534 1508 frustrandi
563 1461 640 1509 eraut
662 1452 721 1510 falsi
744 1453 851 1521 iratres,
871 1469 935 1524 spe·
988 1453 1219 1524 unaquoque
1236 1456 1397 1527 conpreqoti
1410 1457 1480 1512 suut
1496 1454 1633 1511 inunum
1652 1453 1788 1509 aduersus

129 1540 256 1599 calantes
281 1539 437 1597 libertatern
465 1539 647 1611 christianam,
668 1557 703 1599 ne
729 1549 791 1600 ante
819 1558 878 1599 eum
907 1543 935 1597 in
989 1541 1142 1597 Dominum
1154 1545 1183 1598 et
1196 1540 1328 1600 aduersus
1349 1544 1491 1600 Christum
1506 1541 1616 1614 ipsium
1635 1547 1666 1596 ut
1683 1541 1740 1609 jam
1754 1556 1788 1596 ex

130 1629 293 1687 servitutem
305 1627 471 1685 abducerent
483 1627 621 1699 jndaismi,
637 1647 719 1703 quam
742 1631 840 1687 Paulus
855 1629 936 1688 sciret
990 1624 1053 1682 fidei
1063 1627 1185 1685 libertate
1192 1629 1359 1700 justificetur
1367 1633 1557 1698 homomoner
1565 1630 1634 1705 logis
1644 1629 1786 1685 servitute:

126 1734 163 1777 se
190 1733 247 1774 non
274 1716 303 1773 in
331 1731 443 1772 vacuum
471 1717 633 1786 cucurrisse,
654 1736 735 1791 quam
759 1720 886 1777 dexteras
910 1717 936 1775 ei
953 1692 976 1771 Β
994 1716 1065 1786 Quia
1073 1719 1173 1788 justus
1182 1734 1218 1775 ec
1227 1719 1281 1789 fide
1295 1721 1365 1776 uiuit
1378 1719 1469 1791 (debr.
1479 1735 1510 1786 x,
1525 1720 1582 1791 38).
1593 1716 1673 1786 Quod
1687 1718 1709 1772 si
1724 1732 1788 1789 pro-

128 1806 234 1864 darem
245 1815 437 1873 successores,
452 1821 533 1877 qnam
554 1820 586 1862 ex
610 1823 693 1863 censu
717 1822 812 1865 eorum
834 1808 861 1863 ιι
883 1822 934 1862 ns·
991 1804 1086 1876 phetes
1108 1805 1234 1863 Habacuc
1247 1805 1290 1879 (rr,
1305 1805 1333 1878 t)
1357 1805 1555 1877 praenuntiavit,
1570 1806 1656 1862 babes
1670 1813 1698 1860 et
1720 1821 1790 1877 apo·
1869 1877 1871 1883 Ι

136 1894 232 1950 dones
244 1893 403 1966 predicandi
414 1909 514 1950 munus
529 1894 630 1951 subiret
641 1895 674 1950 ¹⁸.
686 1895 845 1953 Necessario
856 1894 938 1967 igitur
991 1895 1090 1950 stolum
1112 1897 1259 1966 Prophetas
1278 1894 1491 1963 confirmantem,
1516 1893 1586 1950 sicut
1604 1903 1633 1949 et
1655 1894 1787 1949 Christus.

138 1984 227 2039 cessit
244 1981 278 2038 ad
293 1990 404 2054 tempus.
420 1982 465 2039 Sic
488 1982 511 2038 ei
536 1982 603 2038 ratio
628 1991 741 2049 constat,
765 1985 937 2040 Timotheum
990 1981 1056 2052 Ejus
1071 1999 1138 2054 ergo
1152 1983 1201 2039 Dei
1215 1984 1266 2040 erit
1280 1982 1350 2040 fides
1367 1983 1396 2038 in
1410 1998 1465 2055 qua
1487 1981 1557 2040 rivet
1578 1982 1685 2052 justus3
1711 1982 1789 2051 cujus

127 2069 362 2159 qircumcidendi,
377 2077 404 2124 ot
427 2085 503 2126 rasos
531 2070 720 2128 introducendi
742 2072 769 2129 in
794 2072 934 2144 templum,
990 2076 1018 2126 et
1031 2069 1084 2139 les,
1100 2070 1128 2128 iu
1151 2088 1206 2143 qua
1227 2088 1282 2128 non
1298 2071 1464 2143 justificatur
1486 2069 1634 2144 operarius.
1661 2068 1788 2140 Proinde,

126 2174 196 2232 qua
221 2157 250 2213 in
279 2158 510 2231 heliotropii)
539 2160 692 2230 edicuntur,
717 2161 786 2217 adeo
811 2176 884 2226 sera,
905 2168 937 2218 ιι
990 2156 1014 2213 si
1028 2157 1056 2214 in
1071 2159 1130 2230 lege
1157 2159 1310 2217 maledictio
1325 2170 1377 2232 est,
1402 2161 1501 2217 iulide
1523 2175 1588 2218 vero
1611 2157 1787 2223 benedictio;

127 2246 266 2316 Apostolo
289 2255 439 2303 consonent
463 2247 595 2319 profitenti
617 2249 644 2321 (l
657 2251 718 2307 Cor.
735 2265 775 2316 rx,
791 2249 837 2322 20)
855 2267 861 2307 :
879 2252 933 2306 i'a·
992 2255 1137 2318 utrumque
1150 2249 1236 2306 babes
1251 2250 1419 2320 propositum
1434 2248 1506 2320 apud
1525 2248 1680 2305 Creatorem
1697 2264 1704 2304 ε
1721 2250 1790 2304 Ecce

132 2338 211 2394 ctum
223 2335 369 2392 acladoeis
378 2336 559 2407 judeumut
574 2338 684 2396 tudoeos
701 2339 894 2411 lucrifaceret,
906 2345 936 2396 et
989 2341 1082 2411 posui,
1094 2338 1180 2411 inquit
1195 2340 1204 2411 (
1220 2343 1301 2397 deut.
1313 2356 1351 2409 ιι,
1363 2342 1419 2412 26),
1435 2345 1504 2397 onte
1516 2343 1543 2395 tc
1557 2337 1790 2395 maledictionem

141 2423 188 2483 sub
200 2425 264 2496 leqc
273 2427 413 2494 mentem,
420 2428 537 2498 propter
550 2429 652 2500 eosqui
662 2426 713 2483 sub
722 2429 790 2498 Leqc
800 2432 935 2499 sperent:
990 2431 1020 2484 et
1033 2427 1264 2486 benedictionem.
1279 2430 1339 2486 Non
1361 2437 1450 2500 potest
1462 2427 1617 2484 distantiam
1635 2425 1770 2482 vindicare
1782 2443 1790 2494 ;

149 2512 218 2567 sicet
229 2519 342 2582 propter
364 2512 604 2583 superinductitios
629 2515 653 2553 ¹⁹
671 2513 744 2577 illos,
762 2525 789 2572 et
811 2515 937 2571 omnibus
990 2531 1051 2586 ιιι
1065 2517 1115 2571 etsi
1129 2531 1222 2572 rerum
1236 2524 1287 2583 est,
1303 2533 1356 2573 uon
1370 2516 1434 2573 ideo
1448 2525 1609 2583 auctorum;
1631 2513 1717 2572 4Ὶῦ
1729 2530 1790 2586 quae

158 2598 281 2655 uerissime
303 2600 395 2655 omnia
417 2599 526 2667 iactum,
551 2600 636 2658 474
651 2610 681 2658 ιι
703 2618 795 2659 omnes
818 2604 938 2660 lucrare·
992 2605 1026 2660 ab
1056 2620 1110 2662 uuo
1139 2614 1252 2664 auctore
1281 2606 1450 2680 proponitur.
1466 2606 1521 2662 Cur
1548 2614 1640 2661 autem
1668 2604 1791 2660 Christus

162 2694 200 2741 ιιι.
215 2687 241 2744 si
262 2689 320 2745 bec
345 2704 454 2761 quoque
476 2690 586 2764 intelligi
611 2707 644 2746 ex
667 2693 720 2748 hoc
741 2692 889 2763 postulant,
910 2691 938 2747 id
992 2693 1126 2752 lactuosit
1146 2696 1288 2765 pronubis
1304 2695 1468 2767 maledictio,
1492 2695 1550 2765 ipso
1569 2691 1701 2764 Apostolo
1725 2694 1791 2748 edo-

165 2789 245 2848 qcoque
264 2791 343 2832 nemo
364 2777 496 2834 dubitarit
526 2779 561 2847 ²⁰,
577 2780 636 2849 ejus
650 2780 701 2837 Dei
714 2790 741 2837 et
754 2780 853 2836 Christi
868 2795 938 2851 prae·
992 2790 1070 2839 cente
1096 2784 1270 2840 manifestum
1298 2793 1349 2851 est,
1379 2799 1460 2855 quam
1486 2782 1628 2840 nobiscum
1656 2779 1746 2844 iaciat,
1762 2780 1790 2835 id

167 2861 287 2919 liutomm
314 2864 438 2931 Paulum,
463 2867 542 2935 cujus
568 2867 671 2942 legem,
698 2869 823 2939 quamuis
845 2868 937 2925 exclu·
993 2869 1045 2939 est,
1066 2871 1212 2928 secuudum
1236 2872 1317 2928 fidem
1340 2871 1483 2929 Creatoris.
1508 2871 1603 2944 Neque
1626 2869 1699 2925 enim
1727 2868 1792 2941 quia

167 2949 220 3017 tens,
245 2952 353 3008 interim
382 2960 470 3009 tamen
499 2971 548 3025 pro
578 2957 747 3027 temporibus
777 2957 936 3022 admiserat,
953 2956 1098 3050 cCrcator
1126 2961 1308 3031 pronuntiavit
1332 2979 1338 3016 :
1365 2961 1635 3019 Maledictusomnis
1654 2961 1687 3016 iu
1713 2961 1791 3030 liquo

167 3039 232 3094 subn
261 3040 440 3097 amoliendam
476 3041 499 3097 si
527 3058 625 3100 novum
661 3044 742 3100 deum
769 3045 935 3114 protulisset.
990 3048 1498 3120 suspensur,ideovidebituralterius
1514 3049 1791 3113 DelasserristuS,

168 3125 218 3182 bene
230 3127 309 3203 igitur
323 3129 394 3201 quod
409 3137 436 3184 et
451 3129 575 3186 dexteras
599 3132 682 3188 Paulo
697 3134 830 3188 dederunt
843 3134 938 3189 Petrus
991 3143 1018 3192 et
1035 3134 1136 3192 idcirco
1151 3152 1166 3190 a
1180 3134 1307 3191 Creatore
1324 3136 1380 3205 jum
1396 3143 1461 3193 tunc
1480 3136 1506 3190 in
1528 3137 1589 3208 lege
1616 3136 1789 3194 maledictus.

167 3221 186 3268 et
200 3216 306 3275 tamone
328 3227 354 3275 et
375 3220 511 3284 ioannes3
536 3230 563 3276 ct
578 3220 612 3276 de
640 3219 722 3278 officii
749 3221 936 3278 distributione
990 3224 1023 3280 Et
1045 3225 1181 3296 quomodo
1210 3224 1452 3297 praemalediaisset
1479 3240 1542 3280 eum
1569 3225 1690 3291 Creator,
1710 3240 1792 3294 quem

167 3304 313 3379 mouerunt,
328 3314 359 3363 ut
373 3308 473 3364 Paulus
488 3308 516 3363 io
530 3309 665 3376 nationes,
683 3310 722 3367 illi
743 3310 772 3365 in
791 3310 937 3368 circumci·
990 3313 1120 3386 ignorati
1135 3314 1189 3371 Cur
1207 3324 1365 3371 autemnon
1387 3313 1475 3385 magis
1499 3318 1636 3385 competat
1660 3311 1791 3378 Creatori,

166 3391 265 3466 tionem
285 3403 390 3452 tantum
412 3406 442 3453 ut
459 3398 643 3456 meminissent
664 3415 821 3472 egenorum,
838 3409 864 3457 et
887 3401 939 3456 boc
991 3401 1088 3459 Filium
1116 3418 1195 3459 suum
1222 3402 1329 3459 dedisse
1352 3400 1534 3458 maledictioni
1557 3417 1625 3467 suae,
1640 3415 1723 3472 quam
1751 3399 1792 3455 illi

166 3484 289 3539 secundum
317 3484 408 3554 legem
434 3485 579 3557 Creatoris,
617 3502 749 3559 pauperes
784 3494 811 3544 et
837 3503 939 3561 egenos
991 3490 1049 3546 Deo
1078 3497 1124 3547 tuo
1156 3490 1310 3547 subdidisse
1335 3489 1529 3555 maledictioni,
1553 3495 1581 3545 et
1606 3487 1715 3559 quidem
1743 3502 1792 3557 pro

165 3565 267 3641 toronis,
281 3573 353 3629 siem
372 3573 399 3628 in
419 3573 557 3647 Evangelii
566 3571 653 3630 ‘vestri
672 3581 816 3632 retractatu
841 3577 939 3646 proba·
993 3577 1102 3634 bomine
1125 3578 1380 3651 alieno‘lileniquc,
1405 3578 1430 3634 si
1453 3584 1532 3634 atrox
1556 3576 1662 3632 videtur
1685 3576 1737 3632 hoc
1765 3575 1794 3631 iu

167 3662 207 3713 ιιιι
219 3671 265 3718 est.
280 3662 359 3718 oreo
378 3670 483 3719 constat
498 3665 530 3720 de
548 3663 618 3736 lege
632 3664 689 3720 sola
703 3664 786 3721 tuisse
807 3665 939 3736 quaestio-
993 3667 1119 3724 Creatore
1143 3669 1215 3724 circa
1238 3668 1345 3733 Filium,
1369 3664 1482 3741 proinde
1497 3673 1542 3721 tuo
1556 3664 1585 3720 in
1603 3663 1669 3721 Deo.
1683 3661 1712 3718 Si
1727 3675 1793 3717 vero

167 3760 221 3814 oen,
233 3748 294 3806 dum
320 3749 469 3808 ostenditur
488 3751 601 3823 quidex
624 3751 695 3826 Lege
718 3753 847 3810 custodiri
870 3769 940 3810 coo·
993 3756 1125 3813 rationale
1148 3766 1175 3813 ct
1188 3756 1218 3812 iu
1233 3765 1289 3823 tuo,
1306 3755 1418 3826 proinde
1433 3763 1461 3811 et
1473 3753 1501 3810 in
1515 3769 1587 3824 meo,
1603 3760 1630 3809 et
1652 3749 1742 3823 magis
1765 3748 1795 3805 in

166 3838 257 3894 remrit.
279 3839 332 3895 Sed
348 3839 528 3912 reprehendit
550 3843 679 3907 Petrum,
695 3856 754 3898 non
781 3845 858 3902 recto
870 3843 940 3915 pede
993 3858 1065 3900 nrco.
1078 3844 1208 3922 ‘Facilius
1230 3845 1303 3900 euim
1322 3844 1456 3911 credetur,
1483 3846 1544 3914 ejus
1568 3857 1630 3899 esse
1657 3856 1707 3912 per
1731 3853 1794 3894 ma-

168 3920 321 3983 indacum
341 3927 382 3999 (8)
405 3927 440 3985 ud
454 3930 600 3999 Euurrqelii
614 3931 771 3986 ueritatem.
794 3930 874 3985 Plane
895 3947 940 3987 re·
1002 3933 1164 3990 edictionem
1186 3933 1285 3990 Christi
1307 3933 1524 3991 benedictionem
1545 3929 1720 4004 prospexisse
1742 3929 1795 3984 lm·

169 4009 302 4084 nubendit3
319 4030 376 4072 non
389 4017 425 4071 ob
440 4015 510 4072 aliud
526 4025 623 4082 tamen,
638 4019 760 4090 quomod
777 4021 940 4077 inconston·
995 4021 1070 4088 mini,
1086 4023 1133 4094 qui
1160 4029 1187 4078 et
1215 4022 1432 4079 maledictionem
1462 4021 1608 4093 aliquando
1626 4027 1653 4075 et
1684 4015 1797 4075 benedi·

169 4099 225 4156 tium
237 4105 332 4171 uictus,
348 4121 428 4179 quem
443 4121 491 4176 pro
508 4121 682 4175 personarum
703 4108 832 4180 qualitate
848 4110 941 4164 uaria·
996 4111 1112 4167 ctionem
1128 4111 1299 4183 proposuerit
1317 4121 1378 4167 ante
1392 4111 1539 4175 bominem,
1559 4125 1642 4181 quam
1657 4108 1703 4179 qui
1721 4122 1795 4162 neu-

169 4186 209 4256 bat,
223 4193 320 4251 timens
335 4196 440 4268 eosqui
454 4200 537 4251 erant
547 4197 823 4265 eccircumcisione;
839 4213 893 4253 non
908 4199 943 4253 ob
997 4208 1069 4256 trum
1083 4214 1202 4270 unquam
1218 4200 1252 4255 sit
1266 4200 1336 4272 apud
1352 4209 1376 4255 te
1390 4198 1540 4270 protessus.
1561 4197 1724 4267 Accepimus
1738 4194 1794 4264 iqi-

170 4275 263 4350 tliqoan
277 4283 426 4340 divinitatis
440 4284 654 4353 perversitatem,
670 4285 705 4340 de
719 4301 774 4357 qua
794 4295 822 4342 et
843 4286 942 4343 allisio
959 4254 981 4332 ὓ
999 4292 1047 4346 tur
1060 4285 1281 4346 benedictionem
1293 4284 1454 4358 spiritalem
1470 4301 1523 4358 pcr
1541 4284 1637 4355 fidem,
1652 4279 1748 4352 inquit,
1763 4294 1797 4336 ex

171 4362 243 4424 tuden
259 4371 410 4436 coemisset,
440 4372 486 4444 qui
508 4372 542 4428 dc
569 4373 675 4430 minore
699 4389 780 4430 causa
804 4388 948 4431 conversa·
1000 4392 1056 4452 qua
1070 4375 1170 4433 scilicet
1191 4375 1264 4432 viret
1283 4375 1373 4444 iustus
1394 4374 1541 4430 secundum
1555 4373 1720 4428 Creatorem.
1740 4367 1797 4424 Hoc

171 4451 234 4512 iouis
248 4461 384 4535 ambiguae
406 4461 484 4517 Petro
504 4461 556 4532 ipsi
570 4476 624 4519 uon
644 4463 773 4534 pepercit.
798 4462 854 4519 Sed
874 4478 945 4536 quo·
1000 4477 1041 4523 est
1054 4481 1120 4537 ergo
1134 4464 1205 4536 qood
1220 4462 1292 4528 dico,
1318 4463 1378 4530 eius
1400 4460 1451 4517 Dei
1465 4460 1544 4516 idem
1559 4474 1630 4529 esse,
1656 4459 1734 4528 cujus
1756 4461 1798 4512 est

171 4544 234 4602 modo
252 4549 416 4607 llarcionitae
439 4550 532 4606 volunt
554 4551 650 4607 credit
674 4552 714 4607 lle
733 4554 831 4610 caetero
850 4561 947 4628 pergat
1000 4555 1086 4611 torma
1109 4553 1201 4625 gratiae
1229 4550 1303 4608 fidei.
1327 4550 1427 4607 Sedet
1449 4565 1511 4605 cum
1538 4546 1632 4618 adjicit
1656 4564 1663 4605 :
1698 4546 1797 4602 Omnes

170 4632 306 4704 inmotos,
322 4653 428 4710 negans
442 4655 478 4695 cc
492 4641 621 4713 operibus
631 4641 708 4712 Lupis
717 4642 880 4713 justificari
893 4643 946 4699 tto·
998 4645 1075 4700 enim
1089 4644 1146 4714 filii
1159 4644 1224 4700 estis
1236 4639 1313 4712 fider,
1329 4638 1478 4696 ostenditur
1493 4636 1559 4710 quid
1574 4650 1656 4706 supra
1671 4632 1798 4711 haeretica

170 4723 366 4794 nicensium
375 4725 442 4798 fide,
454 4729 575 4798 ejusdcm
589 4729 944 4801 tamenllei,cujuseti.ex.
997 4730 1132 4788 industria
1146 4729 1278 4798 eraserit;
1299 4727 1466 4785 mentionem
1489 4726 1591 4784 seilicet
1611 4722 1726 4779 Abrabae
1745 4721 1755 4791 (
1775 4720 1796 4792 ),

827 4873 925 4938 Varia
959 4877 1115 4938 lectiones.

196 4970 216 5009 ¹³
227 4972 409 5033 Cessissentne
427 4975 609 5047 subjectioni?
628 4975 651 5033 0
671 4977 741 5035 inor.
759 4980 816 5053 ligo
832 4989 979 5047 cesserant,
994 4981 1174 5052 quialuerant
1187 4978 1247 5036 cod.
1274 4977 1375 5038 Wortw.
1395 4975 1419 5015 ¹⁰
1434 4974 1528 5032 Obiret
1543 4975 1605 5032 Cot.
1626 4970 1650 5013 ¹⁹
1666 4968 1798 5042 Superin·

167 5037 246 5103 ducos
259 5048 347 5107 llbcn.
365 5049 450 5106 Semi.
474 5048 585 5106 Obcrth.
601 5048 627 5088 ²⁰
640 4995 780 5108 dubitabit
793 5052 882 5110 Rhea.
908 5054 995 5111 Semi.
1013 5052 1123 5111 contu.

107 5214 110 5271 q
847 5174 1095 5240 Commentarius.

107 5284 109 5293 '
193 5272 228 5347 (⁸)
242 5278 293 5336 Sed
306 5278 491 5351 reprehendit
504 5281 621 5336 Petrum
636 5285 780 5339 nonrecto
792 5282 948 5354 pedet'nce-
1002 5280 1174 5355 iiiopoinocrs
1189 5276 1447 5353 pstirbv,tpdnpoo
1461 5277 1547 5348 Πέτρῳ
1559 5275 1666 5344 τυχόντα
1677 5278 1714 5354 sija
1728 5271 1802 5354 dnos·

162 5342 275 5405 dentem.
290 5350 320 5406 In
338 5351 434 5406 Gracco
453 5360 495 5406 est
516 5350 707 5423 ipdcrrbdostm.
733 5352 883 5410 Notandum
906 5362 948 5410 ta·
1001 5355 1086 5428 τόλῳ·
1104 5373 1117 5405 u
1134 5353 1223 5408 Unum
1237 5351 1323 5407 foisse
1338 5349 1420 5406 aiter
1434 5357 1494 5418 sept
1550 5343 1799 5417 'ntadiscrpnlrsB.

162 5431 216 5474 nen
229 5419 257 5474 in
270 5419 317 5476 illa
331 5421 549 5493 reprehensione,
565 5420 593 5476 id
630 5422 684 5478 uod
701 5423 781 5479 babet
802 5424 947 5492 Eusebius,
1001 5428 1081 5484 Petro
1096 5423 1218 5497 apostolo
1232 5421 1430 5492 cognominem.
1447 5439 1460 5472 ι
1477 5420 1516 5476 Cn
1551 5434 1579 5476 a.

161 5489 221 5547 dur.
245 5491 293 5547 lib.
309 5507 369 5564 cap.
387 5495 430 5557 ta,
453 5492 499 5549 ubi
513 5492 595 5550 alium
611 5439 707 5549 ‘ddisse
730 5493 849 5564 Cepbam
869 5493 892 5551 'a
915 5497 945 5552 B.
1036 5497 1077 5570 (ιι)
1090 5495 1161 5566 Quid
1169 5510 1257 5567 supro
1266 5494 1401 5551 haeretico
1414 5492 1561 5572 industrio
1574 5485 1704 5567 eraserit.
1721 5497 1800 5539 men·

160 5558 242 5635 euro,
266 5564 549 5622 sacracramenta
566 5562 655 5622 ιἜια
672 5563 729 5638 quel
749 5565 872 5639 γεγονέναι
899 5573 947 5622 τῶν
1002 5570 1109 5629 tionem
1134 5567 1244 5624 tdt'tt'dtt
1263 5563 1391 5623 Adraltae.
1410 5561 1569 5620 submdrcat
1589 5568 1703 5614 οιιειιιθ
1725 5551 1799 5612 llar-
