3840 6134
157 265 225 328 tots
492 260 717 323 retroactam
736 259 868 322 ovsnoti
887 258 1210 325 1111611-6661116
1229 260 1265 323 It.
1286 261 1446 324 scutula
1734 265 1806 328 ists

154 401 182 455 et
197 393 422 466 litcsjejciiotis,
437 390 585 449 etcoeditir
597 390 700 464 pupae
714 407 725 444 .·
738 404 795 446 666
813 389 955 460 16161616·
971 401 994 482 ss
1012 386 1054 444 dis
1073 387 1107 459 ³³,
1123 395 1150 446 et
1167 389 1203 446 ad
1225 389 1347 463 singutas
1373 389 1456 446 horas
1478 386 1628 446 salutandis
1648 389 1673 429 ³³
1693 390 1805 450 adulan-

153 486 236 540 retum
250 497 298 555 epe
310 480 450 554 eripe-sau
464 479 543 552 quate
556 480 676 551 subjecit
689 485 715 535 et
724 477 891 548 subjiciendo
901 492 954 534 non
1010 484 1054 534 tur
1076 478 1138 550 (61,
1160 478 1326 535 curationem
1349 479 1438 536 facere
1464 476 1598 534 dicantur.
1620 477 1675 536 Sed
1697 486 1725 537 et
1745 496 1805 538 om·

153 571 276 641 abstulit,
294 571 343 627 sed
372 566 553 627 confirmavit.
568 568 639 625 Nam
666 567 717 625 etsi
745 567 846 624 mavult
870 582 955 637 opera
1008 583 1070 625 nem
1092 570 1288 642 rmriuupo'maiu
1310 567 1411 625 ethnici
1431 574 1592 641 agnoscunt.
1618 568 1686 625 Cum
1715 581 1805 643 stupet

149 660 273 732 iustitia,
289 674 345 715 non
371 666 460 714 minen
481 658 540 713 sine
554 655 707 727 sacrifici03
724 656 798 730 quod
811 663 854 712 est
866 655 956 712 anima
1008 656 1109 714 eoetuin
1127 666 1156 715 et
1170 667 1228 716 aret
1242 656 1733 730 annus,nudipedatiadenuntiantur,
1747 674 1804 717 ma-

152 748 306 808 couffietata
319 747 442 817 jejuniis.
1008 748 1136 820 gistratus
1158 765 1292 822 purpuras
1316 757 1436 822 ponunt,
1457 747 1546 804 fasces
1570 756 1645 805 retro
1666 756 1802 820 avertunt,

452 835 567 892 CAPUT
587 834 661 890 XVt.
1008 852 1118 907 precem
1128 837 1280 913 indigitant,
1289 837 1406 896 hostiam
1416 837 1575 896 instaurant.
1585 837 1664 908 apud
1674 837 1804 909 quasdam

188 928 236 984 llta
263 934 336 984 certe
364 927 446 992 Deus,
477 925 524 998 qui
548 940 598 981 nec
624 923 744 996 populus
782 921 954 981 incontinens
1007 941 1071 983 vero
1084 927 1204 983 colonias
1228 936 1359 999 praeterea
1376 940 1469 982 annuo
1488 926 1541 982 ritu
1555 925 1642 983 saccis
1664 927 1760 994 vetati,
1776 936 1803 986 ct

154 1019 226 1091 gutia
239 1015 329 1074 9111
349 1015 460 1088 placuit,
480 1029 530 1071 nec
555 1015 692 1086 sacerdos,
720 1028 771 1070 nec
794 1013 951 1085 prophetes.
1006 1013 1096 1071 cinere
1108 1017 1249 1088 conspersi
1263 1017 1320 1088 (63)
1341 1017 1424 1074 166116
1445 1014 1504 1072 6616
1517 1013 1634 1071 inediam
1648 1015 1675 1055 ³⁶
1700 1017 1803 1089 suppti-

153 1106 263 1162 tfanent
287 1104 376 1161 adhuc
395 1110 569 1161 monumenta
587 1101 821 1174 concupiscentie,
845 1100 954 1158 611166-
1006 1118 1064 1161 cem
1079 1104 1220 1178 objiciunt,
1243 1105 1339 1163 balnea
1360 1113 1387 1161 et
1410 1104 1582 1162 tabernacula
1604 1105 1628 1144 ³³
1652 1107 1681 1162 in
1705 1121 1803 1163 nonam

153 1197 246 1269 puttus
273 1202 314 1250 est
337 1194 454 1266 populus
486 1193 577 1250 cernis
606 1191 776 1250 avidissimus
804 1207 889 1264 usque
917 1191 952 1246 66
1006 1206 1092 1264 usque
1107 1193 1260 1250 eluduntur.
1280 1193 1524 1266 Unusinpublicn
1545 1192 1618 1265 ignis
1640 1195 1716 1267 apud
1732 1211 1802 1264 aras,

153 1286 290 1341 choleram
307 1294 505 1357 ortygometras
537 1283 563 1322 ²³
588 1283 750 1340 cruditando
772 1281 807 1337 2⁹.
836 1281 953 1337 Etiditur
1006 1297 1082 1354 aquae
1102 1297 1154 1340 nec
1176 1283 1206 1339 in
1230 1283 1361 1353 lancibus,
1384 1281 1561 1340 Niniviticum
1576 1282 1601 1322 ³³
1620 1283 1704 1340 credo
1723 1285 1803 1356 justi·

152 1389 203 1446 pro
233 1373 327 1446 templi
355 1373 464 1431 foribus
493 1373 586 1430 senior
599 1372 678 1442 lteti;
694 1371 742 1428 tilii
768 1373 828 1443 ejus
849 1371 877 1426 in
891 1372 951 1428 acio
1005 1370 1083 1427 tium.
1098 1372 1238 1429 ludoicum
1260 1379 1335 1429 certe
1358 1370 1494 1444 jejunium
1508 1372 1610 1445 ubique
1637 1374 1800 1446 celebratur,

152 1470 249 1533 ruunt,
268 1479 352 1519 nurus
365 1461 523 1535 exspiratin
537 1471 625 1535 partu.
642 1464 715 1519 itanc
732 1461 806 1519 eninr
820 1470 954 1518 meruerat
1003 1477 1066 1518 cnm
1098 1460 1208 1518 omissis
1232 1463 1341 1533 templis
1368 1477 1418 1534 per
1441 1476 1522 1518 omne
1543 1461 1618 1518 littus
1638 1477 1801 1536 quocunque

152 1553 208 1607 a³⁰
225 1555 282 1609 Deo
306 1553 417 1630 plagam
443 1556 541 1610 domus
573 1554 728 1624 impudens,
757 1550 949 1609 sacrificiorum
1003 1549 1031 1603 in
1044 1557 1138 1620 aperto
1155 1550 1299 1624 aliqnando
1312 1552 1371 1622 jain
1385 1566 1496 1623 precem
1514 1554 1558 1622 66,
1569 1550 1667 1608 coelnni
1684 1552 1799 1625 mittunt,

151 1640 298 1697 carnalium
327 1641 520 1698 defraudatrix.
556 1641 676 1707 sameas,
706 1641 789 1696 hoino
809 1639 858 1695 Dei
879 1639 948 1713 (66),
1001 1638 1191 1696 etlicetcuttu
1205 1646 1234 1696 et
1260 1637 1453 1697 9116111616
1470 1640 1591 1697 maeroris
1607 1656 1709 1698 munus
1728 1640 1824 1698 infa··

151 1746 212 1788 oum
237 1731 337 1788 exitum
367 1732 554 1802 prophetasset
576 1728 735 1785 1661616616
757 1727 949 1785 introductae
1001 1735 1086 1795 ment,
1106 1727 1289 1785 tamenfidem
1310 1728 1482 1787 abstinentiae
1511 1728 1657 1797 adfectant,
1673 1739 1703 1786 et
1719 1731 1800 1788 6161116

151 1835 217 1892 rege
232 1819 406 1882 Hieroboam,
429 1826 492 1889 post
507 1834 615 1873 manuni
635 1817 695 1887 eius
708 1816 781 1890 regis
794 1814 944 1884 arefactam,
962 1799 985 1876 Β
1000 1820 1189 1876 auctoritatem
1210 1817 1377 1875 demorantis
1397 1816 1534 1889 suspirant
1550 1817 1620 1888 (66).
1640 1816 1697 1874 &d
1719 1819 1798 1886 bene,

151 1915 179 1964 et
196 1906 285 1962 statim
299 1905 460 1970 restitutam,
482 1913 547 1978 post
574 1907 658 1963 altare
676 1905 809 1964 diflusum
826 1905 849 1944 ³¹
876 1905 948 1978 (61),
1002 1909 1075 1982 quod
1096 1909 1122 1949 ³³
1144 1907 1172 1964 in
1186 1907 1286 1964 nostris
1308 1907 1485 1979 xerophagiis
1506 1907 1690 1978 blasphemias
1720 1908 1798 1983 inge·

151 1994 188 2051 ob
216 1995 274 2049 haec
303 1993 391 2066 signa,
406 2002 434 2050 et
454 1993 635 2052 satisfactione
654 1995 679 2033 ³³
700 1995 948 2069 invitatusarege,
1000 2013 1075 2058 rens.
1090 1997 1170 2054 Casto
1191 1996 1438 2069 IsidisetCybeles
1456 1995 1643 2068 easadaeqnas
1660 1996 1798 2070 (66).16·

153 2083 235 2156 plene
248 2082 392 2140 excusavit.
412 2084 568 2141 Prohibitus
582 2085 654 2141 enim
676 2101 692 2139 6
711 2085 768 2142 Deo
782 2084 879 2156 fuerat,
895 2085 950 2143 illic
1001 2087 1079 2143 mitto
1112 2083 1321 2143 testimonialem
1357 2084 1597 2156 comparutionem.
1629 2085 1701 2143 Einc
1730 2086 1796 2141 divi·

151 2170 245 2228 cibum
260 2171 288 2227 in
309 2178 395 2229 totum
423 2174 569 2247 attingeie;
586 2176 635 2232 sed
663 2174 697 2231 ab
721 2173 774 2230 atio
800 2190 863 2231 mox
885 2189 949 2231 sena
1000 2190 1063 2231 uam
1081 2175 1107 2215 ³³
1126 2173 1268 2242 constabit,
1285 2190 1364 2246 quam
1388 2173 1514 2230 diabolus
1532 2172 1688 2232 divinorum
1711 2190 1781 2231 iernn

152 2264 264 2321 mentito
284 2265 452 2336 prophetiam
476 2276 577 2323 temere
605 2273 710 2339 pastus,
726 2264 872 2322 secundum
886 2280 947 2324 ver·
1001 2263 1070 2321 lator
1091 2262 1276 2321 imitatur.·Ex
1298 2264 1411 2321 veritate
1435 2262 1605 2320 mendacium
1628 2263 1752 2332 struitur,
1766 2279 1796 2320 ex

150 2352 214 2409 buin
229 2352 279 2409 Dei
294 2353 393 2409 ibidem
417 2353 518 2409 factum
540 2370 623 2426 super
636 2370 770 2427 mensam,
790 2361 901 2412 nonest
918 2353 947 2410 in
1000 2351 1131 2427 religione
1156 2351 1312 2423 superstitio
1327 2350 1521 2425 compingitur.
1537 2350 1606 2408 11166
1627 2359 1656 2407 16
1680 2367 1713 2410 66
1726 2351 1796 2409 irre·

150 2441 269 2512 paternis
289 2442 432 2513 sepultus:
448 2441 535 2498 leonis
556 2443 669 2500 enimin
684 2442 728 2501 via
745 2458 860 2500 occursu
884 2459 947 2516 pro·
999 2442 1129 2518 ligiosior,
1154 2448 1253 2512 quanto
1276 2440 1400 2497 ethnicus
1422 2442 1550 2513 paratior.
1569 2439 1618 2497 tlte
1639 2439 1759 2514 denique
1771 2441 1793 2481 ⁴¹

149 2537 258 2598 stratur,
287 2536 315 2586 et
341 2531 415 2601 apud
437 2541 545 2588 exteros
572 2533 709 2601 conditus,
726 2547 832 2603 poenam
845 2531 946 2589 deserti
999 2529 1070 2588 idolo
1084 2529 1177 2603 gulam
1192 2545 1269 2587 suam
1283 2537 1391 2602 mactat,
1402 2538 1430 2586 tu
1446 2531 1503 2586 Deo
1513 2530 1628 2587 nonvis.
1639 2531 1794 2588 Deuseniin

34 2638 36 2645 ·
146 2620 245 2692 jejunii
272 2620 332 2676 fuit.
348 2619 412 2677 llaec
437 2627 516 2676 erunt
531 2620 653 2693 exempla
679 2631 705 2678 at
726 2623 828 2694 pupulo
843 2630 871 2679 et
884 2621 945 2694 epi-
998 2619 1047 2677 tibi
1060 2626 1154 2677 venter
1174 2626 1226 2685 est,
1253 2628 1281 2675 et
1306 2619 1398 2691 pulmo
1422 2618 1564 2690 templum,
1579 2628 1607 2674 et
1629 2619 1795 2690 aqualiculus

148 2708 249 2780 scopis,
272 2709 356 2766 etiarn
382 2708 558 2782 spiritalibus,
573 2711 596 2765 si
613 2725 695 2781 quam
721 2709 946 2768 incontinentiam
998 2711 1090 2778 altare,
1106 2715 1135 2764 et
1147 2708 1275 2765 sacerdos
1292 2724 1383 2779 cocus,
1406 2718 1431 2765 et
1444 2715 1553 2764 sanctus
1568 2707 1688 2780 Spiritus
1709 2709 1795 2778 nidor,

148 2799 222 2872 gulas
235 2798 403 2856 admiserint.
425 2799 477 2855 Sed
496 2815 546 2856 nec
571 2798 644 2872 apud
672 2798 773 2856 inferos
797 2799 944 2857 admonitio
1000 2807 1028 2856 et
1039 2798 1211 2856 condimenta
1225 2799 1394 2865 charismata,
1410 2806 1438 2854 et
1453 2806 1544 2854 ructus
1559 2799 1713 2870 prophetis.

147 2890 271 2955 cessavit,
286 2889 334 2945 ubi
356 2887 385 2944 in
408 2887 490 2946 divite
512 2887 623 2960 quidem
639 2888 764 2946 convivia
778 2890 945 2962 cruciantur,
1292 2886 1407 2944 catur
1421 2886 1508 2943 xvii.
1641 2948 1647 2955 ,

146 2975 174 3032 16
192 2992 310 3048 paupere
327 2992 390 3033 vern
414 2976 520 3046 ieiunia
540 2983 707 3050 recreantur,
732 2978 857 3035 habentia
871 2980 988 3063 prae-0
1035 2976 1121 3033 Vetus
1139 2991 1182 3043 es,
1205 2991 1271 3035 vera
1283 2976 1309 3014 ³³
1328 2976 1351 3032 si
1365 2975 1481 3032 vatinius
1500 2975 1592 3032 dicere
1607 2975 1678 3047 (61),
1699 2983 1727 3032 16
1746 2975 1790 3049 qni

144 3072 269 3135 captores
285 3066 392 3137 Moysen
409 3068 438 3122 et
461 3065 704 3138 prophetorum.
728 3082 790 3131 xvi,
807 3067 864 3139 19).
879 3069 948 3123 Nam
1002 3068 1104 3119 tantum
1117 3063 1188 3138 gutae
1210 3063 1346 3139 indulges,
1362 3074 1389 3122 et
1411 3065 1503 3120 merito
1526 3075 1552 3121 te
1570 3065 1693 3138 'priorem
1714 3064 1791 3138 16611·

143 3154 171 3207 61
196 3153 255 3208 1661
282 3153 440 3210 exctnmavit
465 3155 543 3224 (1661,
570 3170 589 3228 i,
618 3155 663 3224 11)
690 3172 697 3210 :
728 3155 843 3212 Sancite
864 3155 944 3227 jejo—
1002 3168 1060 3225 ias;
1076 3169 1185 3231 semper
1203 3169 1323 3228 agnosco
1346 3170 1444 3226 sapere
1466 3154 1540 3212 Esau
1554 3163 1713 3212 venatorem
1726 3155 1793 3212 tera·

142 3242 235 3312 etium,
251 3243 944 3316 616661166166666116661633,6666ρί666666
997 3259 1067 3313 rum,
1089 3243 1126 3299 ita
1147 3242 1247 3316 passim
1265 3242 1426 3317 indagandis
1454 3245 1538 3301 turdis
1562 3245 1669 3312 studes,
1695 3244 1733 3300 ita
1760 3245 1791 3300 de

142 3338 169 3387 et
197 3339 262 3387 tunc
290 3339 317 3388 ct
331 3332 398 3389 alios
414 3333 556 3406 apostotos
569 3342 596 3389 et
623 3334 772 3405 prophetas
791 3333 941 3390 sancituros
994 3345 1089 3403 campo
1119 3332 1261 3388 laxissimae
1287 3332 1442 3404 disciptinae
1466 3341 1519 3388 tuae
1545 3332 1640 3399 venis,
1673 3333 1710 3389 ita
1741 3332 1792 3405 spi·

137 3419 286 3491 jejunium,
313 3428 340 3476 et
357 3421 554 3494 praedicaturos
583 3421 672 3478 officia
701 3421 822 3478 curantia
841 3423 939 3479 Deum.
993 3419 1047 3475 ritu
1066 3419 1174 3490 deficis,
1200 3422 1223 3476 si
1255 3419 1305 3476 tibi
1331 3420 1490 3476 lenticulam
1518 3418 1625 3477 defruto
1651 3421 1792 3477 inrufatam

140 3508 218 3566 Unde
240 3516 266 3566 et
293 3509 340 3583 qui
364 3509 391 3566 iu
406 3509 486 3568 idolis
500 3509 653 3579 comendis,
668 3517 695 3568 et
719 3510 746 3566 16
770 3511 825 3566 aris
839 3526 940 3567 ornan·
994 3509 1131 3577 obtulero,
1155 3509 1245 3567 stetim
1268 3515 1341 3566 totos
1360 3510 1493 3581 primatus
1515 3516 1578 3566 tuos
1602 3509 1707 3567 vendes
1718 3509 1790 3584 (66);

833 3626 931 3689 Variae
944 3628 1104 3689 lectiones.

176 3727 202 3765 33
210 3725 403 3801 Ortygometra
417 3728 534 3785 Semt.³⁹
547 3727 717 3785 Conditando
728 3730 767 3785 61.
777 3729 923 3787 eructando
935 3732 1015 3787 Pom.
1024 3731 1049 3769 ³⁰
1062 3731 1193 3786 Netuerat
1207 3729 1327 3787 561613ι
1341 3728 1478 3786 Diffissum
1491 3731 1531 3786 61.
1542 3729 1568 3769 ³³
1580 3729 1622 3785 ad
1631 3731 1790 3788 satisfactio·

140 3812 204 3879 nerii
217 3799 281 3854 Lot.
297 3796 322 3836 ³³
341 3798 513 3855 Sanctificate
523 3799 661 3909 erunium
675 3807 703 3856 et
716 3802 866 3858 orationem
880 3805 908 3857 et
930 3802 1006 3859 1611111
1020 3802 1143 3875 emptius
1166 3802 1251 3858 Semi.
1267 3801 1339 3855 33111
1356 3804 1384 3856 in
1399 3806 1455 3856 haec
1470 3816 1502 3882 re·
1512 3803 1640 3858 ornandis
1663 3804 1749 3862 Sciet.
1768 3802 1791 3841 ³⁵

140 3868 197 3924 Diis
212 3868 276 3925 odd.
305 3868 365 3926 cod.
400 3871 500 3927 Wooau.
566 3870 699 3926 iuvidiam
719 3874 811 3930 Venet.
826 3872 915 3932 111166.
930 3873 954 3912 ³³
969 3873 1110 3929 Tabernae.
1126 3873 1152 3912 33
1164 3873 1337 3930 Niniviticum
1360 3874 1427 3930 166.
1442 3873 1612 3930 Niniviticum
1627 3879 1711 3931 credo
1730 3876 1789 3944 jus·

139 3936 225 3994 titiam
240 3938 280 3994 ot.
297 3939 362 4010 top,
381 3942 480 4021 uitiosa
494 3945 528 3998 ct
541 3942 644 3999 166166
659 3944 819 4000 existimet.
835 3942 860 3983 ³³
873 3945 917 4000 Tu
933 3942 994 4004 eod.
1028 3944 1136 4002 Wouw.
1150 3943 1176 3983 ‘²⁰
1203 3944 1299 4002 Divina
1328 3945 1414 4002 Semt.
1430 3943 1453 3983 ³¹
1483 3946 1550 4012 fleo,
1576 3947 1679 4003 6166111
1707 3945 1789 4004 sart.

137 4007 165 4048 ⁴²
175 4009 287 4067 Euctus.
307 4010 454 4083 Propheua
466 4022 546 4068 vetus
559 4020 599 4069 est
613 4017 773 4073 16161166.

841 4137 1089 4203 Commentarius.

174 4240 232 4313 (66)
248 4242 371 4322 Sanetus
386 4240 543 4300 homodei.
558 4243 640 4302 Libro
656 4245 735 4303 tertio
753 4245 870 4325 aigum·
891 4261 943 4302 no·
963 4245 1104 4338 ntesperi
1118 4251 1248 4303 exortum.
1261 4247 1326 4303 ilie.

136 4313 233 4369 menh
267 4329 298 4394 66
343 4314 464 4394 rophetae
484 4327 538 4369 non
556 4317 682 4384 traditur,
710 4317 830 4389 losepho
844 4317 942 4375 dicitur
1029 4320 1262 4375 -ftemorentic
1279 4317 1417 4384 Norantis,
1432 4317 1571 4374 tardantis.
1588 4317 1632 4376 Sic
1651 4319 1787 4377 Plautinus

96 4445 97 4448 Ἴ
136 4383 233 4451 16666,
260 4330 403 4454 'pipKaniu
419 4384 508 4440 toam.
525 4386 588 4442 ilic.
993 4388 1070 4445 Sosia
1084 4389 1174 4445 Solem
1186 4389 1307 4462 queritur
1319 4389 1488 4447 obdormisse
1501 4389 1617 4448 ebrium.
1632 4391 1696 4447 ilic.

172 4457 232 4524 (61)
246 4456 312 4511 Post
340 4455 434 4512 ultore
457 4455 608 4529 diffusum.
630 4458 736 4513 Etenim
751 4458 833 4514 diruti
850 4459 941 4516 attaris
1028 4460 1085 4532 (66)
1100 4462 1182 4518 66116
1200 4461 1280 4518 faidis
1302 4466 1332 4517 61
1355 4461 1464 4535 6616166
1482 4478 1530 4520 cos
1544 4463 1686 4534 cdoeqens.
1706 4463 1784 4519 Casto

136 4525 244 4582 eineres
272 4524 365 4581 diffusi
394 4541 427 4583 ac
453 4528 496 4583 dis
516 4529 580 4596 ersi,
611 4527 813 4602 ’1666666καὶ
841 4528 941 4599 tignul-
994 4530 1138 4606 magistri.
1164 4532 1353 4588 Castimoniam
1380 4534 1449 4588 dixit
1471 4549 1563 4606 supra.
1591 4533 1672 4603 Quod
1696 4542 1784 4591 autem

135 4596 471 4681 maihsidmetri'adric
486 4546 600 4728 (111166.
616 4615 679 4684 xix,
694 4603 731 4729 δὲ
747 4601 810 4685 ilio.
913 4672 919 4684 ·
995 4603 1084 4686 Latini
1101 4604 1784 4686 616661,1610661666661166666,(6666666116616

171 4667 229 4741 (61)
246 4668 413 4726 8616166616
428 4671 485 4727 ode
497 4678 598 4730 octor.
613 4672 696 4728 Liber
733 4689 815 4729 rsiut:
835 4693 848 4722 α
869 4674 939 4729 Etru
995 4683 1134 4743 scriptore
1157 4675 1194 4732 ud
1212 4675 1323 4732 Suidam
1345 4675 1420 4742 dixit,
1435 4675 1653 4748 chamaepeuce
1675 4677 1785 4737 samiae

133 4742 195 4869 :gisl
213 4740 354 4867 661661ῗί,
371 4752 398 4797 et
425 4744 459 4796 ad
484 4743 608 4815 singulas
623 4744 705 4800 horas
722 4744 874 4800 salutandis
886 4744 939 4802 diis
989 4744 1108 4874 ἓγνεύειν.
1150 4762 1219 4803 raeco
1233 4760 1309 4804 castu
1327 4745 1394 4803 dixit
1416 4748 1511 4815 Varro,
1527 4763 1577 4820 pro
1600 4749 1699 4806 Graan
1721 4749 1783 4809 ritu.

169 4827 230 4867 usn
245 4828 315 4868 ur.»
356 4826 394 4867 ie.
1014 4833 1052 4874 iu.

153 4883 227 4964 ,(61)
243 4886 279 4964 Et
292 4884 389 4964 meere
402 4886 559 4964 comperet.
574 4883 692 4942 tleoium
708 4885 752 4942 hic
765 4885 872 4943 habitus
886 4887 938 4946 late
1025 4887 1084 4961 (67)
1100 4890 1180 4947 Vetus
1200 4905 1238 4957 es,
1253 4904 1320 4946 uero
1342 4889 1368 4946 si
1391 4890 1511 4946 uelimus
1532 4890 1633 4949 dicere.
1653 4888 1784 4948 Catholici

133 4952 307 5036 describitur,
322 4968 452 5036 curcinis
475 4970 621 5037 inspersus
642 4968 701 5013 erat
716 4958 870 5032 aliquando,
883 4975 937 5031 qno
988 4959 1117 5016 adversus
1156 4961 1333 5017 Ennianistas
1361 4975 1394 5016 eo
1426 4962 1543 5018 maxime
1579 4960 1781 5034 gloriabantur,

134 5026 346 5107 miserabiliores
370 5023 476 5106 fierent.
501 5027 583 5097 aput.
605 5026 652 5086 lib.
674 5045 714 5087 vii
742 5030 936 5091 rahmbabus
987 5031 1059 5103 quod
1073 5038 1164 5089 essent
1184 5033 1282 5089 veteris
1305 5031 1453 5103 disciplina
1476 5034 1602 5099 cultores,
1627 5047 1715 5094 novos
1743 5032 1782 5090 ri-

132 5095 554 5179 6661666166116666616166666
576 5141 584 5158 .
607 5118 619 5150 s
644 5099 675 5157 In
696 5117 777 5159 sacra
795 5101 935 5174 Scriptura
988 5108 1041 5175 tus,
1062 5119 1132 5162 nova
1152 5103 1257 5177 jejunia
1279 5119 1335 5160 non
1360 5104 1542 5162 admitterent.
1558 5104 1710 5177 Septimius
1732 5104 1782 5178 igi·

131 5165 199 5223 thud
214 5179 330 5221 maxime
344 5166 464 5222 obvium.
481 5170 516 5224 tn
530 5170 579 5226 Pii.
986 5180 1039 5241 tur,
1053 5190 1114 5231 cum
1129 5176 1186 5245 jam
1209 5175 1241 5232 ad
1264 5175 1419 5232 1166166661
1443 5174 1595 5247 defecisset,
1619 5176 1782 5234 catholicum

178 5238 227 5383 643
243 5235 674 5321 Τ61616166616.’1666166.1116.
985 5244 1138 5318 alloquitur,
1160 5246 1256 5303 ludens
1278 5247 1305 5303 in
1328 5250 1487 5305 vetustatem
1511 5247 1583 5304 illam
1607 5248 1780 5306 catholicam.

153 5311 214 5365 ,66
248 5309 562 5390 8161166661661161616
584 5314 757 5372 demorantis
771 5315 930 5388 suspirent.
984 5315 1123 5385 veresas,
1150 5318 1248 5392 inquit,
1270 5319 1322 5376 hoc
1343 5334 1410 5375 sane
1431 5319 1557 5385 fatemur,
1581 5328 1610 5377 et
1633 5319 1668 5376 ad
1687 5327 1782 5378 vetera

130 5380 245 5439 Stellam
282 5377 416 5454 significat
467 5384 670 5464 6661166166
703 5385 930 5458 vesperuginem,
982 5385 1028 5444 illa
1050 5389 1171 5462 respicis,
1193 5391 1241 5446 sed
1260 5396 1292 5447 ut
1316 5391 1397 5447 nobis
1420 5389 1485 5447 inde
1510 5389 1640 5449 exhibeas
1661 5391 1781 5464 aliquam

127 5451 233 5510 Ennius
265 5453 424 5524 vesperum,
479 5453 586 5525 irgdius
613 5453 756 5527 Hesperon
782 5456 928 5527 appellant.
982 5457 1052 5516 Esau
1066 5471 1224 5520 venatorem
1238 5462 1367 5529 ferarum,
1382 5469 1433 5518 etc.
1450 5462 1515 5518 llio.

127 5524 325 5582 Auctoritatem
340 5539 405 5584 vero
419 5525 591 5598 presentiam
609 5525 686 5583 dicit.
700 5525 819 5595 Etenim,
834 5542 929 5599 quam·
1018 5533 1075 5604 (68)
1102 5535 1209 5592 Statim
1234 5538 1307 5594 totos
1328 5534 1473 5608 primates
1493 5538 1556 5591 tuos
1580 5533 1780 5605 661116611166

125 5595 168 5653 ris
195 5595 327 5666 famelici,
343 5597 448 5655 nulluni
465 5596 597 5671 attingere
609 5598 749 5659 audebant
760 5600 851 5660 eibum
865 5605 928 5658 anta
981 5603 1128 5675 primatum
1147 5603 1224 5674 dicit,
1245 5606 1329 5677 cujus
1345 5603 1489 5678 disciplina
1510 5605 1687 5664 antecedebat
1707 5615 1778 5663 tem·
