3840 6134
174 344 227 404 tta
518 329 739 391 lhnlblllall
757 328 891 391 ornabat
910 327 993 390 elas
1027 327 1062 388 ΙΙ.
1080 358 1117 372 -
1134 326 1248 392 stains
1266 330 1288 399 Ι,
1308 326 1483 390 Polldlct.
1517 316 1519 321 ’
1765 329 1822 390 aab

174 463 376 522 sericordinrum
390 474 473 531 opera
498 456 710 527 imperabantur.
734 453 779 510 Sic
797 463 824 511 et
846 454 969 510 oluscula
984 472 1007 550 g
1023 454 1133 526 pietatis
1157 457 1324 512 testabantur
1349 470 1379 511 se
1408 450 1631 510 hocconsentire
1660 448 1738 505 lactis
1766 463 1822 520 pa·

171 554 344 617 decimantes,
368 546 533 605 vocationem
559 543 616 614 (ib)
636 552 724 598 autam
747 548 775 597 et
798 542 968 600 dilectionem
1022 549 1112 609 trum;
1130 544 1154 598 si
1169 558 1223 600 noa
1242 553 1299 600 erat
1314 544 1424 608 zelotes,
1440 542 1548 615 qualem
1568 547 1684 609 arguunt
1701 536 1821 595 llareio·

173 643 223 697 Dei
238 644 432 712 praetereuntes
445 633 580 705 objurgat.
597 627 681 702 Cujus
696 630 747 684 Dei
760 629 925 687 vocationem
942 639 970 686 et
1021 634 1094 697 nita,
1110 631 1209 688 delicta
1236 639 1342 704 patrum
1365 632 1398 685 de
1417 629 1480 684 liliis
1504 628 1662 701 exigentem
1682 641 1769 696 usqua
1792 626 1820 681 in

173 730 356 791 dilectionem,
367 725 419 780 nisi
429 723 507 792 cujus
522 730 550 777 et
565 727 648 774 rutam
662 729 689 774 et
703 726 829 786 menam,
840 734 872 774 ex
882 717 969 775 lorma
1019 727 1142 793 quartam
1156 721 1345 779 nativitatem?
1367 720 1453 790 Quam
1468 733 1534 776 vcro
1559 717 1661 772 clarem
1684 715 1820 771 habebant

173 816 253 892 Legis
267 817 300 872 de
314 813 435 878 decimis,
448 808 622 868 ollerebnuti
638 805 810 863 Totumenim
826 806 969 878 exprobra·
1019 809 1088 881 legis
1102 811 1235 879 doctores,
1253 811 1305 866 arisi
1320 807 1571 880 interpretationem
1586 805 1678 878 legis'jl
1692 804 1725 859 nd
1741 807 1819 876 cujus

172 907 255 966 tionis
268 905 321 960 hoc
336 899 483 973 erat,quod
497 897 603 954 modion
614 895 759 965 curabant,
771 896 795 952 ei
806 895 910 968 utique,
920 898 967 954 cui
1019 898 1183 955 intellectum
1195 916 1279 972 neque
1289 899 1342 971 ipsi
1350 897 1532 968 adibant,lnon
1543 895 1687 951 credentes
1697 894 1817 953 scilieet:

174 996 278 1065 maiora
291 1007 345 1048 uon
360 989 534 1054 exhibebant,
551 985 651 1041 dicenti
668 985 757 1056 (Dent.
774 1001 813 1051 vt,
835 985 863 1056 5)
877 1001 884 1039 τ
897 985 968 1042 biti·-
1020 989 1083 1044 Nisi
1095 990 1173 1046 eninr
1189 989 1377 1054 credideritis,
1387 1004 1443 1044 non
1456 987 1639 1057 intelligetis,·
1651 984 1818 1057 nequealios

170 1101 216 1158 ges
230 1085 383 1141 Dominum
393 1082 480 1136 Deum
495 1077 687 1134 tetamentoto
697 1074 778 1131 eorde
788 1078 835 1131 tao
849 1073 920 1139 ⁴²,et
930 1089 967 1130 en
1020 1076 1204 1143 admittebant,
1221 1077 1313 1149 utique
1336 1076 1464 1133 docentes
1478 1074 1503 1113 ¹¹⁶
1526 1081 1659 1145 praecepta
1674 1074 1766 1143 potius
1789 1083 1816 1132 et

173 1170 259 1229 42²9
274 1176 332 1230 toto
346 1169 444 1224 anima
460 1171 520 1231 tata,
537 1168 564 1221 et
574 1179 610 1220 ee
626 1163 695 1218 tetis
708 1161 815 1218 virtbcs
832 1162 900 1228 inis,
917 1163 968 1233 gni
1020 1165 1156 1222 doctrinas
1169 1167 1319 1223 hominurn.
1334 1165 1384 1236 Qui
1399 1179 1466 1238 ergo
1476 1180 1528 1220 nec
1540 1165 1617 1235 ipsos
1632 1163 1814 1232 introeuntes,

173 1268 201 1322 te
215 1263 323 1321 necarit
338 1275 375 1315 aa
390 1258 515 1331 AEgypto.
533 1253 676 1318 Caeterum,
691 1267 742 1307 nec
760 1258 866 1325 tempus
880 1251 967 1306 admi·
1019 1269 1069 1310 nec
1092 1254 1150 1310 aliis
1172 1253 1275 1310 aditum
1299 1260 1468 1325 prestantes,
1489 1251 1652 1323 increpabat,
1677 1251 1817 1309 obtrecta-

158 1355 260 1418 'sisset,
278 1357 307 1407 ιιι
321 1346 444 1405 Christus
458 1352 512 1399 tam
533 1356 716 1414 praecoquam,
742 1340 796 1396 imo
821 1349 874 1395 tarn
895 1354 967 1396 noer·
1021 1348 1062 1400 tor
1081 1342 1222 1398 habendus
1243 1349 1286 1398 est
1308 1341 1386 1413 legia,
1408 1356 1441 1394 an
1456 1339 1569 1395 lauteri
1593 1338 1620 1394 Si
1639 1339 1815 1407 obtrectator,

171 1443 232 1495 bam
259 1438 347 1494 adhuc
376 1433 545 1490 dilectionem
574 1430 757 1499 expostularet
780 1443 851 1484 novo
874 1436 900 1484 et
925 1443 966 1484 re·
1017 1431 1129 1502 placere
1154 1432 1286 1488 debebant
1307 1439 1335 1486 et
1357 1427 1443 1486 48⁰
1466 1427 1644 1500 praeclusores
1666 1428 1739 1501 legis
1764 1429 1817 1485 :xi

170 1528 240 1585 cauti
263 1529 332 1591 Deo,
357 1540 392 1580 ne
411 1521 522 1577 dixerim
545 1518 666 1574 nondum
686 1518 769 1587 palam
793 1515 872 1571 iacto.
901 1515 966 1572 Pri·
1018 1517 1118 1586 lnutor,
1140 1519 1195 1588 jnrn
1220 1533 1274 1576 non
1290 1528 1317 1575 et
1341 1516 1548 1589 aemuluslegis.
1564 1517 1618 1573 Sed
1642 1517 1701 1573 haec
1725 1519 1817 1575 omnia

168 1621 281 1674 rnatum
291 1627 399 1686 quoqne
409 1611 556 1682 captantes
568 1607 735 1674 bonorumet
746 1603 964 1661 bonoremaaln-
1019 1607 1052 1662 nd
1081 1607 1271 1664 infuscandum
1299 1607 1453 1663 Creatorem
1479 1605 1622 1676 ingerebat
1647 1612 1677 1661 ιιι
1700 1621 1814 1675 serum,

170 1706 322 1768 tationem,
351 1713 414 1755 cum
434 1698 546 1759 incusat,
569 1701 668 1748 sectam
694 1691 828 1746 Crialorls
851 1690 965 1747 admini·
1018 1711 1082 1770 ergn
1110 1712 1188 1768 quern
1212 1696 1400 1767 delinquentes
1423 1712 1464 1750 vce
1493 1694 1609 1750 habituri
1643 1704 1748 1751 essent.
1781 1696 1816 1754 Bt

167 1801 244 1860 strat,
273 1785 408 1860 ejusmodi
444 1782 579 1854 principes
609 1780 789 1837 Sodomorum
821 1781 965 1837 archontas
980 1757 1003 1838 Β
1017 1785 1078 1857 quis
1096 1801 1198 1844 saevum
1212 1801 1266 1842 non
1281 1785 1371 1856 potius
1389 1783 1495 1841 timeret
1508 1798 1665 1855 provocare,
1680 1783 1814 1842 delicien-

167 1877 327 1953 appellnntis
344 1875 409 1944 (iso.
428 1887 448 1943 1,
463 1872 521 1941 23),
538 1869 707 1947 prohibentis
723 1868 807 1924 etiam
826 1868 962 1926 confidere
1016 1872 1051 1928 do
1066 1873 1090 1912 44
1105 1873 1139 1928 ab
1157 1874 1211 1929 eoi
1227 1874 1311 1930 Tanto
1325 1873 1411 1944 magis
1425 1886 1490 1945 ergo
1506 1871 1700 1928 demerendum
1724 1873 1813 1930 dooe-

166 1970 193 2026 in
209 1964 377 2041 praepositos,
401 1963 456 2018 imo
469 1968 497 2017 et
519 1961 547 2016 in
565 1967 649 2016 totum
674 1957 852 2015 miserrimum
867 1959 960 2015 homi·
1014 1961 1067 2029 bnt,
1086 1977 1167 2034 quem
1182 1961 1329 2020 timendum
1344 1961 1495 2034 ingerebat.
1510 1960 1556 2018 Sia
1570 1960 1813 2032 oportebntChris·

165 2073 237 2126 uem,
259 2051 466 2127 pronuntiantis,
482 2047 560 2118 «Qui
575 2062 650 2120 spem
665 2046 788 2105 hebetia
814 2049 924 2106 homine
944 2067 960 2102 a
1013 2057 1072 2107 tum
1087 2050 1231 2109 Crantoris.

166 2147 256 2220 (Psoi,
272 2156 366 2210 oxma,
382 2143 407 2207 8,
423 2140 465 2211 9).
480 2135 600 2205 Quodsi
615 2137 831 2209 proptereaquis
853 2136 963 2195 allectat
1279 2190 1394 2250 CAPUT
1417 2191 1531 2250 XXVIII

165 2234 357 2306 principatum,
380 2236 410 2284 ut
424 2227 457 2282 de
475 2224 572 2282 officiis
588 2224 705 2281 aliorum
731 2224 873 2296 glorietur,
897 2226 960 2300 quin
1533 2231 1541 2248 ·

165 2323 254 2380 ollicin
281 2316 368 2378 vetuit
386 2315 521 2389 ejusmodi
543 2312 669 2386 sperandi
696 2322 723 2370 et
744 2312 898 2370 confidendi
930 2315 958 2374 in
1047 2314 1143 2374 llerito
1157 2315 1248 2388 inqua
1270 2330 1324 2373 non
1346 2316 1469 2388 placebat
1486 2316 1638 2390 hypocrisis
1651 2315 1812 2374 Pharisaeo-

163 2413 299 2470 hominem
323 2408 433 2478 (terem.
457 2419 529 2474 xtnr,
546 2404 586 2474 t),
602 2403 675 2459 idem
697 2409 725 2459 et
742 2403 767 2441 44
789 2403 958 2464 affectatores
1010 2422 1082 2478 rum,
1098 2405 1176 2461 labiis
1196 2404 1299 2463 scilicet
1310 2405 1457 2461 amantium
1472 2407 1558 2463 Deum
1569 2408 1638 2478 (22),
1660 2421 1716 2464 nou
1741 2422 1809 2466 cor-

162 2499 359 2573 principntuum
372 2492 517 2563 increpuit.
532 2490 738 2548 lurchituretin
748 2490 873 2551 doctores
883 2494 958 2567 ipson
1011 2496 1056 2552 de.
1078 2497 1186 2560 Cavete,
1205 2495 1450 2567 inquitatatem)
1463 2494 1617 2567 discipulis,
1633 2513 1651 2554 o
1664 2498 1811 2568 semente

164 2590 240 2661 lepis,
256 2586 327 2661 qnod
341 2585 493 2641 onerarent
502 2580 574 2637 otios
588 2580 812 2652 importabilibus
827 2583 956 2641 oneribus
1009 2585 1229 2652 Pharisaeorum,
1248 2583 1319 2657 quod
1332 2591 1372 2640 est
1394 2584 1554 2656 hypocrisis,
1571 2600 1626 2641 non
1649 2585 1812 2657 pradicatio

162 2694 225 2752 gnae
240 2675 296 2748 ipsi
312 2691 348 2732 ne
361 2672 450 2744 digito
465 2669 578 2745 quidem
592 2670 708 2743 aggredi
721 2669 862 2728 aederent
877 2692 885 2727 :
901 2687 955 2729 non
1009 2674 1155 2732 creatoris.
1174 2672 1237 2730 Odit
1251 2680 1425 2730 contumaces
1439 2673 1527 2730 Patris
1539 2673 1640 2745 Filius;
1664 2689 1720 2731 non
1745 2674 1808 2732 vult

160 2765 242 2839 Legis
256 2779 340 2821 onera
361 2760 496 2832 sugillans
518 2758 596 2832 quasi
619 2758 763 2816 detestator
782 2761 860 2831 eius,
884 2778 956 2835 quo·
1009 2778 1075 2820 auos
1089 2763 1155 2818 talea
1164 2762 1295 2820 exsistere
1309 2762 1337 2818 in
1351 2761 1448 2819 illum:
1465 2777 1520 2820 non
1536 2762 1667 2829 inalium,
1681 2761 1709 2819 in
1721 2778 1806 2836 quem

159 2854 242 2911 modo
265 2852 337 2908 enirn
360 2849 516 2915 detestator,
545 2848 591 2921 qui
617 2862 680 2904 cum
707 2846 823 2903 maxime
851 2848 957 2919 potiora
1008 2851 1163 2925 hypocrisis
1177 2851 1273 2910 luisset
1289 2852 1415 2924 admissa,
1431 2853 1511 2922 cuius
1534 2852 1686 2926 exemplum
1705 2867 1722 2906 n
1746 2851 1808 2909 dis-

160 2944 230 3017 legis
243 2943 440 3015 pretereuntes
466 2938 614 3008 incusabat,
639 2937 840 3009 eleemosynam
863 2946 890 2995 et
907 2955 955 2998 ro·
1009 2941 1108 3013 cipulis
1136 2949 1286 3000 careretur.
1325 2942 1365 2997 ltn
1397 2941 1593 2998 Pharisaeorum
1630 2941 1759 3011 prohibet
1779 2942 1808 2982 44

159 3033 294 3090 ontionem
309 3037 336 3086 et
349 3026 520 3084 dilectionem
533 3025 637 3094 Dei,na
650 3024 709 3082 haec
722 3025 834 3098 quidem
847 3027 953 3101 gravia,
971 3031 1159 3117 gexemplnm
1179 3049 1186 3087 :
1212 3033 1241 3088 in
1270 3046 1331 3087 eum
1358 3030 1518 3103 prohibebat
1540 3030 1608 3115 illud
1634 3031 1752 3102 admitti,
1775 3031 1806 3088 io

157 3124 258 3179 nedum
279 3119 398 3175 decimas
420 3123 550 3183 rutarum,
575 3124 603 3172 et
629 3115 654 3153 44
677 3115 826 3172 munditias
846 3117 951 3175 catino·
1005 3137 1089 3193 quem
1102 3120 1280 3178 admittebant
1292 3119 1430 3176 Pharisaei.
1455 3118 1542 3192 igitur
1565 3119 1692 3194 quoniam
1711 3120 1805 3194 hypo·

154 3211 234 3267 romi
257 3209 405 3272 Caeterum,
434 3203 602 3263 excusandos
624 3205 716 3275 potius
740 3204 906 3279 censuisset,
927 3207 950 3263 si
1005 3210 1094 3267 crisim
1123 3225 1217 3266 eorum
1253 3215 1366 3275 taxarat,
1394 3208 1487 3280 utique
1527 3209 1659 3265 celantem
1696 3209 1805 3266 occulta

154 3298 336 3372 importabilia
350 3302 458 3369 portare
480 3308 533 3349 non
558 3300 679 3365 possent.
702 3292 755 3349 Sed
776 3308 837 3364 quae
865 3310 951 3353 onera
1004 3297 1106 3369 cordia,
1126 3304 1154 3354 et
1166 3296 1360 3354 incredulitatis
1373 3307 1478 3355 secreta
1501 3295 1718 3370 superficialibus
1737 3296 1802 3355 olli·

154 3391 249 3447 taxati
270 3386 337 3456 Quae
366 3384 418 3458 ipsi
446 3384 479 3440 de
503 3399 552 3439 auo
579 3381 793 3455 exaggerabant,
822 3383 951 3445 domares
1004 3386 1055 3442 ciis
1068 3387 1296 3458 obumbrantem,
1311 3402 1372 3458 quae
1394 3386 1494 3445 clavem
1516 3385 1661 3460 agnitionis
1684 3387 1801 3457 habens,

152 3484 296 3551 praecepta,
318 3473 454 3531 doctrinas
476 3471 627 3540 bominum,
651 3473 856 3529 commodorum
880 3489 949 3533 nuo·
1002 3490 1055 3532 aec
1068 3476 1093 3515 44
1116 3475 1174 3548 ipsa
1192 3476 1325 3542 introiret,
1346 3490 1397 3532 neo
1417 3475 1485 3532 nlius
1505 3476 1621 3550 sineret3
1641 3477 1704 3534 ideo
1725 3478 1800 3550 adji-

151 3583 214 3623 rum
238 3581 317 3623 causa
333 3565 398 3635 (lta.
411 3579 438 3628 r,
462 3562 520 3633 ιδ),
544 3561 691 3632 jungentes
718 3560 829 3617 domurn
843 3563 877 3618 ad
898 3564 948 3621 do·
1002 3564 1040 3622 cit
1055 3584 1063 3620 ι
1078 3565 1157 3623 lliba'l
1171 3568 1268 3624 entem
1282 3568 1425 3639 opertum,
1443 3567 1515 3639 qnod
1537 3584 1595 3625 non
1616 3568 1756 3641 patefiei‚·
1770 3573 1801 3629 ct

150 3672 235 3721 mum,
260 3662 291 3711 ut
316 3668 378 3724 quae
400 3649 519 3722 proximi
544 3656 607 3704 sunt
630 3647 777 3716 auferrent,
801 3650 947 3710 clamantes
1000 3655 1075 3713 nibil
1093 3654 1294 3722 absconditum,
1310 3654 1383 3728 qnod
1405 3653 1800 3731 condemnatumque

149 3741 290 3813 populum,
306 3747 427 3795 amantes
441 3752 562 3803 munera,
582 3744 714 3794 secmntes
729 3737 945 3811 retributionem,
1000 3742 1136 3800 existimet
1158 3741 1234 3798 illurn
1253 3741 1304 3798 Dei
1328 3742 1414 3814 ignoti
1430 3751 1502 3800 retro
1515 3754 1542 3801 et
1563 3744 1672 3810 occulti,
1692 3747 1801 3803 revela·

150 3829 307 3900 diripientes
343 3827 462 3896 judicata
497 3840 647 3896 pauperum
679 3843 687 3896 ;
718 3826 757 3881 uti
795 3837 867 3885 esset
895 3831 946 3888 illis
1000 3832 1103 3890 tionem
1128 3845 1156 3889 et
1179 3832 1377 3906 adagnitionem
1404 3833 1550 3903 intentare,
1573 3850 1635 3891 cum
1665 3837 1797 3908 subjiciat

148 3919 226 3974 vidua
242 3917 269 3971 in
285 3915 415 3987 rapinam.
436 3923 464 3970 et
485 3912 604 3986 pupillus
627 3913 655 3968 in
679 3916 807 3985 praednnn.
831 3917 869 3974 Da
883 3920 945 3993 qui·
999 3922 1079 3979 etiam
1092 3936 1153 3995 qnae
1169 3920 1238 3978 inter
1256 3936 1286 3978 se
1299 3925 1476 3979 mussitarent
1498 3921 1540 3980 rel
1563 3931 1720 3996 tractarent,
1735 3927 1797 3984 sci·

147 4005 199 4062 bus
213 4003 559 4074 idemlsaiaslxxvrrr,15)
572 4021 578 4056 :
594 4004 637 4061 Via
647 4005 698 4076 gni
706 4005 803 4062 valent
817 4005 849 4061 in
863 4009 945 4066 bern·
997 4011 1062 4068 licet
1079 4027 1161 4082 super
1175 4013 1235 4084 ipso
1249 4010 1367 4069 dicentes
1383 4030 1390 4066 :
1407 4013 1456 4068 llic
1477 4029 1535 4071 non
1558 4015 1675 4086 expellit
1689 4014 1796 4076 daemo-

146 4096 237 4152 Sssltm
254 4093 299 4150 ⁴⁵:
321 4101 347 4148 44
370 4106 463 4148 rursus
488 4092 539 4160 (tu,
564 4090 592 4161 3)
609 4109 616 4146 ³
634 4090 688 4160 Qui
711 4107 758 4149 ²³⁰³
779 4097 941 4167 ansteum,
996 4102 1048 4158 nio
1066 4100 1125 4157 nisi
1133 4102 1165 4157 in
1176 4100 1345 4170 beelzebule,
1357 4100 1385 4157 in
1399 4109 1526 4172 apertum
1539 4117 1710 4175 processura,
1723 4114 1752 4162 et
1765 4104 1796 4162 in

146 4184 336 4242 dominanter
357 4182 454 4239 vestri.
468 4179 521 4250 Qui
542 4180 639 4252 magis,
659 4197 740 4252 quam
764 4182 832 4254 legis
846 4185 942 4244 docto·
997 4204 1045 4246 ore
1058 4188 1199 4246 hominum
1222 4188 1322 4260 lutura,
1347 4205 1381 4245 ex
1404 4189 1544 4264 Evangelii
1564 4191 1793 4264 promulgatione.

145 4274 214 4329 resi
234 4273 266 4327 lli
280 4270 303 4327 ai
317 4279 344 4327 et
363 4269 470 4328 Christo
494 4269 681 4341 displicebant,
704 4277 734 4327 ut
764 4272 942 4346 suidisplice·
996 4279 1099 4336 Deinde
1121 4279 1147 4318 ⁵0
1165 4294 1310 4336 conversus
1331 4278 1364 4333 ad
1387 4279 1534 4349 discipulos
1558 4300 1565 4338 ι
1591 4283 1657 4338 Dico
1679 4286 1792 4353 autem,

143 4359 219 4417 bant.
241 4359 343 4417 aliena
363 4357 435 4416 enim
449 4356 518 4433 legis
533 4356 656 4416 doctores
670 4358 728 4431 (il)
752 4375 807 4417 non
828 4365 939 4422 omnino
957 4319 1093 4442 ninquit,
1107 4368 1182 4427 nobis
1196 4370 1298 4426 amicit
1312 4369 1384 4426 meis
1400 4369 1435 4437 ⁵¹,
1450 4371 1542 4427 notite
1564 4373 1670 4440 terreri
1690 4373 1727 4431 ab
1751 4377 1794 4434 eis

61 4432 67 4451 ι
142 4449 286 4523 pulsasset·
323 4448 377 4504 ⁶¹¹?
406 4455 494 4504 444444
522 4464 564 4505 ²²oe
597 4445 711 4504 aidilffli
748 4449 837 4523 enam,
867 4455 940 4526 (1404
993 4461 1043 4534 qni
1056 4476 1103 4519 oea
1116 4459 1289 4517 solemniaco
1304 4458 1429 4516 occidere
1447 4464 1578 4532 possunt,
1593 4477 1646 4520 neo
1658 4468 1727 4535 post
1743 4465 1794 4525 boe

142 4538 308 4598 aedificarent
320 4537 458 4611 prophetis
472 4543 648 4595 monumenta
669 4535 838 4610 interemptis
856 4557 872 4596 a
886 4559 937 4615 pa·
991 4549 1083 4605 altam
1094 4551 1125 4604 in
1138 4549 1212 4605 vebia
1222 4547 1324 4605 babent
1337 4551 1514 4619 potestatem.
1527 4549 1582 4605 Sed
1593 4549 1627 4606 iis
1641 4552 1693 4608 erit
1707 4553 1793 4609 lanias

141 4628 227 4688 tribus
245 4643 349 4701 eornm,
364 4626 444 4684 lauda
457 4626 552 4698 potina
563 4625 649 4701 digni,
666 4625 714 4698 qui
727 4641 762 4684 nx
780 4628 834 4686 isto
855 4645 937 4705 opera
990 4635 1228 4708 praedicens(cvu‚
1244 4636 1294 4708 l):
1315 4637 1378 4694 Vide
1392 4638 1632 4712 quomodejttstns
1642 4643 1790 4714 aufertur,

830 4759 927 4826 Variae
938 4765 1084 4829 lectiones

153 4859 199 4943 ‘⁴²
211 4858 271 4918 'luo
284 4861 379 4920 omitt.
396 4861 482 4918 Semi.
505 4858 530 4944 44
540 4860 574 4919 Et
589 4863 665 4921 abeat
675 4863 767 4924 Paria.
783 4863 851 4924 ⁴⁴lit
864 4868 1041 4930 abertl’eris.
1062 4870 1087 4909 '¹⁵
1103 4869 1203 4929 israele
1219 4869 1331 4930 oberti.
1341 4870 1368 4912 44
1381 4873 1522 4933 hocebnnt
1543 4873 1629 4936 Semi.
1644 4872 1669 4918 44
1683 4877 1789 4955 Despi-

136 4931 234 4990 crendo
250 4931 378 5006 qnidam.
394 4932 420 4971 ⁴⁸
433 4932 558 4990 Perhibet
572 4936 611 4991 el.
624 4935 649 4974 44
664 4935 694 4991 ln
708 4939 797 4997 inter.
811 4937 892 4996 Pam.
907 4939 934 4980 ⁵⁰
946 4941 1052 5000 Dehinc
1065 4944 1147 5001 Pam.
1171 4942 1196 4982 ⁵¹
1208 4942 1277 5000 lleia
1289 4945 1322 5002 in
1335 4946 1403 5004 abiis
1417 4945 1503 5006 obest.

833 5063 1084 5133 Commentarius.

169 5163 225 5236 (ib)
255 5163 439 5223 locationem.
464 5165 576 5225 Videtur
608 5170 692 5238 κλῆσιν
706 5170 930 5246 'lnocotioneml
1019 5175 1078 5246 (ιι)
1092 5173 1184 5234 labiis
1206 5174 1314 5237 scilicet
1327 5178 1491 5237 amentiam
1506 5178 1604 5249 Deam,
1625 5184 1679 5237 etc.
1699 5181 1786 5240 Litte-

132 5234 232 5310 legiase
248 5237 381 5310 proaplcrr
397 5239 572 5312 (judiciem),
592 5239 634 5296 acl
654 5243 746 5311 potius
761 5257 793 5297 ex
815 5259 932 5318 euange-
983 5260 1041 5304 ram
1060 5248 1240 5317 occidentem,
1259 5266 1314 5306 non
1337 5258 1428 5307 nutem
1450 5253 1575 5324 spiritum
1599 5253 1671 5324 legis
1689 5253 1783 5312 viriii-

133 5308 170 5365 lio
185 5308 332 5367 ttnrcionis
346 5311 403 5382 (qui
414 5310 562 5383 judicium
579 5311 697 5382 negabat
714 5312 763 5368 Dei
778 5313 842 5371 boni
857 5315 930 5389 asae)
983 5325 1088 5375 cantem
1117 5321 1297 5392 sequebantur
1313 5339 1319 5379 :
1335 5324 1437 5379 clarem
1460 5323 1572 5393 scilicet,
1598 5325 1652 5380 boe
1678 5334 1720 5379 cst
1743 5327 1785 5382 in-

130 5396 289 5451 usurpasse,
305 5390 431 5452 nuquam
445 5396 504 5437 rem
521 5379 682 5438 confessam.
696 5381 807 5439 laurus.
982 5393 1200 5462 terpretationem
1222 5391 1300 5465 legis,
1325 5400 1355 5449 at
1368 5394 1451 5451 modo
1466 5395 1542 5464 dixit,
1558 5409 1614 5452 nou
1635 5395 1779 5453 habebant.

165 5453 222 5523 til)
236 5453 344 5509 Alienae
358 5453 434 5508 enim
451 5450 526 5522 lepis
546 5451 682 5511 dectores.
706 5453 811 5525 Saepius
825 5455 871 5511 hic
895 5473 928 5513 ex
981 5460 1052 5516 Dum
1063 5461 1134 5519 enirn
1155 5464 1292 5521 exteriora
1304 5464 1428 5537 quadam
1440 5465 1629 5538 superstitione
1651 5469 1782 5528 observa·

128 5522 193 5576 alibi
215 5523 282 5596 legia
305 5522 431 5608 doctores
450 5519 601 5650 legisperiti
621 5533 648 5582 et
661 5525 787 5584 Pharisaei
802 5525 928 5586 dicamur
979 5531 1055 5604 bant,
1071 5533 1249 5612 negligebant
1266 5537 1408 5613 quoderat
1421 5536 1601 5611 praecipuum.
1616 5536 1657 5595 tn
1672 5539 1725 5599 Pa.

127 5591 233 5667 (Gracc
248 5593 273 5650 ol
287 5593 406 5672 reptent).
421 5591 461 5650 La
502 5610 529 5652 a.
