3840 6134
171 346 226 410 sla
529 347 745 412 ttuuuttllltt
764 349 897 414 OPERUM
915 351 998 417 PARS
1010 350 1047 415 ll.
1070 380 1106 395 -
1119 351 1233 413 suillus
1246 352 1268 420 1,
1278 351 1449 415 tottulct.

476 483 589 543 CAPUT
615 485 667 543 XI.

1768 354 1827 417 820

986 478 1115 574 “posito
1132 480 1191 550 ejns
1214 480 1405 554 congruentius
1428 483 1609 554 competebat,
1634 498 1704 543 nova
1729 481 1825 557 aliqua

207 578 263 637 Sed
277 577 356 636 aliam
374 581 634 655 argumentationem
657 598 753 640 eorum
782 585 970 655 convenimus,
1026 568 1147 642 55555525
1166 568 1254 639 555555
1273 583 1332 624 5552
1341 569 1541 640 demonstrare,
1557 587 1640 645 55525
1668 571 1720 629 5555
1739 587 1823 630 5552·

173 668 323 746 exigentes,
340 687 388 728 cur
402 672 545 729 animalem
559 689 667 729 carnem
693 674 835 731 subeundo
850 675 973 734 Christus
1026 656 1101 713 55555
1119 657 1249 728 55555555
1268 656 1379 713 55555555
1403 658 1527 731 (57)]’552
1552 660 1668 717 2255555555
1698 676 1733 717 55
1760 662 1825 720 5555

83 799 85 802 .
173 758 291 817 mimam
317 760 449 816 carnalem
472 761 597 820 videatur
623 761 761 818 hahuisse,
783 764 868 819 Deum
892 766 973 836 enim,
1027 761 1108 802 causa
1129 744 1260 804 visibitem
1285 762 1318 801 ex
1345 747 1472 804 invisibili
1497 748 1586 805 iacere
1615 749 1741 823 gestisset
1760 749 1826 805 ani-

174 850 309 924 inqujunp,
330 849 355 888 aa
369 851 477 927 gestivit
491 852 516 891 so
535 853 650 908 animam
665 852 799 910 visibilem
819 855 974 914 hominibus
1029 850 1109 901 mam,
1132 834 1192 890 istis
1220 835 1323 891 scilicet
1343 837 1538 908 quaestionibus
1557 846 1747 910 opportunam,
1776 855 1827 912 per

174 938 311 1006 exhibere,
323 938 445 998 iaciendo
461 958 520 998 cam
535 957 642 1015 eorpus,
661 959 721 1014 quae
736 952 807 1001 retro
823 943 976 1002 invisibiliis
1028 926 1118 984 555555
1132 925 1160 980 55
1178 926 1252 982 555552
1268 925 1291 965 ⁵¹
1316 926 1441 982 huminae
1465 928 1659 986 d⁵f⁰¹¹⁵⁴⁰⁵²⁵¹²²·
1684 928 1739 986 555
1763 944 1822 986 555

177 1026 262 1088 na
281 1029 425 1102 exspirerjg
448 1039 543 1089 napum
567 1032 647 1100 nihil,
665 1050 718 1091 neg
740 1035 911 1109 gemeqpsam
926 1034 973 1092 qq.
1028 1022 1133 1088 poterat
1151 1014 1273 1071 Christus
1302 1014 1371 1071 inter
1399 1017 1521 1072 homines
1544 1017 1596 1071 nisi
1621 1018 1701 1073 homo
1725 1016 1824 1076 videri.

174 1118 253 1189 deus,
273 1134 329 1192 pras
346 1119 536 1192 impedimento
551 1122 640 1179 caruis
655 1122 753 1196 hujus,
768 1134 797 1181 ut
815 1125 897 1183 etiam
916 1125 975 1182 dis·
1028 1102 1122 1162 5552555
1135 1104 1219 1179 585555
1237 1103 1343 1161 5555555
1357 1102 1439 1159 555552
1454 1121 1527 1161 55555
1543 1123 1550 1172 3
1567 1112 1595 1161 55
1608 1106 1653 1178 ⁴1¹¹i
1669 1107 1754 1185 55550
1772 1121 1825 1164 55·

175 1202 342 1283 apestolus,
357 1217 418 1266 napa
441 1210 467 1250 to
489 1211 577 1267 anim,
590 1227 626 1268 ,ῃ
649 1229 714 1282 non,
742 1214 898 1272 mortahsne
927 1214 973 1286 sq,
1027 1192 1109 1251 luerit
1121 1193 1257 1264 incedere,
1273 1192 1388 1250 animam
1408 1209 1515 1268 quoque
1537 1195 1661 1254 hnmanae
1685 1194 1827 1253 conditio·

175 1297 420 1373 montemque
435 1301 661 1375 animamcomus
673 1302 797 1361 effectam
815 1304 844 1360 pn
855 1304 972 1374 christo,
1027 1283 1070 1382 nis
1084 1284 1243 1352 ostenderit,
1258 1298 1312 1338 non
1335 1281 1437 1340 iaciens
1460 1299 1520 1340 eam
1547 1300 1680 1356 carneam,
1695 1285 1745 1342 sed
1778 1284 1825 1342 in·

176 1392 207 1445 ιιι
230 1404 291 1446 eam
312 1396 339 1445 et
358 1397 513 1448 nascentem
534 1400 562 1448 ει
587 1392 759 1462 morientem,
785 1400 821 1462 et,
842 1394 915 1468 quod
940 1394 975 1453 sit
1028 1383 1113 1431 55555
1128 1387 1188 1428 5555
1203 1387 1294 1429 came·

176 1476 300 1548 amplius,
316 1487 503 1553 resurgentem
517 1480 682 1540 videremus.
707 1481 740 1538 Ει
758 1481 783 1520 52
806 1483 857 1538 hoe
884 1489 974 1538 aotam

175 1564 257 1640 quote
271 1576 329 1625 crat
340 1567 374 1636 ⁴³,
388 1577 418 1625 ut
432 1586 481 1642 per
501 1585 609 1627 carnem
633 1569 861 1629 demonstraretur
883 1569 973 1626 anima
1281 1530 1365 1589 ”5
1380 1532 1495 1591 CAPUT
1510 1533 1574 1589 ΧΗ·

176 1655 288 1715 tibiam
302 1658 392 1730 nobis,
406 1675 467 1733 quae
482 1675 530 1732 per
549 1674 660 1716 carnem
682 1676 736 1716 non
757 1667 862 1729 poterat
883 1675 972 1734 agno·
1061 1656 1178 1715 Ostensa
1192 1657 1227 1714 sit
1240 1657 1411 1715 nuneanima
1425 1672 1474 1731 per
1485 1673 1608 1725 carnem,
1630 1656 1654 1714 si
1669 1659 1827 1718 constiterit

177 1744 232 1807 sci:
253 1753 284 1805 ει
298 1749 337 1804 ειε
359 1749 555 1815 ostenderetur,
577 1747 641 1803 dum
660 1747 686 1803 id
702 1747 741 1815 fit,
756 1748 801 1805 oui
820 1748 929 1819 latebat,
946 1749 972 1805 id
1026 1745 1098 1802 illam
1114 1745 1311 1803 ostendendam
1331 1761 1440 1819 quoquo
1461 1748 1542 1804 modo
1568 1747 1593 1786 ⁵²
1615 1747 1711 1817 luisse,
1731 1748 1760 1806 id
1784 1758 1828 1806 est

176 1841 219 1894 εει
235 1836 318 1893 carot
330 1835 454 1892 tenebras
466 1836 592 1893 videlicet
615 1838 730 1909 accepit,
748 1845 778 1895 ut
797 1837 885 1895 lucere
905 1853 969 1910 pos·
989 1853 1011 1930 B
1028 1835 1193 1911 incognitam
1222 1835 1275 1892 sibi
1304 1843 1332 1893 et
1347 1836 1425 1893 uobis
1454 1838 1522 1910 (58).
1538 1834 1698 1910 Quanquam
1722 1838 1752 1894 io
1772 1839 1825 1895 hoc

177 1933 219 1983 set
243 1925 279 1980 55.
299 1927 432 1997 Denique,
457 1926 545 1984 adhuc
572 1928 597 1966 ⁴⁵
624 1927 698 1999 prins
722 1935 907 1996 retractemus,
937 1944 972 1985 an

175 2009 229 2069 isto
255 2013 336 2070 modo
362 2014 529 2070 ostendenda
557 2014 636 2071 tuerit
660 2015 759 2085 anima,
775 2032 809 2072 an
837 2015 865 2072 in
891 2025 974 2074 toturn

174 2099 338 2159 invisibilem
352 2118 410 2158 eam
425 2113 497 2162 retro
508 2105 644 2180 allegent;
665 2114 757 2162 utrum
782 2105 860 2178 quasi
881 2106 976 2164 incor-

176 2188 306 2263 poralem,
319 2206 355 2247 an
368 2192 448 2248 etiarn
464 2193 607 2251 habentem
621 2194 731 2268 aliquod
746 2210 835 2268 genus
850 2195 974 2268 corporis

176 2279 288 2353 proprii.
305 2283 340 2336 Et
352 2289 444 2338 tamen
462 2298 523 2339 cum
542 2281 705 2340 invisibilem
721 2283 821 2351 dicant,
842 2299 974 2356 corpora-

175 2366 232 2427 lem
249 2384 310 2426 eem
329 2370 503 2437 constituunt,
521 2371 664 2429 habentem
684 2372 758 2443 quod
776 2371 912 2431 invisibile
927 2373 962 2429 sit

176 2455 251 2515 Nihil
264 2459 337 2513 enim
350 2459 454 2515 habeus
467 2457 609 2528 invisibile,
626 2461 762 2532 quomodo
784 2469 874 2531 potest
903 2460 975 2516 invi·

1028 1940 1098 1982 vana
1116 1923 1252 1981 distinctio
1267 1932 1322 1992 cst;
1336 1925 1415 1997 quasi
1436 1940 1491 1982 non
1510 1941 1539 1982 se
1566 1941 1659 1983 orsum
1682 1925 1716 1982 ab
1736 1925 1826 1982 anima

1030 2013 1124 2084 abnuo,
1148 2028 1210 2069 cum
1232 2020 1327 2084 totum,
1359 2016 1430 2087 quod
1456 2030 1561 2085 sumus,
1589 2014 1681 2071 anima
1698 2016 1734 2072 sit
1756 2015 1824 2088 (59).

1028 2101 1148 2174 Denique
1168 2102 1224 2160 sine
1238 2102 1326 2160 anima
1340 2103 1407 2160 nihil
1430 2120 1532 2171 sumus,
1557 2120 1591 2160 nc
1617 2103 1740 2161 hominis
1762 2104 1824 2177 qui·

1029 2191 1102 2264 dem¹
1118 2191 1165 2247 sed
1178 2191 1314 2249 cadaveris
1328 2207 1436 2250 nomen.
1453 2192 1482 2249 Si
1505 2208 1571 2266 ergo
1588 2193 1749 2266 ignoramus
1763 2195 1823 2250 aui·

1029 2297 1112 2351 marn,
1128 2281 1189 2352 ipsa
1213 2297 1242 2337 se
1264 2282 1370 2354 ignorat
1383 2283 1449 2354 (60).
1475 2283 1566 2355 ltaque
1584 2283 1609 2321 ⁵³
1629 2291 1757 2354 superest
1775 2284 1826 2341 hoc

1029 2367 1198 2426 solummodo
1212 2369 1355 2442 inspicere,
1372 2386 1406 2426 an
1419 2387 1448 2428 se
1462 2371 1553 2428 anima
1574 2370 1620 2426 bic
1633 2371 1657 2410 ⁵⁴
1683 2372 1823 2446 ignorarit,

1029 2464 1256 2529 utnotaquoquo
1280 2457 1304 2495 ⁵⁵
1328 2456 1410 2513 modo
1433 2456 1520 2515 fieret.
1546 2458 1660 2530 Opinon,
1692 2458 1825 2516 sensualis

1029 2553 1071 2601 est
1084 2545 1180 2601 animae
1194 2553 1299 2603 natura.
1315 2546 1401 2615 tideo,
1423 2547 1490 2603 nihil
1510 2549 1624 2605 animate
1645 2548 1705 2604 sine
1726 2564 1823 2618 scnso;

1029 2633 1096 2689 nihil
1108 2635 1233 2692 sensuale
1248 2635 1306 2692 sine
1318 2635 1420 2693 anima.
1435 2635 1467 2692 Ει
1481 2644 1511 2694 ut
1525 2635 1683 2710 impressius
1696 2637 1723 2677 ⁵⁶
1746 2637 1825 2693 dixe-

176 2544 262 2605 sibilis
277 2546 349 2604 dicii
368 2547 421 2605 Sed
435 2553 473 2605 'ne
489 2564 549 2606 esso
565 2547 676 2622 quidem
693 2557 794 2623 potest,
809 2548 861 2605 nisi
877 2549 901 2588 55
924 2550 973 2604 lra-

176 2634 244 2694 bena
260 2653 309 2709 per
327 2639 401 2711 quod
419 2637 464 2694 sit.
479 2638 546 2694 Cum
563 2647 654 2694 autem
673 2639 718 2707 sit,
744 2639 841 2694 habeat
863 2653 974 2695 necesse

176 2732 220 2784 εει
237 2727 347 2799 eliquld,
364 2744 413 2801 per
436 2727 508 2800 qnod
527 2735 578 2785 est.
601 2726 630 2783 Si
651 2729 732 2784 hahet
751 2727 775 2766 52
798 2726 898 2800 aliquid
927 2743 975 2799 per
1029 2720 1090 2794 rint,
1106 2724 1204 2781 animae
1223 2724 1312 2781 anima
1330 2741 1428 2782 seusus
1443 2732 1492 2781 εει.
1513 2725 1599 2802 igitur
1611 2741 1673 2783 cum
1695 2727 1824 2783 omnibus

175 2817 249 2890 quod
274 2824 326 2888 est,
342 2819 394 2874 hoc
425 2816 477 2874 erit
497 2810 597 2888 eorpus
624 2818 693 2889 ejus.
717 2817 804 2876 Omne
821 2817 894 2890 quod
919 2824 973 2882 cst,
1028 2811 1120 2868 anima
1147 2812 1245 2869 sentire
1282 2820 1402 2885 praestet,
1432 2821 1461 2870 et
1490 2814 1551 2884 ipso
1576 2814 1675 2870 sentiat
1701 2814 1824 2871 omniurn

176 2917 276 2978 eorpus
296 2915 336 2962 ast
350 2906 392 2961 sui
406 2904 528 2980 geneda,
555 2905 623 2962 nihil
652 2914 695 2963 εει
718 2906 899 2979 incorporale,
921 2906 973 2962 nisi
1028 2901 1109 2959 etiam
1124 2918 1231 2969 sensus,
1252 2904 1351 2960 nedum
1370 2903 1513 2975 qualitates
1530 2904 1600 2975 (ut),
1614 2903 1660 2977 qui
1679 2904 1703 2944 52
1730 2903 1824 2960 verisi-

176 2994 318 3066 quodnon
332 3005 382 3053 est.
394 2996 513 3054 Habente
536 2996 619 3071 igitur
643 2998 733 3053 aninra
752 2996 889 3056 invisibile
906 3010 971 3052 cor·
1027 2991 1091 3048 mile
1111 2998 1161 3058 est,
1182 2998 1211 3047 ut
1233 2990 1292 3064 ipsa
1311 3009 1420 3048 sensum
1442 2993 1483 3050 sui
1503 2995 1538 3049 ab
1561 2993 1638 3050 initio
1654 2993 1750 3050 sortita
1770 3010 1824 3051 non

176 3098 239 3157 pua,
259 3084 305 3157 qui
329 3083 461 3142 visibilem
490 3101 549 3142 earn
577 3085 668 3144 lacere
687 3095 854 3158 susceperat,
877 3087 970 3157 utique
1024 3080 1081 3137 sitt
1100 3081 1177 3139 Unde
1190 3081 1240 3148 illi,
1262 3081 1418 3156 scirequod
1433 3082 1568 3140 interdum
1593 3083 1645 3140 sibi
1667 3082 1703 3141 sit
1727 3100 1823 3142 neces·

175 3171 287 3246 dignius
304 3173 331 3229 id
346 3177 405 3244 ejas
423 3173 530 3232 visibile
544 3175 660 3243 iecisset,
680 3176 753 3249 quod
777 3176 909 3235 invisibile
924 3176 973 3231 ha·
989 3148 1011 3228 ὓ
1026 3168 1138 3243 sarium,
1162 3186 1199 3226 eu
1223 3171 1388 3228 naturalium
1405 3171 1431 3210 55
1453 3173 1623 3240 εεεεεειιειε,
1647 3173 1671 3230 si
1694 3188 1751 3230 non
1773 3173 1824 3230 scit

176 3262 302 3333 bebatur,
322 3264 386 3339 quia
410 3280 458 3321 nee
484 3265 528 3321 hic
550 3266 720 3322 mendacium
754 3274 802 3320 aut
832 3263 974 3321 infirmitas
1029 3275 1104 3316 suam
1127 3259 1297 3332 qualitatem,
1322 3262 1366 3317 cui
1386 3261 1453 3334 quid
1475 3264 1657 3321 necessarium
1676 3265 1744 3321 esti
1767 3264 1823 3319 lloc

175 3351 235 3411 Deo
249 3355 390 3425 competit:
405 3353 588 3426 mendacium,
604 3353 628 3410 ει
645 3354 718 3410 aliud
742 3352 867 3420 animam,
892 3370 973 3425 quam
1029 3349 1139 3423 quidem
1157 3349 1185 3405 in
1204 3352 1276 3406 omui
1291 3349 1381 3405 anima
1405 3367 1600 3426 recognoscere
1617 3360 1676 3425 est;
1699 3352 1823 3410 notitiam

176 3443 330 3516 quoderat,
346 3444 552 3512 demonstrantia
568 3442 722 3512 infirmitas,
737 3442 760 3498 si
784 3441 811 3498 id
831 3444 974 3514 quoderat
1027 3435 1159 3505 suidico;
1177 3435 1235 3494 siue
1249 3453 1303 3511 qua
1316 3437 1411 3495 notitia
1425 3438 1468 3496 sui
1487 3439 1563 3497 nulla
1579 3439 1668 3496 anima
1682 3455 1713 3496 ss
1733 3440 1759 3480 55
1773 3439 1823 3495 mi·

177 3532 361 3589 demonstrare
389 3547 444 3588 uon
470 3531 563 3589 valuit.
586 3532 671 3589 Nemo
706 3531 847 3588 ostendero
879 3531 973 3589 volens
1026 3526 1139 3583 nistrare
1169 3526 1311 3597 potuisset.
1339 3527 1409 3584 Puto
1438 3534 1526 3586 antem
1553 3529 1641 3603 magis
1673 3529 1821 3599 hominem,

177 3618 323 3690 hominem,
345 3620 478 3677 cassidem
504 3629 550 3676 aut
575 3634 719 3690 personam
739 3618 765 3675 ei
785 3618 896 3677 inducit.
917 3621 974 3678 lloc
1026 3615 1124 3673 animal
1144 3613 1382 3683 solumvationale.
1399 3625 1550 3691 00mp0teffl
1573 3626 1601 3675 et
1622 3617 1740 3676 animam
1762 3632 1822 3676 5555

179 3717 268 3766 autern
284 3709 437 3765 factumest
450 3709 556 3777 animae,
572 3710 597 3766 ει
610 3709 638 3764 ιε
653 3724 734 3766 carne
749 3708 774 3748 55
793 3723 923 3766 conversa
947 3710 973 3749 55
1026 3709 1162 3778 sortitum,
1178 3725 1240 3781 quae
1258 3709 1333 3765 illum
1352 3709 1416 3767 lacit
1439 3711 1465 3751 55
1488 3711 1584 3768 animal
1603 3712 1749 3784 rationale,
1763 3712 1823 3784 ipsa

177 3796 292 3854 alienam
307 3796 394 3852 induit
408 3798 432 3836 ⁵⁰
446 3798 625 3870 superficiem.
644 3797 737 3854 Sedet
757 3799 780 3854 si
794 3797 974 3870 incorporalis
1026 3797 1055 3854 in
1070 3796 1165 3870 primis
1180 3797 1327 3854 rationalis.
1343 3799 1437 3866 Porro,
1452 3799 1588 3872 quomodo
1599 3800 1747 3866 rationalis,
1763 3815 1822 3875 que

177 3885 266 3941 anima
280 3886 436 3956 deputetur,
459 3894 489 3941 ut
507 3887 596 3959 aliqua
619 3888 646 3944 vi
669 3886 780 3946 rationis
799 3889 912 3957 occulta,
940 3889 975 3946 sit
1026 3885 1109 3944 etheit
1123 3885 1261 3943 hominem
1280 3887 1409 3944 rationale
1432 3889 1539 3959 animal,
1564 3890 1587 3947 si
1610 3889 1670 3963 ipsa
1688 3891 1822 3949 rationem

177 3974 288 4046 quidem
302 3971 401 4045 anima,
424 3991 525 4048 corpus
539 3984 628 4033 tamen
643 3993 697 4035 uon
718 3977 763 4046 sit,
777 3977 908 4052 quidquid
933 3984 974 4034 est
1027 3991 1104 4033 suam
1117 3974 1214 4043 nescit,
1235 3975 1364 4048 ignoraus
1386 3977 1582 4050 semetipsam?
1600 3979 1654 4037 Sed
1676 3979 1747 4037 adeo
1767 3993 1822 4035 nou

91 4045 97 4061 ’
177 4058 284 4132 εειιεε;
299 4063 413 4135 proinde
432 4061 600 4137 impossihile
613 4065 671 4124 Deo
691 4081 745 4126 non
763 4074 831 4134 erat,
858 4076 885 4124 et
904 4081 972 4140 pro·
1027 4064 1145 4138 ignorat,
1164 4073 1193 4121 ut
1205 4071 1352 4136 auctorem,
1367 4074 1395 4123 et
1418 4066 1550 4125 arbitrum
1568 4073 1597 4124 et
1621 4075 1724 4125 statum
1743 4084 1822 4125 suoru

864 4181 961 4249 Variae
981 4182 1136 4245 lectiones.

208 4260 235 4302 25
248 4260 338 4333 lnquit
359 4259 448 4317 Rhea.
463 4259 488 4299 55
510 4258 630 4318 Gestavit
651 4263 712 4335 trip.
735 4263 761 4304 ⁴⁰
778 4264 826 4322 list
847 4264 912 4322 cdd.
932 4262 1020 4320 Itbeu.
1040 4259 1065 4298 ⁴¹
1090 4258 1212 4314 hlortalis
1231 4275 1265 4316 ne
1287 4260 1322 4316 sit
1342 4275 1432 4318 annon
1451 4263 1590 4320 obscrato
1619 4263 1707 4319 Votic.
1732 4263 1810 4320 codd.

172 4332 256 4392 etad.
271 4333 397 4390 blitea.
418 4331 616 4404 abjicitettooa
634 4334 702 4390 lca.
723 4334 748 4373 ⁴²
766 4333 805 4391 iix
827 4338 914 4394 litera
937 4337 1003 4391 Par.
1019 4334 1099 4388 Pom.
1124 4331 1149 4370 55
1174 4331 1228 4386 Erit
1250 4332 1336 4390 hicn.
1361 4335 1441 4391 Pam.
1464 4334 1550 4392 Servat.
1575 4334 1600 4374 55
1625 4334 1715 4390 Possit
1738 4334 1818 4392 Pam.

172 4405 259 4463 haee.
286 4405 370 4463 Semi.
390 4403 415 4442 ⁴⁵
430 4403 473 4459 ltd
495 4405 546 4460 hoc
565 4404 657 4464 libe-u.
681 4406 766 4462 Scmt.
789 4407 897 4464 oberth.
914 4407 939 4446 55
962 4402 1035 4460 Nihil
1054 4402 1116 4459 ulti.
1140 4402 1164 4440 52
1188 4403 1274 4458 liabet
1296 4404 1372 4462 coest
1396 4421 1414 4459 ε
1434 4405 1522 4463 littera.
1547 4404 1632 4464 Samt.
1658 4406 1683 4444 55
1704 4405 1821 4462 Carnem

170 4477 232 4535 etta.
248 4477 272 4516 ⁴⁵
291 4477 453 4532 conversam
471 4477 551 4533 Pam.
577 4476 665 4533 libau.
690 4476 776 4534 Smet.
795 4478 821 4516 55
842 4478 932 4533 induis
946 4478 1026 4532 Pom.
1042 4473 1065 4513 55
1090 4475 1121 4528 ln
1143 4473 1226 4529 illam.
1250 4475 1347 4532 oberat
1370 4491 1385 4530 a
1405 4476 1468 4534 cod.
1492 4477 1607 4534 Pt'tlaoei.
1632 4475 1658 4515 ⁵²
1673 4476 1818 4546 Quomodo

169 4547 259 4604 libera.
276 4548 361 4607 Semt.
377 4547 402 4586 55
421 4546 457 4602 lte
471 4548 557 4605 Servat.
571 4546 597 4586 ⁵⁴
615 4548 663 4603 Hic
676 4549 752 4605 ειεει
771 4565 788 4603 c
804 4547 890 4606 hbeo.
907 4549 992 4606 Servat.
1014 4545 1039 4583 ⁵⁵
1053 4544 1194 4614 Quomodo
1209 4546 1310 4628 libera..
1323 4547 1408 4605 Scmt.
1433 4547 1458 4586 55
1480 4548 1605 4605 Pressius
1619 4548 1708 4607 Rlacn.
1726 4548 1752 4588 52
1771 4548 1820 4605 Cui

169 4621 251 4677 Pom.
266 4622 349 4678 Fron.
365 4618 390 4658 52
403 4617 525 4688 Naturali
538 4619 619 4675 Pom.
634 4621 719 4676 Frca.
735 4620 802 4676 Par.
818 4619 842 4658 55
856 4622 880 4675 rt
893 4635 923 4675 se
937 4623 1022 4678 Fran.
1034 4619 1102 4676 Par.
1116 4620 1196 4675 Pam.
1212 4616 1238 4656 55
1252 4617 1340 4675 Faciat
1355 4618 1446 4677 libera.
1463 4620 1549 4678 Sonat.

873 4719 1122 4785 Commentarius.

204 4798 262 4873 (st)
278 4799 413 4857 Alterius.
427 4797 554 4856 Atter‘ics
567 4795 645 4867 dixit,
659 4811 709 4868 pro
723 4799 808 4870 otios,
817 4798 845 4855 id
864 4807 906 4856 est
919 4799 965 4855 di·
1020 4794 1140 4851 Sasbont
1158 4793 1290 4877 Delphina
1301 4797 1375 4853 hom.
1389 4800 1406 4854 3
1421 4812 1506 4872 super
1521 4797 1659 4870 emaum,
1670 4797 1749 4870 juxta
1763 4800 1822 4857 Pla·

167 4885 255 4929 versae
281 4871 413 4927 Rneuau.
1018 4867 1090 4925 tonia
1105 4873 1273 4925 sententiam.
1295 4868 1363 4926 Luc.

202 4941 455 5068 (titglracegnitcm
469 4939 524 5022 sibe
535 4942 569 5020 et¹
581 4938 822 4998 occultationem
836 4942 963 5026 insinuat,
1054 4954 1112 5024 (ep)
1123 4956 1154 5013 Si
1168 4972 1230 5028 ergo
1244 4959 1409 5029 speraremus
1422 4959 1560 5026 animem,
1571 4958 1634 5032 ipsa
1646 4976 1677 5018 se
1691 4959 1821 5034 hamat.

167 5028 217 5073 tut
264 5010 572 5068 ¹0⁵²⁵¹1⁴V⁴⁴⁵²²⁴¹¹1¹⁴²¹
608 5012 804 5069 555555555552
838 5031 966 5086 55252552,
1019 5027 1121 5085 Verum
1134 5029 1188 5083 hoc
1202 5037 1254 5098 est,
1270 5046 1333 5085 nam
1347 5030 1388 5085 vis
1410 5031 1570 5087 intellectiva
1593 5031 1620 5086 in
1648 5032 1744 5090 anima
1767 5040 1820 5106 est,

1018 5113 1070 5155 nec
1095 5098 1173 5154 aliter
1196 5116 1276 5168 quam
1304 5101 1443 5158 intellectu
1475 5101 1578 5174 percipi
1599 5109 1688 5172 potest
1712 5104 1820 5177 anima;

1019 5170 1165 5225 materialis
1179 5172 1251 5225 enim
1265 5186 1361 5228 sensus
1385 5190 1442 5229 non
1458 5173 1566 5245 attingit
1580 5189 1636 5228 reru
1657 5174 1818 5246 spiritalem.

217 5295 224 5308 ‚
689 5299 695 5310 ,
816 5301 822 5312 ,
1019 5240 1096 5297 Unde
1112 5242 1134 5297 si
1154 5243 1270 5296 animam
1285 5259 1337 5299 non
1356 5243 1556 5317 cognoscimus,
1576 5260 1666 5318 neque
1686 5247 1819 5305 animose

168 5305 319 5357 tumueram
334 5300 361 5353 et
376 5297 605 5370 Pythagoreorum
625 5299 754 5380 placatum
779 5316 897 5355 animaru
917 5315 964 5355 so-
1020 5313 1175 5457 nognosciv,
1195 5313 1261 5370 [Αο,

168 5369 299 5429 lamesse
318 5367 465 5426 hominem.
482 5369 651 5451 ltaPJatorn
666 5369 818 5452 Alcibiade,
832 5371 877 5426 ubi
896 5386 962 5443 pro-
1067 5384 1112 5455 hl)
1141 5384 1248 5441 Nedum
1279 5388 1444 5458 qualitates.
1466 5386 1617 5457 Qualitates
1643 5397 1733 5462 vocat,
1764 5404 1818 5448 noo

168 5441 217 5498 bat
229 5455 329 5513 corpus
343 5454 396 5496 noo
408 5455 469 5524 esse
484 5440 636 5521 hominem,
651 5442 697 5495 sed
715 5441 835 5513 hommr3
854 5453 963 5499 externa
1017 5455 1089 5526 quael
1110 5454 1196 5527 rigide
1216 5456 1368 5526 philosophi
1391 5474 1466 5516 mere
1492 5459 1651 5533 accidentia,
1674 5463 1725 5518 sed
1751 5478 1817 5536 pm.

168 5527 235 5572 vero
249 5529 304 5568 non
320 5527 382 5568 esse
395 5512 522 5578 tumus,
539 5512 586 5567 seu
601 5511 871 5569 fortune-Adversus
882 5530 962 5588 quem
1017 5526 1145 5596 prietates
1159 5527 1225 5583 tteea
1239 5529 1396 5586 essentiales
1412 5546 1513 5600 rerem,
1529 5547 1628 5603 nempe
1648 5533 1767 5603 qualiter
1788 5540 1818 5589 et

168 5584 240 5642 hanc
254 5583 431 5713 (ιεεειιεεεει
457 5582 541 5656 agitat
563 5584 682 5667 loannes
704 5584 826 5659 Crispus,
854 5587 899 5670 lib.
924 5602 961 5655 rx,
1017 5613 1077 5671 que
1092 5597 1155 5664 sint,
1170 5609 1201 5652 ut
1216 5607 1309 5668 postea
1322 5602 1360 5660 ait
1374 5603 1408 5661 de
1421 5603 1530 5661 anima:
1547 5604 1577 5661 st
1589 5620 1648 5663 ocra
1662 5607 1719 5665 scit
1732 5622 1817 5665 scam

170 5656 210 5716 lte
231 5659 260 5716 et
281 5671 354 5714 occu
366 5656 470 5730 phetes.
484 5657 618 5716 Praeterea
635 5655 701 5714 allud
715 5655 814 5718 refutat
826 5661 963 5719 Adrianus
1016 5670 1193 5743 qualitatem.
1207 5669 1272 5728 Lac.

166 5082 339 5207 qoesidessdu
359 5082 505 5209 igteognita,
525 5079 638 5154 perinde
662 5092 705 5140 est
724 5085 860 5161 incognita
884 5096 966 5160 atque

168 5160 349 5296 csggrgffimag
363 5168 456 5283 ιεΛιξιει
466 5226 537 5299 quod
549 5243 647 5285 mmor
661 5229 760 5287 anima
773 5230 821 5287 sit.
836 5229 897 5286 Fuit
907 5229 966 5284 Pla·
