3840 6134
211 277 262 339 nr
555 228 776 325 rsnmnmmv
795 252 926 317 onasus
948 220 1031 312 vans
1050 249 1140 313 m·-
1161 249 1277 311 santes
1296 248 1317 319 ι·
1339 247 1508 313 nonnum.
1806 245 1861 306 rra

211 401 268 459 aeri
294 403 390 472 postea
421 387 506 452 104
533 357 673 447 insultabit
696 386 724 441 in
746 381 846 456 aquila,
871 387 916 436 sut
943 376 1009 434 mari
1028 382 1096 471 got
1119 373 1192 439 ferri,
1222 383 1318 433 natura
1346 373 1502 430 substantie
1528 380 1576 429 cst.
1605 372 1709 428 Duritia
1735 387 1862 428 eommo-

212 497 306 564 postes
324 481 469 543 desultabit
484 481 512 536 in
526 477 660 553 anguills‘.l
681 470 824 542 Quomodo
841 468 905 528 item
924 466 1010 539 pabu-
1067 463 1149 536 nicat,
1174 463 1324 520 substantia
1345 461 1492 518 discordat.
1517 460 1630 517 Mollitia
1652 461 1732 531 lane,
1750 460 1864 518 mollitia

214 581 249 637 lis
263 575 422 634 liberalibus
438 577 466 628 et
485 570 606 626 delicatis
626 573 706 637 atquc
728 563 753 602 7³
772 559 871 618 curatis
890 558 1013 625 educata,
1067 554 1176 625 plumae,
1195 552 1304 625 pariant
1324 550 1458 609 naturalia
1479 564 1591 618 earum3
1616 547 1785 607 substantiva
1808 562 1864 604 non

214 684 269 725 non
285 665 345 722 dico
364 662 466 736 paleas,
483 659 532 717 sed
551 656 657 727 spinas,
671 665 698 710 et
712 659 833 725 agrestes
851 644 1012 703 amaritudi-
1069 642 1183 713 pariant.
1197 642 1244 699 Sic
1257 653 1283 698 ει
1296 640 1320 697 si
1335 655 1408 698 saeva
1421 638 1506 696 bestia
1518 639 1563 696 vel
1582 640 1668 711 proba
1680 644 1797 696 vocetur
1809 637 1864 694 ho-

214 772 263 813 nos
287 751 434 818 frondium,
453 757 481 803 et
504 746 605 802 bestias
627 740 870 814 sterquiliniorum,
883 735 1014 792 vermium
1068 746 1124 796 mo,
1145 731 1193 786 sed
1217 745 1272 786 non
1295 730 1388 786 eadem
1411 729 1511 783 anima.
1530 727 1600 782 Nam
1623 734 1651 782 et
1669 734 1732 783 tunc
1758 733 1866 782 nature

215 845 294 901 etlam
310 854 411 899 venena
426 833 573 892 ruminabit
588 831 638 902 (8),
655 830 679 885 si
693 829 721 883 in
735 843 846 899 capram
867 821 1013 886 transierit,
1068 819 1216 876 similitudo
1248 825 1371 891 notatur,
1398 834 1458 874 cum
1490 815 1644 872 substantiae
1673 814 1866 874 dissimilitudo

215 933 258 990 vel
276 931 302 985 in
325 926 505 993 coturnicem3
522 925 575 978 imo
593 930 620 976 et
637 916 833 980 cadaverinam,
851 915 905 968 imo
919 920 946 966 et
963 910 1015 966 hu·
1069 909 1243 979 conspicitur.
1268 908 1362 980 Ipsum
1383 906 1471 972 enim,
1489 905 1563 979 quod
1584 904 1721 962 hominem
1744 904 1868 963 similem

216 1033 334 1087 menam,
349 1013 391 1071 aui
405 1012 498 1084 utique
515 1020 622 1065 memor
637 1006 665 1061 in
685 1018 749 1060 urso
767 1011 795 1058 ει
816 998 914 1057 leonei
929 998 974 1055 Sic
988 1004 1017 1053 et
1069 998 1165 1054 hestiae
1182 996 1297 1067 judicas,
1313 995 1449 1054 confiteris
1472 996 1588 1051 animam
1610 1011 1664 1053 non
1687 993 1812 1051 eamdem
1829 993 1867 1063 ²⁸,

217 1115 313 1164 caetera
336 1104 370 1160 ad
394 1097 629 1172 incongruentiam
657 1092 766 1165 rediges
785 1091 820 1160 li,
844 1104 877 1144 ne
897 1084 1017 1158 singulis
1070 1087 1183 1143 similem
1198 1086 1324 1156 dicendo,
1339 1102 1394 1144 non
1417 1087 1513 1156 ipsam.
1528 1083 1574 1141 Sic
1587 1091 1616 1141 et
1635 1083 1727 1141 divina
1741 1098 1866 1157 pronun·

217 1193 375 1270 perorandis
413 1192 596 1245 immoremur.
635 1182 723 1254 Ipsius
758 1179 854 1234 aoimae
891 1177 1017 1231 humanae
1073 1176 1147 1233 tistio
1167 1176 1246 1245 sapit,
1262 1175 1413 1246 pecudibus
1434 1176 1580 1247 adequans
1599 1173 1740 1230 bominem
1758 1182 1870 1241 natura,

218 1282 340 1358 quisquis
362 1280 480 1347 modus,
498 1286 675 1348 quaeeumque
700 1282 835 1333 mensura,
855 1262 919 1338 quid
940 1261 1019 1319 faciet
1072 1279 1127 1320 non
1150 1263 1310 1320 substantia.
1333 1264 1478 1335 Caeterum,
1493 1277 1543 1319 nec
1566 1254 1639 1319 Deus
1657 1262 1797 1318 hominem
1819 1263 1873 1320 hoc

221 1372 249 1429 in
268 1368 448 1442 amplioribus
465 1364 547 1437 longe
565 1360 607 1419 vel
625 1355 816 1415 minutioribus
836 1349 1018 1410 animalibus?
1072 1353 1154 1410 modo
1169 1361 1297 1420 notasset,
1313 1354 1337 1410 si
1353 1351 1485 1426 pecudem
1499 1352 1533 1408 de
1547 1350 1696 1408 susbstantia
1710 1360 1816 1409 nomi,

220 1461 336 1516 Necesse
350 1463 391 1513 εει
411 1453 485 1510 εείεε
498 1458 525 1508 ει
538 1464 641 1520 corpus
667 1460 748 1504 omne
770 1443 861 1499 anima
879 1437 1018 1512 compleri,

221 1556 248 1607 ει
261 1547 377 1603 animam
395 1557 504 1600 omnem
517 1552 631 1610 corpore
650 1532 761 1592 obduci.
784 1527 928 1600 Quomodo
953 1541 1020 1600 ergo
1340 1493 1456 1550 CAPUT
1475 1491 1604 1550 xxxm-

221 1639 310 1695 anima
322 1631 440 1691 hominis
458 1627 604 1699 complebit
621 1623 794 1696 elephantum
808 1616 868 1690 (9)i
882 1615 1021 1690 quamdo
1111 1616 1199 1674 Etiam
1221 1630 1282 1674 cum
1309 1615 1405 1687 iudicii
1430 1616 1541 1673 nomine
1563 1614 1621 1688 (12)
1644 1613 1799 1673 modicatur
1819 1617 1877 1677 boe

222 1729 287 1786 item
315 1723 464 1783 obducetur
487 1719 515 1773 in
539 1714 647 1772 culice?
671 1710 701 1769 Si
728 1717 831 1766 tantum
861 1707 1022 1765 extendetur
1076 1705 1185 1779 dogma,
1209 1705 1281 1779 quod
1299 1704 1397 1760 animae
1417 1704 1543 1762 hnmanae
1567 1719 1616 1776 pro
1639 1704 1693 1762 rita
1715 1712 1743 1761 ει
1766 1706 1878 1764 nmilia

224 1823 270 1874 aut
288 1811 461 1872 contrahetur
477 1807 518 1870 ³⁵,
538 1801 659 1874 profecto
682 1796 889 1870 periclitabitur.
908 1797 942 1854 lit
961 1795 1022 1853 idco
1077 1809 1178 1871 genera
1194 1793 1354 1850 animalium
1368 1793 1525 1862 sortiantur,
1540 1792 1697 1867 jugulandae
1715 1807 1833 1868 quam
1846 1794 1877 1853 in

231 1901 340 1972 adjicio,
356 1897 380 1953 si
394 1895 466 1952 nulla
483 1892 587 1950 ratione
606 1904 690 1960 capax
705 1897 747 1944 εει
759 1885 915 1957 hujusmodi
934 1893 1023 1942 trans·
1079 1882 1225 1955 oocisoriis,
1240 1891 1267 1939 et
1284 1882 1445 1956 subigendae
1459 1897 1576 1956 qumque
1594 1881 1623 1938 in
1642 1880 1833 1956 famulatoriis,
1849 1893 1879 1942 et

225 1988 335 2048 lationis
358 1986 385 2040 in
413 1981 547 2049 animalia,
571 1995 621 2036 nec
648 1975 765 2033 modulis
789 1989 942 2046 corporum,
967 1987 1020 2029 nee
1036 1992 1060 2072 Β
1075 1971 1221 2045 fatigandae
1235 1970 1264 2027 in
1278 1970 1420 2043 operarii,
1428 1978 1456 2027 et
1464 1969 1599 2028 foednndse
1608 1971 1637 2027 in
1650 1970 1880 2045 immundisper·

225 2077 329 2136 caeteris
356 2081 459 2131 naturae
482 2086 539 2128 suae
560 2068 669 2143 legibus
692 2063 869 2137 admonentis,
892 2061 1022 2135 numquid
1075 2063 1139 2121 inde
1162 2061 1339 2130 honorandae,
1353 2067 1380 2116 et
1402 2059 1559 2133 diligendae,
1573 2068 1600 2117 et
1622 2060 1803 2132 eorummet
1820 2062 1876 2117 arl-

228 2180 295 2241 ergo
309 2161 489 2221 demutabitur
511 2159 657 2216 secundnm
677 2154 819 2228 qualitates
840 2167 980 2226 generum,
995 2158 1023 2208 et
1078 2150 1200 2224 peteadae
1216 2149 1243 2206 in
1256 2148 1471 2221 speciosissimis,
1486 2158 1512 2205 ει
1527 2149 1705 2221 probissimis,
1720 2155 1749 2207 ει
1763 2149 1876 2208 ututur.

225 2255 305 2313 ritam
320 2266 416 2309 eorum
431 2247 592 2307 contrariam
611 2247 737 2301 homsnae
752 2244 823 2307 vitae,
840 2240 910 2297 facta
924 2238 1024 2310 etipsa
1077 2240 1168 2297 miset
1188 2237 1394 2295 delicatissimis.
1419 2238 1452 2294 Et
1471 2237 1516 2296 bia
1535 2237 1624 2294 dicam
1643 2255 1651 2295 t
1672 2237 1703 2295 Si
1725 2247 1877 2306 mutantur,

225 2341 358 2402 conusria
387 2341 512 2396 humanae
539 2350 589 2408 per
614 2326 852 2389 demutationem?
876 2327 1022 2384 Enimvero
1076 2327 1484 2400 nonipsaedispungenturquae
1493 2327 1878 2395 merebuntnr30vacoabitur

227 2427 471 2489 sidemutationem
492 2423 563 2495 capit
582 2422 709 2478 amittens
727 2416 801 2491 quod
824 2414 883 2483 fuit,
898 2430 953 2473 non
972 2415 1025 2472 erit
1078 2417 1148 2474 ratio
1160 2416 1268 2486 judicii,
1284 2414 1308 2471 si
1322 2415 1481 2473 meritorum
1494 2415 1583 2473 deerit
1596 2431 1707 2485 sensum
1722 2416 1813 2474 deerit
1825 2433 1878 2473 aa.

227 2536 288 2594 quae
301 2517 369 2591 fuit3
385 2523 412 2573 et
427 2515 450 2571 si
467 2527 528 2587 quae
542 2509 602 2581 fuit,
617 2523 672 2566 non
687 2507 748 2576 erit,
763 2504 849 2562 soluta
864 2510 906 2561 est
920 2510 1025 2561 meten·
1074 2504 1131 2562 ἰεεε
1145 2520 1240 2562 εεεεεε
1254 2503 1422 2572 meritorum,
1438 2505 1461 2561 si
1476 2513 1561 2562 sistus
1579 2505 1691 2563 vertant
1708 2505 1878 2577 animi-nm

227 2607 384 2677 somatosis,
399 2617 454 2660 non
474 2598 652 2658 adscribenda
667 2594 771 2653 scilicet
791 2592 818 2650 ei
839 2591 946 2661 animae,
963 2607 1025 2667 quae
1079 2594 1157 2651 sertit
1170 2601 1260 2649 autem
1276 2601 1360 2650 ειειεε
1376 2593 1538 2662 animarum,
1555 2594 1578 2650 si
1592 2609 1646 2651 non
1660 2594 1765 2651 eaedem
1773 2610 1876 2668 parse-

227 2699 251 2754 si
265 2694 459 2760 demutabitur,
473 2687 601 2749 nouerit.
624 2684 698 2741 lilius
720 2683 792 2740 enim
815 2689 1025 2738 metensomato·
1077 2681 1255 2738 roraverint:
1276 2683 1391 2754 aeqnesi
1406 2683 1429 2720 n
1445 2683 1718 2755 perseveraverintin
1731 2683 1874 2755 judicium,

228 2789 266 2846 sis
288 2787 404 2853 dicetur,
425 2790 603 2855 quecumque
619 2789 680 2830 eam
700 2773 728 2828 in
751 2786 800 2828 εεο
824 2777 896 2828 ειειε
919 2783 1025 2841 parma·
1078 2771 1152 2843 quod
1167 2778 1195 2826 et
1208 2770 1355 2826 Mercurius
1372 2771 1515 2845 AEgvptius
1536 2771 1621 2839 novit,
1638 2771 1732 2830 dicens
1750 2771 1875 2840 aninam,

227 2875 318 2931 nendo
330 2879 476 2943 pateretur.
491 2866 577 2939 lgitur
591 2863 616 2920 si
629 2877 679 2920 nec
692 2861 789 2917 mutari
808 2865 907 2933 potest,
924 2874 958 2914 ne
971 2873 1026 2915 non
1079 2859 1231 2932 digressam
1245 2874 1262 2915 a
1281 2873 1408 2932 corpore,
1423 2876 1478 2917 non
1498 2859 1604 2917 refundi
1621 2876 1650 2915 ιε
1671 2860 1792 2917 animam
1814 2861 1873 2918 uni·

228 2964 265 3018 sit
290 2960 359 3033 ipss,
384 2973 435 3016 nac
461 2967 619 3028 permanere
645 2952 674 3007 in
700 2959 781 3018 statu,
805 2949 869 3022 quia
894 2947 1027 3005 contraria
1080 2949 1162 3017 versi,
1195 2948 1245 3005 sed
1276 2963 1384 3005 manere
1419 2948 1633 3018 determinatam,
1666 2949 1708 3006 uti
1746 2949 1873 3006 rationem

228 3066 283 3108 non
305 3048 387 3121 capit,
410 3061 503 3119 quaero
526 3042 614 3100 adhuc
636 3055 746 3099 causam
770 3039 888 3111 aliquam
913 3038 965 3093 lide
983 3037 1027 3093 di-
1082 3037 1193 3110 (inquit)
1209 3036 1280 3094 Patri
1294 3038 1389 3095 reddat
1411 3052 1503 3095 eorum
1523 3054 1585 3114 quse
1604 3038 1633 3094 in
1647 3051 1764 3110 corpore
1782 3053 1872 3110 gesse-

229 3155 310 3212 gnsm
338 3133 494 3210 hujusmodi
521 3130 715 3189 translationis.
744 3129 815 3185 Nam
841 3124 893 3183 atsi
916 3125 1026 3198 quidam
1082 3126 1126 3182 rit.
1152 3125 1220 3184 voto
1241 3125 1337 3196 judicii
1366 3126 1459 3197 utique
1486 3125 1569 3183 divini
1591 3126 1733 3196 justitiam,
1759 3127 1872 3198 gravita-

229 3227 353 3285 bomines
390 3223 485 3281 bestiis
525 3221 724 3294 adsequantur,
766 3231 817 3288 pro
854 3214 1029 3288 qualitatibus
1083 3224 1153 3284 tem,
1182 3217 1365 3286 majestatem,
1394 3214 1550 3288 dignitatem
1582 3231 1744 3290 recensem3
1775 3217 1872 3274 sinon

230 3333 349 3388 morum,
365 3324 392 3371 et
406 3311 587 3385 ingeniorum,
598 3316 626 3365 et
638 3307 805 3374 adfectuum,
817 3303 882 3377 qnia
895 3311 922 3361 et
935 3304 1028 3361 Deus:
1082 3304 1240 3363 sublimiora
1259 3305 1366 3380 fastigio
1390 3304 1516 3379 presidet
1538 3305 1655 3362 humana
1678 3320 1803 3374 censura,
1818 3305 1871 3379 ple·

229 3406 413 3464 Assimilatus
421 3392 914 3474 est,inqnit,lromoirrationabilibus
916 3393 1029 3465 jumen·
1083 3395 1143 3449 nior
1164 3393 1303 3466 utriusque
1323 3395 1461 3450 sententiae
1485 3395 1598 3462 honore,
1613 3408 1758 3466 poenarum
1774 3401 1802 3452 et
1815 3409 1873 3468 grs-

230 3494 354 3568 tn(10);
370 3489 501 3549 nonideo
519 3489 597 3544 milvi
611 3501 645 3543 ex
658 3485 801 3557 rapacibus
815 3481 890 3552 fient,
907 3489 934 3539 et
946 3495 1028 3538 canes
1083 3485 1192 3551 tiorum,
1209 3483 1329 3541 severior
1347 3485 1375 3538 in
1393 3482 1559 3552 ulciscendo,
1574 3493 1602 3540 et
1622 3483 1760 3542 liberalior
1778 3484 1806 3541 in
1824 3485 1874 3540 lar-

230 3600 264 3641 ει
286 3582 404 3656 spurcis,
429 3588 457 3636 et
479 3577 618 3650 panthere
642 3589 677 3631 ex
698 3573 811 3638 acerbis,
837 3579 883 3627 aut
906 3586 972 3628 osea
994 3583 1028 3627 ex
1081 3573 1191 3644 giendo.
1220 3571 1291 3643 Quid
1320 3582 1398 3645 putas
1426 3572 1542 3630 futuram
1571 3573 1688 3629 animam
1714 3571 1874 3630 homquaes

230 3671 332 3744 probis,
354 3676 382 3726 ει
404 3666 565 3723 hirundines
587 3680 620 3721 ex
643 3661 769 3735 garrulis,
790 3668 817 3716 et
839 3659 971 3716 columbae
995 3675 1029 3717 ex
1082 3658 1209 3734 Aliquod,
1235 3657 1322 3718 7⁰8
1348 3662 1439 3729 credo,
1466 3678 1546 3734 pecus
1572 3661 1686 3718 lanienae
1711 3669 1742 3718 et
1770 3660 1874 3718 magatro

230 3759 352 3832 pudicis3
365 3755 442 3829 quasi
456 3755 551 3811 eadem
569 3751 722 3808 substantia
741 3752 836 3806 animae
852 3750 909 3822 (lt)
929 3749 1030 3822 ubique
1082 3747 1257 3817 destinatum,
1277 3758 1306 3806 ut
1329 3751 1439 3821 perinde
1459 3751 1609 3824 iuguletur,
1626 3751 1688 3824 quia
1710 3758 1739 3806 ει
1758 3750 1816 3823 ipsa
1832 3749 1874 3817 jn·

230 3857 352 3904 naturam
378 3858 453 3900 susm
469 3845 497 3897 in
511 3840 666 3897 animalium
688 3839 897 3910 proprietatibus
915 3846 1027 3910 repetat.
1082 3838 1214 3910 gulaverit
1234 3855 1241 3894 ε
1264 3838 1375 3911 perinde
1394 3840 1559 3906 decorietur,
1581 3841 1644 3912 quis
1661 3846 1689 3895 ει
1702 3837 1766 3912 ipse
1779 3840 1874 3910 despo-

230 3935 313 3993 atiud
327 3943 367 3991 est
382 3939 473 3988 autem
488 3927 648 3995 substantia,
663 3927 734 3982 aliud
748 3934 843 3984 natura
861 3929 1028 3986 substantiae.
1083 3927 1204 3998 liaverit3
1230 3929 1342 4000 perinde
1361 3928 1388 3984 in
1413 3929 1542 4002 pabulum
1566 3936 1745 4002 proponatur,
1771 3929 1833 4004 quia
1852 3937 1876 3984 et

231 4022 371 4093 Siquidem
393 4017 541 4074 substantia
564 4015 675 4091 propris
696 4023 737 4073 εει
759 4015 799 4073 rei
819 4014 959 4089 cujusque,
976 4030 1029 4071 na·
1083 4016 1142 4088 ipsa
1162 4015 1258 4074 bestiis
1281 4018 1411 4089 objecerit
1431 4031 1480 4075 ρο,
1494 4017 1519 4057 m
1539 4033 1609 4091 quos
1631 4016 1660 4073 qn
1681 4017 1761 4076 silvi,
1776 4025 1804 4075 θ,
1816 4016 1875 4075 „ig

232 4120 368 4170 iuravero
383 4115 545 4182 potestesse
559 4106 719 4164 communis.
735 4103 848 4179 Suscipe
865 4109 1030 4177 exemplum.
1086 4103 1257 4162 trucidaverit
1272 4108 1340 4179 (li).
1363 4106 1392 4162 Si
1406 4106 1444 4163 its
1459 4107 1634 4178 judicabitur,
1650 4122 1742 4165 nonna
1755 4105 1804 4165 illa
1821 4104 1874 4162 sni·

231 4198 387 4257 Substantia
405 4207 448 4257 εει
468 4194 552 4257 wib
573 4195 654 4269 lapis,
670 4194 772 4253 terrum
788 4213 796 4253 :
812 4195 912 4254 duritia
933 4195 1032 4267 lapidis
1085 4209 1130 4252 ma
1152 4195 1215 4268 plus
1237 4195 1325 4253 solatii
1345 4211 1427 4270 quam
1450 4196 1575 4271 supplicii
1595 4197 1717 4255 relatura
1729 4193 1874 4272 estquod

920 4312 1017 4378 Variae
1033 4316 1190 4378 lectiones.

268 4421 294 4463 '³
308 4424 394 4495 dquae
408 4423 496 4480 Pron.
511 4417 537 4459 n
557 4419 661 4492 Redige
680 4419 768 4493 itinn.
794 4421 878 4478 Scrnl.
906 4419 1017 4479 oberti.
1033 4417 1058 4458 2⁵
1081 4420 1279 4477 Extenderetur
1304 4427 1353 4476 aut
1371 4422 1575 4479 contraheretur
1588 4423 1669 4479 Pana.
1691 4421 1786 4482 flbcn.
1799 4420 1823 4462 ⁷⁶
1839 4419 1874 4479 Si·

233 4494 326 4552 mitem
340 4511 442 4554 rarius
451 4491 517 4551 aaa.
532 4493 613 4551 Pam.
635 4494 658 4528 Π
672 4493 734 4550 Νεε
747 4495 827 4550 inser
847 4490 988 4563 Wramjfl
1000 4490 1128 4548 infecerit
1145 4507 1178 4549 os
1199 4494 1280 4551 Pam.
1294 4493 1383 4552 llbcn.

927 4590 1179 4658 Commentarius.

269 4703 309 4776 (ιι)
320 4703 414 4760 littam
424 4715 531 4760 uenena
541 4697 711 4757 ruminabit.
723 4698 787 4756 ldeo
798 4696 877 4768 forte,
888 4699 952 4771 quia
961 4697 1030 4755 scri·
1045 4709 1068 4787 ss
1119 4697 1176 4768 (tl)
1192 4697 1279 4766 Quasi
1292 4697 1391 4757 cadem
1405 4699 1565 4759 substantia
1575 4702 1690 4758 animae.
1702 4699 1874 4758 UtrtsmPlato

231 4775 272 4831 bit
285 4775 399 4842 Plinius,
415 4774 460 4829 lib.
475 4787 504 4842 a,
516 4785 542 4828 o.
559 4773 593 4826 23
610 4784 617 4826 :
633 4770 791 4828 coturnices
803 4786 908 4829 veneno
920 4770 1028 4826 nutriri.
1085 4767 1333 4825 metensomatosim
1356 4771 1559 4828 substantialem
1580 4772 1713 4842 statuerit,
1730 4790 1768 4831 an
1784 4781 1876 4830 namn

231 4847 270 4905 ις
291 4846 340 4901 pa,
1083 4839 1225 4905 moralem,
1240 4840 1272 4896 lis
1286 4850 1336 4897 εει.
1351 4843 1509 4899 belundunt
1526 4844 1604 4899 illum
1624 4845 1749 4915 plerique
1764 4842 1876 4901 Platoni·

267 4917 308 4988 (9)
325 4913 464 4986 mornado
478 4929 541 4984 ergo
560 4914 660 4971 anima
675 4913 796 4971 bominis
814 4913 964 4987 complebit
978 4913 1032 4973 ele·
1083 4927 1189 4978 corum,
1211 4918 1240 4967 ut
1263 4921 1365 4968 tantum
1389 4916 1518 4971 moralem
1538 4914 1720 4987 intelligeret;
1745 4920 1794 4975 sed
1816 4928 1877 4972 cas·

230 4987 392 5062 phantom?
405 4983 593 5040 Difficultatem
607 4993 868 5042 metensomatoseos
882 5001 916 5041 ex
930 5001 1030 5057 oorpo·
1083 4984 1195 5039 trarium
1214 4983 1335 5055 pluribus
1357 4994 1470 5041 conatur
1493 4988 1617 5043 evincere
1631 4986 1759 5058 Crispus,
1772 4987 1877 5044 distrita

203 5072 206 5076 ·
232 5059 270 5115 ris
289 5056 467 5126 inaequslitate
486 5063 514 5110 et
532 5054 763 5113 disconvenientia
784 5056 883 5130 arguit.
906 5056 1029 5126 Quomo-
1084 5058 1113 5125 ³,
1127 5055 1174 5110 lib.
1198 5069 1218 5125 1,
1235 5057 1344 5113 omnino
1366 5056 1496 5114 videndus
1512 5074 1519 5115 :
1536 5057 1582 5130 qui
1604 5067 1702 5130 tamen,
1717 5058 1783 5118 licat
1806 5061 1879 5117 dam·

232 5130 267 5186 do
290 5127 362 5184 enim
384 5126 432 5199 qui
450 5126 610 5198 elephantus
637 5126 689 5185 fuit
716 5129 793 5185 culex
821 5144 882 5185 esse
909 5125 1031 5200 poterit?
1083 5131 1128 5182 not
1142 5127 1290 5196 Platonem,
1306 5128 1429 5185 defendit
1444 5129 1635 5202 Pythagoram.
1650 5133 1716 5187 hac.

229 5201 268 5259 Ln
289 5200 339 5256 Pn.
394 5268 399 5279 1
435 5269 440 5280 ι
602 5268 608 5279 .
1120 5199 1176 5268 (li)
1194 5200 1263 5256 Cam
1272 5201 1380 5271 judicii
1393 5206 1519 5260 nanterre.
1543 5201 1670 5274 Carpitur
1690 5201 1772 5262 Plato
1786 5202 1880 5276 sepas

266 5272 323 5346 (to)
338 5270 518 5326 Assimilatus
533 5274 584 5335 ast,
602 5269 697 5341 inquit,
715 5271 795 5330 laonio
814 5271 1029 5330 irrationalibus
1082 5266 1218 5325 affirmans
1232 5287 1282 5341 pro
1303 5273 1404 5329 meritis
1427 5272 1507 5328 bonis
1529 5279 1575 5327 aut
1597 5272 1676 5328 malis
1696 5275 1807 5332 demedi
1825 5274 1882 5330 ani·

225 5344 379 5418 jumentis.
395 5340 489 5396 Gracc
517 5354 557 5396 est
571 5343 694 5412 bparbtq.
710 5343 808 5398 Noster
827 5352 915 5398 autern
943 5342 1028 5401 inter·
1083 5356 1141 5397 maa
1155 5343 1182 5396 in
1196 5357 1310 5414 corpora
1323 5343 1487 5412 animalium,
1497 5345 1525 5398 in
1544 5346 1654 5403 Timaea.
1670 5344 1736 5400 Lac.
1866 5350 1873 5361 '

231 5433 292 5488 pres
319 5414 353 5470 ad
384 5413 496 5470 verbum
530 5413 620 5483 potius
654 5413 788 5471 transtulit
814 5414 1028 5485 insipientibus,
1119 5413 1693 5489 (13)Quinetipsabestiisobjeceriteos
1708 5416 1885 5490 quaeerit

229 5505 310 5613 quam
328 5485 437 5551 Auctor,
464 5486 682 5544 irrationalibus
698 5505 708 5544 .·
726 5500 788 5542 nam
801 5483 897 5542 Grmce
922 5495 964 5544 est
981 5490 1030 5550 τοῖς
1083 5486 1123 5542 sis
1138 5489 1167 5544 et
1192 5488 1264 5543 coiis
1287 5487 1481 5547 trucidaverit.
1505 5487 1585 5557 Quod
1607 5491 1691 5564 vulgo
1715 5491 1884 5565 tegebatur:

245 5561 349 5626 oratore.
365 5556 434 5614 Pru.
597 5628 602 5635 .
1086 5559 1188 5629 «Quia
1202 5565 1229 5616 ot
1247 5563 1305 5634 ipsa
1329 5561 1422 5618 bestiis
1441 5559 1562 5621 infecerit
1585 5561 1710 5634 obliquas
1724 5563 1753 5618 in
1768 5562 1889 5623 sitvisst
