3840 6134
133 185 203 246 isar
272 195 274 198 ·
667 169 711 232 su
736 165 883 233 emuna
902 158 1124 226 retractum
1141 164 1247 230 orsas
1499 238 1503 243 .
1711 168 1782 229 ssu

129 310 257 368 revelans
271 301 480 378 mysteriaetc.
496 274 929 368 Dan.1n,t7.tlarumquamts
984 295 1012 347 st
1033 288 1102 351 torte
1123 293 1204 351 etiam
1229 289 1494 350 Nabuchodonosore
1517 290 1602 348 multo
1624 292 1783 350 scelerasse

129 414 180 456 sua
193 396 244 453 Dei
259 394 315 451 veri
335 387 474 464 agnitione
486 401 581 461 parurn
602 385 707 441 stabilis
719 385 810 452 luerit,
827 388 929 456 quanta
984 393 1042 450 rex,
1056 388 1173 439 attamen
1186 387 1335 456 postquam
1348 382 1552 452 coanqastslua
1566 384 1621 450 est,
1630 384 1724 439 orauit
1737 385 1786 440 lla

129 493 221 542 autem
236 483 365 553 deinceps
379 491 488 552 qnoque
507 475 577 532 lastu
597 475 764 540 intumuerit,
780 471 930 529 succedens
982 471 1094 525 minum
1108 488 1203 542 suum,
1215 475 1243 530 el
1255 473 1309 545 eqil
1317 470 1519 544 penitentiam
1528 468 1611 525 ualde
1622 485 1720 527 corum
1731 474 1785 530 neo

130 575 240 638 alterum
260 572 327 628 illud
348 566 454 624 arboris
473 563 671 637 pulcherrim,
687 564 735 620 sed
755 579 819 619 mox
842 557 930 617 sacci·
981 559 1786 633 patrumsuorum,deprecatusqueesteam,etobsecrauit

131 663 236 729 dendse,
257 669 307 718 etc.
325 660 408 729 (Dan.
425 657 478 725 tv),
499 653 635 708 somnium
658 660 715 709 tum
741 665 803 709 vero
828 649 930 707 vibrata
983 648 1128 705 intente...
1144 654 1172 706 et
1183 650 1305 707 abstulit
1319 650 1381 705 deos
1395 650 1502 705 alienos
1514 653 1539 705 el
1547 650 1744 706 simulacrum
1753 650 1786 709 de

130 754 158 810 in
183 768 270 826 regem
295 746 423 806 terribilis
442 744 487 800 illa
507 742 639 797 sententia
657 740 691 797 de
712 736 836 812 septenni
861 737 930 793 inter
984 735 1064 795 domo
1075 738 1222 796 Dourias'...
1233 741 1318 796 Parra
1329 739 1507 795 instaurarit
1516 739 1608 796 altare
1619 740 1746 803 Domini,
1758 745 1786 796 ct

130 842 231 897 bestias
244 838 338 894 exsilio
357 838 534 891 demonstrat.
549 831 617 886 Cum
632 829 702 886 enim
722 830 859 902 integrum
878 825 930 881 ad·
982 826 1140 884 immolauit
1154 845 1239 901 super
1251 828 1324 885 illud
1334 829 1473 894 uictimas,
1485 832 1513 883 el
1536 827 1671 900 pacifica,
1683 833 1714 883 et
1725 828 1786 884 luu-

132 931 183 987 huc
196 944 295 984 annum
311 922 466 980 indulsisset
479 920 562 984 Deus,
576 919 700 991 peccatis
715 934 762 990 per
777 917 930 986 eleemosy-
983 915 1066 973 dem:
1079 919 1267 992 precepitque
1281 918 1411 974 ludoeut
1422 917 1540 973 serviret
1549 919 1671 974 Domino
1682 920 1736 974 oro
1747 920 1786 974 15.

131 1033 179 1073 nas
207 1015 312 1086 aliaque
344 1012 416 1068 bona
444 1023 526 1079 opera
554 1006 737 1074 redimendis,
767 1005 804 1059 nil
832 1005 930 1059 horum
985 1005 1786 1077 rael.Qaae,0bsecro,similiadeNabuchodonosorecom-

130 1104 278 1176 quidquem
298 1099 406 1169 fecisse,
421 1097 487 1170 quin
510 1095 600 1167 potius
623 1109 694 1151 nova
709 1092 815 1149 intlatns
835 1107 930 1162 super·
984 1101 1133 1151 memorata
1143 1095 1424 1168 legimulequidem
1436 1095 1458 1149 is
1472 1096 1558 1150 Deum
1569 1092 1716 1161 laudauit,
1728 1114 1786 1152 aso·

130 1192 226 1248 binde
250 1189 334 1245 rebus
354 1204 369 1243 a
388 1203 417 1243 se
439 1185 525 1259 gestis
547 1192 673 1256 proterve
695 1182 827 1255 gloriatus
845 1179 931 1236 luisse
983 1185 1141 1255 quificaait,
1158 1192 1213 1241 etc.
1225 1187 1239 1255 ;'
1254 1201 1318 1240 num
1337 1200 1399 1242 vero
1420 1186 1521 1251 orauit,
1542 1183 1715 1256 deprecatus
1733 1190 1783 1250 est,

130 1281 239 1354 legitur.
256 1279 327 1350 Quid
346 1291 410 1336 vero
429 1275 560 1346 insuper?
577 1274 644 1328 Cum
664 1273 800 1346 integrum
820 1277 930 1339 septen·
984 1272 1138 1330 obsecrauit
1153 1275 1275 1342 intente,
1290 1274 1363 1330 elci

131 1369 208 1424 nium
223 1369 292 1423 inter
317 1365 388 1422 ieras
410 1364 437 1419 in
462 1361 614 1419 miserrimo
628 1360 675 1417 illo
696 1359 820 1430 corporis
838 1356 930 1413 habitu
1019 1361 1054 1416 Et
1068 1362 1133 1434 qnid
1149 1363 1276 1434 denique,
1293 1363 1316 1419 si
1330 1378 1373 1435 cn,
1390 1379 1451 1437 quae
1466 1361 1541 1418 isaiae
1555 1376 1618 1432 cap.
1636 1364 1671 1418 tt
1685 1362 1785 1417 haben.

130 1458 274 1532 exegisset,
291 1464 434 1528 postquam
452 1452 593 1527 pristinam
611 1466 666 1505 non
683 1457 786 1505 tantum
805 1448 929 1519 sormam,
984 1457 1027 1505 tur
1044 1451 1532 1522 :luseruassubterteeouturbatus
1543 1456 1586 1509 est
1597 1452 1787 1507 inoccursum

130 1549 178 1604 sed
192 1555 221 1602 et
233 1562 352 1620 requam
366 1545 467 1617 ipsam,
484 1549 510 1598 et
525 1541 635 1616 quidem
650 1538 786 1612 ampliori
799 1537 931 1610 maqaifi·
985 1537 1121 1596 uuacuua
1135 1542 1213 1597 lui...
1223 1544 1356 1599 Detracta
1366 1540 1452 1597 estod
1463 1542 1569 1612 inferos
1579 1539 1717 1613 superbia
1727 1544 1785 1607 tua,

130 1639 225 1695 acatia
240 1643 359 1704 auctum,
372 1633 527 1704 recepisset,
543 1631 608 1702 qaid
625 1629 751 1685 tandom‘l
765 1628 873 1683 demum
887 1640 931 1682 ex·
945 1625 971 1709 Β
985 1635 1048 1696 stc,
1071 1638 1135 1692 etc,
1158 1637 1318 1699 prestantes
1342 1629 1466 1686 nonnulli
1489 1629 1716 1701 interpretasse
1734 1629 1788 1699 ipse

130 1729 260 1784 clamasse
274 1725 372 1799 legitur
389 1742 395 1778 :
412 1723 494 1779 Nunc
508 1721 598 1794 iqitur
616 1735 663 1791 eqo
678 1716 927 1774 Nabuchodonosor
985 1716 1064 1772 etiam
1084 1716 1113 1775 S.
1138 1717 1247 1774 llieroo.
1271 1719 1305 1774 de
1324 1716 1594 1775 Nabuchodonosore
1614 1716 1788 1790 intelligenda

132 1817 226 1881 lauda,
244 1819 271 1871 rt
285 1813 446 1885 tanquifico,
462 1815 488 1867 ct
505 1809 630 1880 clarifico
650 1821 743 1878 rupem
762 1806 824 1862 coeli
839 1825 847 1859 :
863 1805 931 1877 quia
985 1821 1046 1861 csse
1066 1806 1172 1862 velint?
1192 1807 1303 1864 Praestat
1321 1808 1395 1880 regis
1414 1807 1505 1878 hujus,
1526 1823 1575 1862 seu
1601 1805 1789 1878 poenitentiam

131 1906 227 1962 amaia
240 1917 325 1975 opera
341 1901 401 1972 ejas
415 1914 497 1967 uero,
511 1901 539 1954 et
553 1897 606 1954 uite
620 1912 680 1968 erus
689 1894 812 1967 judicia,
829 1897 931 1965 etqra·
984 1903 1011 1949 et
1033 1895 1157 1965 salutem,
1185 1912 1231 1952 seu
1255 1896 1466 1965 damnationem,
1492 1897 1560 1952 inter
1584 1913 1619 1952 ea
1642 1894 1790 1967 relinquere

131 1993 282 2050 dieatesiu
295 1987 533 2061 superbiapalcst
547 1983 762 2041 humiliaretur
778 1979 933 2053 poenitentia
985 1997 1045 2054 qnae
1058 1982 1143 2052 Deus,
1158 1990 1188 2039 ut
1202 1986 1285 2041 multa
1299 1985 1433 2057 ejusmodi
1448 1985 1508 2051 alia,
1524 1985 1558 2039 ad
1572 1984 1724 2041 salutarem
1739 2001 1790 2040 rae·

131 2096 205 2147 sero,
216 2080 250 2134 de
265 2079 358 2135 dabre
372 2075 466 2148 animi,
477 2074 509 2131 de
519 2081 649 2130 anteactae
659 2072 722 2128 ritae
735 2071 932 2138 detestatione,
984 2076 1040 2127 tum
1060 2080 1088 2128 et
1112 2073 1275 2144 poenitentiae
1294 2091 1326 2131 eo
1349 2078 1482 2148 majorem
1504 2074 1689 2131 constantiam
1716 2075 1791 2132 nohis

131 2169 166 2225 de
180 2183 259 2223 norae
272 2165 389 2221 melioris
402 2164 556 2238 proposito,
572 2169 636 2229 etc,
653 2160 718 2217 nihil
736 2159 865 2232 legimns.
882 2156 932 2212 ht·
984 2159 1078 2233 ignota
1091 2177 1152 2218 asse
1164 2162 1260 2220 voluit.

131 2257 177 2330 qui
195 2258 254 2313 haec
271 2263 343 2324 sunt,
358 2255 385 2309 in
405 2253 502 2326 quibus
523 2267 594 2311 verse
612 2249 778 2321 sincereque
797 2251 932 2320 poeniten·
1020 2254 1165 2325 AEqqptr'us
1173 2255 1450 2328 imperator.Pharuo
1460 2254 1601 2322 nimirum,
1612 2271 1662 2311 rex
1671 2255 1790 2328 Egypti,

132 2346 176 2402 tlae
190 2345 260 2401 ratio
274 2344 408 2401 consistit.
984 2341 1032 2413 qui
1045 2341 1090 2400 hic
1103 2342 1191 2400 latiori
1206 2344 1406 2417 significatione
1421 2347 1579 2419 imperator
1594 2344 1714 2411 dicitur,
1732 2353 1791 2399 tan·

167 2434 220 2489 Sed
249 2440 276 2490 et
294 2430 339 2486 illa
365 2430 415 2485 Dei
442 2428 555 2503 agnitio,
572 2428 617 2483 illa
644 2427 784 2482 humilitas
810 2425 931 2498 quantilli
984 2445 1066 2502 quam
1081 2432 1166 2488 instar
1180 2434 1293 2490 aliorum
1308 2451 1403 2509 regum
1418 2434 1445 2492 iu
1460 2449 1690 2492 suessam-mum
1707 2435 1794 2507 impe·

133 2521 264 2595 temporis
289 2521 358 2575 luit?
373 2518 442 2574 Ecce
465 2517 550 2573 multo
569 2519 625 2588 jam
648 2516 790 2586 mojorem,
808 2530 933 2586 prorsus-
984 2521 1061 2575 rium
1075 2535 1215 2578 exercens,

132 2628 194 2684 que,
210 2609 262 2666 ⁰1³5
288 2608 421 2680 l³f⁰ltheta
444 2606 472 2660 td
494 2613 647 2674 testamiui,
664 2602 849 2674 ltffliedlbtlssm
868 2603 930 2658 ani·
1020 2611 1074 2666 uia
1088 2613 1206 2670 Domina
1227 2628 1277 2669 sua
1291 2611 1470 2686 deueqatum.
1486 2612 1583 2668 lassus
1610 2611 1688 2667 enim
1711 2609 1796 2666 luerat

132 2699 169 2754 mi
194 2698 228 2753 de
255 2712 327 2753 noro
351 2695 556 2752 intumescentis
587 2692 737 2751 vesaniam!
764 2691 814 2747 Vix
844 2707 931 2747 annus
985 2697 1073 2751 cDeo
1097 2699 1205 2770 Moyses
1228 2698 1364 2754 Pharaoni
1379 2699 1406 2753 in
1422 2699 1481 2754 haee
1500 2698 1583 2755 rerba
1604 2697 1794 2754 denuntiare:

132 2789 242 2858 clapsus
260 2795 317 2842 erat
334 2785 376 2857 (ut
391 2783 552 2854 interpretes
573 2782 743 2853 computant)
757 2798 821 2837 cum
837 2780 931 2838 Naba·
985 2787 1119 2843 Dominus
1133 2788 1206 2844 Deus
1222 2788 1401 2844 tremorum
1419 2789 1499 2844 misit
1517 2803 1563 2843 me
1574 2787 1614 2843 arr
1631 2792 1660 2843 qe
1674 2788 1797 2845 dicem:

132 2878 300 2936 chadaaosar
309 2890 361 2931 rea
370 2876 438 2945 serit
446 2876 575 2929 statuam
585 2887 714 2936 auream,
724 2871 878 2928 altitudine
886 2887 934 2927 cu·
985 2875 1103 2931 Dimitte
1112 2876 1618 2949 populummeumutsocrificctmibi
1624 2875 1797 2934 indeserto:

132 2968 256 3025 litorum
274 2968 319 3031 60,
331 2969 361 3020 lt
379 2964 484 3019 Statuit
505 2964 537 3017 ia
569 2977 667 3033 lambo
686 2961 764 3016 Dura
781 2960 864 3032 (Datt-
889 2976 930 3027 11¹,
946 2960 970 3040 Β
985 2968 1014 3021 et
1028 2980 1115 3036 usque
1130 2963 1304 3037 adpraesens
1320 2969 1431 3038 tempus
1444 2966 1543 3022 audire
1557 2966 1699 3022 noluisti.

133 3053 247 3125 l,etc.),
263 3051 541 3124 velNulropoloasari,
558 3048 703 3121 patrissui,
719 3049 761 3107 vel
775 3048 846 3116 Beli,
862 3049 933 3120 apud
1021 3053 1142 3110 Diacr'rlio
1158 3056 1258 3110 maris.
1284 3053 1305 3112 l.
1326 3070 1351 3110 e.
1373 3071 1405 3109 ea
1427 3055 1572 3119 diauioae,
1593 3071 1680 3127 quarn
1706 3054 1796 3110 Graeci

133 3143 300 3215 Babylonios
320 3150 383 3199 tunc
404 3141 517 3197 deorum
537 3137 657 3208 maximi,
670 3137 712 3198 vel
731 3137 818 3209 ipsius
836 3137 932 3194 Naba·
985 3135 1129 3214 διχοτομίαν
1156 3144 1305 3216 appellant.
1321 3144 1411 3216 litque
1426 3144 1466 3201 sic
1480 3144 1559 3200 etiam
1574 3145 1603 3200 in
1620 3145 1638 3198 l.
1657 3143 1695 3200 de
1710 3145 1794 3210 Pata,

133 3231 339 3303 cbodonosaris,
363 3228 539 3286 simulacrum
565 3227 794 3301 praeselerentem,
820 3241 933 3298 eamque
984 3246 1009 3288 ο.
1027 3235 1052 3297 t,
1068 3233 1102 3289 de
1115 3233 1198 3305 plaqo
1212 3233 1332 3299 discidii,
1349 3241 1375 3289 et
1394 3233 1421 3289 in
1441 3233 1488 3289 lib.
1504 3234 1537 3290 de
1555 3235 1676 3290 Resurr.
1700 3249 1795 3304 eorm,

131 3320 303 3378 sevenssimo
327 3318 415 3376 edicto
444 3317 582 3390 proposito
604 3315 690 3373 soluit
713 3314 832 3384 adorari;
849 3323 876 3370 at
890 3331 933 3370 sa·
984 3334 1011 3375 c.
1032 3324 1076 3389 lb,
1091 3321 1126 3377 de
1143 3322 1261 3378 ducidio
1285 3325 1381 3380 camis
1399 3327 1427 3380 el
1447 3324 1552 3379 aalma
1576 3321 1716 3392 loquitur.
1741 3321 1793 3376 Hac

132 3411 264 3484 crilegum
277 3407 353 3466 nefas
367 3424 429 3465 cum
443 3416 498 3464 tres
511 3406 550 3462 illi
568 3405 654 3479 pueri,
671 3403 800 3474 Sidracb,
817 3404 931 3473 llisoclr,
988 3423 1055 3468 voce
1077 3409 1186 3466 Solinus
1208 3425 1327 3485 quoqne,
1342 3428 1404 3483 cap.
1421 3413 1465 3479 36,
1480 3428 1547 3468 usus
1568 3418 1623 3477 est,
1638 3409 1791 3482 inquiens:

132 3502 160 3556 et
174 3500 330 3573 Abdeaaqo,
344 3497 487 3554 admittere
502 3495 664 3561 renuissent,
678 3493 758 3564 jussit
772 3507 820 3549 eas
834 3492 861 3548 in
881 3494 933 3549 lor·
986 3517 999 3550 a
1020 3485 1171 3556 Atlanticus
1186 3508 1269 3558 estus
1284 3499 1314 3555 in
1326 3509 1449 3558 nostrum
1464 3517 1537 3556 mare
1558 3500 1713 3557 discidium
1733 3502 1789 3569 (sen

131 3603 225 3644 nauem
247 3589 357 3660 igneam
392 3583 506 3654 conjici;
532 3583 604 3640 ande
638 3599 699 3638 cum
727 3581 793 3637 salsi
818 3581 933 3637 luissent
983 3587 1181 3661 discissionem)
1196 3591 1446 3651 orbIsimmittir,s

131 3676 234 3742 educti,
255 3693 302 3733 rex
326 3688 397 3732 noro
416 3674 574 3747 ingentique
593 3671 722 3727 miraculo
740 3670 869 3725 attonitus
883 3686 931 3726 ex·
1020 3680 1153 3736 Persium
1169 3679 1279 3738 licebat.
1297 3681 1387 3747 licea
1403 3683 1543 3753 antiquum
1558 3683 1691 3749 verbum,
1706 3678 1789 3751 pasc.

130 3765 271 3822 clamavit:
287 3761 458 3821 Benedictus
471 3776 542 3817 ”⁸⁰³
556 3775 684 3827 DEORUM
696 3760 743 3834 ‘llll‘
756 3759 838 3816 mitit
852 3774 933 3833 aaut·
985 3784 1044 3824 vam
1068 3767 1291 3841 significationem
1314 3771 1407 3839 habet,
1432 3771 1599 3842 proprieque
1622 3770 1725 3826 dicitur
1748 3785 1788 3825 res

133 3855 194 3912 illm
204 3871 299 3919 tillim,
311 3860 362 3908 ⁸³1⁰·
374 3850 455 3920 (lbid.
468 3852 524 3920 95)·
536 3849 607 3919 0⁰³⁰
617 3856 645 3905 θῑ
655 3846 766 3920 P⁰b¹t⁰⁰
776 3847 931 3903 allssettriss·
984 3856 1119 3930 quaepiam
1135 3858 1229 3925 licere,
1246 3875 1307 3915 cum
1322 3867 1398 3916 certo
1413 3861 1575 3917 aestimatur
1591 3859 1682 3930 pretio
1697 3875 1729 3915 nc
1743 3875 1787 3915 re

131 3944 200 3999 simo
214 3942 323 3997 decreto
336 3939 508 4010 blasphemos
521 3938 551 3991 in
565 3938 651 3992 Deum
661 3937 740 3991 lsrael
756 3936 930 4007 compescuit,
985 3961 1049 4001 num
1065 3946 1210 4019 exponims
1225 3966 1231 4002 :
1250 3950 1330 4005 prom·
1343 3958 1432 4007 aurem
1446 3957 1488 4005 egr
1501 3950 1659 4014 oesqqmm,
1676 3966 1711 4006 20
1726 3966 1786 4020 pm.

130 4029 238 4100 publice
259 4032 427 4085 contestatus
448 4042 455 4079 τ
480 4024 567 4096 Siqua
586 4028 613 4080 tt
630 4022 775 4080 mirabilia
792 4024 869 4096 apitii
886 4041 932 4082 me
985 4034 1053 4093 tium
1075 4037 1100 4092 ei
1122 4035 1272 4109 imponere,
1291 4046 1323 4094 ut
1346 4047 1483 4110 emptores
1506 4036 1621 4096 faciunt,
1647 4038 1730 4095 Unde
1749 4047 1787 4094 est

130 4119 201 4191 fecit
215 4133 287 4174 nans
304 4128 458 4172 exsensus.
474 4114 592 4170 Placuit
606 4129 670 4185 erqo
690 4114 763 4170 mila
776 4113 932 4188 praedicare
984 4124 1052 4181 illud
1066 4132 1153 4196 poerae
1170 4142 1177 4179 ς

130 4208 211 4280 slqsm
225 4209 298 4280 ejus,
311 4205 573 4278 remarcuerunt,
586 4205 769 4261 etmalorum
784 4205 856 4275 ejus,
866 4204 931 4278 quio

129 4311 258 4354 raama:
278 4299 307 4354 et
325 4311 445 4368 requam
465 4295 525 4367 ejus
544 4307 659 4349 ananau
677 4307 887 4359 snurtrenuau,
903 4294 969 4376 etfl

130 4398 269 4440 rorasrns
293 4385 354 4455 ejus
381 4384 413 4438 iu
436 4384 646 4455 qenerotiaaem
665 4386 695 4438 ct
720 4383 931 4453 reserationem
1020 4383 1132 4439 licebat
1146 4397 1211 4456 ergo
1226 4397 1309 4449 mare,
1324 4399 1387 4439 eam
1401 4382 1527 4439 Israelitis
1541 4398 1557 4437 a
1571 4383 1635 4440 Deo
1648 4383 1784 4441 oflereba-

133 4470 245 4529 teas
266 4471 346 4544 (ibid.
363 4473 418 4541 l0).
435 4472 493 4529 Hoc
506 4470 596 4543 ipsum
618 4486 684 4547 sero
698 4470 726 4524 id
744 4469 863 4526 edictum
877 4480 928 4539 est,
984 4478 1035 4543 tur,
1062 4479 1188 4544 tanquam
1211 4471 1364 4529 transituris
1387 4472 1519 4545 pervium.
1543 4472 1615 4528 tlibi
1640 4474 1786 4530 Tertullia-

112 4561 159 4616 ·in
182 4577 237 4634 qno
255 4561 508 4619 Nabuchodonosor
531 4560 660 4632 deinceps
681 4569 788 4615 enarrat
812 4575 853 4630 aa,
869 4576 930 4632 quae
982 4573 1034 4617 nas
1050 4562 1134 4619 licere
1147 4561 1227 4616 etiem
1243 4577 1290 4632 pro
1307 4563 1415 4635 liquere
1429 4578 1477 4618 seu
1485 4567 1585 4635 patere
1596 4564 1675 4632 dicit,
1689 4567 1755 4621 utin
1767 4565 1783 4619 l.

129 4664 211 4720 supra
224 4648 259 4705 de
272 4663 324 4705 suo
340 4648 369 4704 in
381 4647 462 4721 sylvis
477 4659 529 4705 tam
540 4647 610 4704 tristi
625 4647 765 4719 septennio
776 4663 808 4705 ex
824 4647 891 4703 Dan.
903 4663 932 4705 rr
981 4649 1045 4706 adu.
1070 4651 1198 4722 Hermos.
1215 4666 1241 4707 c.
1258 4653 1303 4716 36,
1319 4651 1366 4706 abi
1383 4668 1390 4709 :
1416 4670 1429 4702 r
1450 4651 1503 4706 Sed
1519 4651 1552 4706 de
1577 4659 1652 4708 rnotu
1676 4663 1706 4710 et
1724 4656 1784 4711 alibi

129 4739 277 4810 attulimus,
294 4747 322 4794 ut
337 4737 404 4795 adeo
419 4753 527 4795 necesse
551 4737 595 4804 sit,
611 4738 841 4807 metamorphosin
856 4738 928 4793 illam
981 4738 1083 4805 licebit,
1110 4738 1158 4795 si.
1175 4755 1201 4794 e.
1229 4739 1357 4811 liquebit.
1384 4738 1429 4795 Sic
1453 4747 1479 4794 et
1501 4754 1592 4811 supra,
1609 4756 1672 4813 cap.
1691 4746 1720 4809 b,
1738 4759 1785 4816 pro

128 4827 200 4900 regis
213 4827 298 4900 (quod
318 4826 403 4898 probo
418 4825 582 4897 notandum)
594 4835 657 4882 snm
670 4826 740 4882 hanc
756 4828 847 4883 trium
860 4843 930 4898 pue·
982 4827 1146 4885 emendatos
1159 4828 1284 4900 liquebit,
1294 4829 1403 4901 quidam
1412 4829 1517 4886 codices
1527 4829 1624 4886 licebit
1634 4828 1783 4903 reponant.

128 4932 226 4973 rarum
239 4915 383 4972 historiam
398 4914 553 4988 contigisse.
1017 4916 1158 4973 devolutis
1172 4917 1314 4988 [luctibus.
1330 4918 1371 4972 De
1387 4918 1499 4973 transitu
1511 4920 1601 4975 maris
1616 4921 1718 4990 Rubri,
1731 4931 1784 4978 tam

164 5004 232 5074 Quis
247 5004 314 5073 jam,
330 5019 390 5074 oro,
407 5003 459 5060 sibi
478 5007 511 5059 de
531 5019 595 5076 rege
615 5013 671 5060 tam
689 5005 860 5063 inconstante
875 5006 931 5062 sin·
980 5007 1052 5064 felici
1066 5024 1098 5064 ac
1113 5007 1269 5079 prodigioso
1284 5007 1435 5076 israelitis,
1449 5024 1529 5079 qnam
1550 5008 1626 5063 letali
1641 4999 1783 5085 AEqqptits

129 5108 218 5150 caram
239 5093 418 5166 stabilemque
437 5092 624 5165 paenitentiam
646 5096 768 5167 polliceri
787 5104 878 5170 queat,
894 5097 929 5152 dc
980 5112 1012 5154 aa
1027 5097 1171 5176 Pharaoni
1184 5112 1244 5162 suo,
1259 5096 1372 5152 historia
1390 5113 1423 5153 ex
1439 5096 1527 5153 Exodi
1546 5112 1606 5169 cap.
1628 5115 1681 5155 xtv
1701 5102 1782 5157 etiam

61 5225 70 5242 .
128 5182 209 5253 cujus
230 5183 369 5254 operibus,
383 5182 529 5255 dignisque
552 5184 718 5254 poeoiteotite
742 5184 885 5253 fructibus,
901 5193 929 5242 ct
980 5186 1008 5241 in
1022 5188 1121 5261 vulgus
1136 5186 1274 5242 notissima
1287 5195 1338 5243 est.

127 5271 243 5329 manime
264 5273 324 5345 ipsa
357 5282 442 5328 morte
465 5271 548 5343 latici,
572 5273 726 5330 tumultum
747 5290 829 5346 porro
856 5276 927 5347 apud
1016 5275 1781 5353 Exomologesirestitutusbillartautemanomoioque

126 5359 269 5419 Danielem
279 5360 929 5430 silentiumestiQnamaliaautemiuithouas·
980 5363 1781 5440 apoeuiteatia,sicutactuscelemusabinteruo,·poeni-

124 5449 177 5528 sle,
198 5451 275 5526 regis
291 5451 338 5511 to.
354 5467 401 5522 qoe
416 5449 553 5508 nitentia!
570 5452 714 5508 Enimvero
726 5450 924 5524 (impiissimus,
978 5454 1060 5510 tentia
1073 5452 1145 5509 enirn
1160 5452 1187 5507 in
1202 5454 1299 5510 auimo
1309 5453 1441 5524 doleatis,
1452 5456 1729 5530 exomologesis-roro
1740 5460 1778 5514 in·

1055 4264 1110 4316 Non
1120 4266 1181 4315 licet
1197 4278 1255 4315 assa
1271 4264 1346 4327 mihi,
1358 4266 1404 4331 qui
1420 4279 1460 4317 ms
1473 4280 1523 4316 non
1535 4279 1592 4315 asse
1608 4265 1716 4317 licetur.
