3840 6134
135 270 187 329 769
223 309 229 317 .
817 264 913 327 htbult
933 265 1110 328 88818118.
1731 277 1785 341 tto
1863 357 1869 366 ,

133 397 255 453 Soranum
282 393 405 465 opponit,
422 391 574 450 ,excludens
600 392 764 450 incubonem
791 395 860 466 (87),
883 403 931 451 888
948 410 971 489 fl
988 395 1110 452 calantes
1123 410 1229 450 omnem
1254 396 1374 452 habitum
1397 399 1461 454 artis
1476 416 1531 455 suae
1546 409 1628 473 atque
1646 413 1781 464 conatum.

132 485 184 542 tale
202 483 268 556 quid
287 482 358 553 vitii,
374 482 446 554 qood
465 481 545 538 etiam
566 481 752 554 Epimenidem
767 483 796 539 in
810 481 930 541 fabulam
989 483 1135 554 Pugnatur,
1151 492 1283 554 certatur;
1300 486 1347 540 888
1371 501 1455 542 88888
1475 490 1584 556 jactatio
1608 493 1783 552 8881118118-

132 573 254 646 impegit,
271 571 467 644 qninquagvhta
489 572 515 609 ¹⁴⁹
537 586 608 643 pene
633 587 720 628 annos
744 571 802 644 (88)
826 571 932 628 somni·

129 664 262 720 culusum.
283 659 336 715 Sed
358 657 441 716 tas
462 667 489 715 et
508 661 644 717 Neronem
664 660 810 716 Suetonius
823 661 892 733 (89),
906 671 932 718 88

129 749 340 822 Thrasymedem
369 749 562 819 Theopompus
589 747 661 819 (98),
686 756 787 823 negant
814 765 931 822 unquam

129 838 301 896 somniasse:
318 837 369 891 nisi
383 854 428 895 vax
443 836 589 902 Neronem,
606 837 633 891 in
652 837 748 895 ultimo
770 838 854 905 exitu,
871 846 932 909 post

129 943 244 1004 pavores
269 942 343 982 suos.
368 924 440 993 Quid
463 925 484 979 si
510 934 538 981 et
559 924 743 982 Hermotimus
767 927 804 983 ita
824 926 884 995 luit,
903 935 933 982 ut

129 1018 214 1075 otium
239 1015 337 1072 animan
362 1013 428 1069 nihil
452 1014 588 1084 operantis
612 1015 638 1070 in
661 1017 763 1072 somnis
786 1017 931 1072 divortium

112 1103 288 1161 mederetur
302 1105 337 1158 ⁵⁰.
358 1102 456 1159 Omnia
479 1101 566 1174 magis
590 1104 737 1173 conjectes,
754 1119 834 1176 quaem
854 1105 931 1160 istam

128 1194 265 1252 licentiam
284 1193 383 1250 animae
402 1191 459 1246 siae
478 1199 565 1246 morte
586 1191 717 1265 lugitivae,
733 1202 759 1248 et
775 1195 884 1264 quvidem
900 1211 932 1250 ex

129 1284 229 1355 lorma,
244 1282 400 1339 continuam
424 1282 447 1319 ⁵¹
473 1281 541 1352 (91).
562 1280 591 1336 Si
614 1282 686 1336 enim
701 1284 753 1339 tale
767 1282 832 1354 quid
845 1281 930 1340 semel

129 1373 251 1430 accidere
271 1371 390 1437 dicatur,
416 1376 447 1424 ut
468 1366 618 1442 deliquium
642 1370 707 1426 solia
730 1371 754 1409 ⁵²
776 1380 823 1428 aut
845 1370 931 1438 lunae,

129 1462 209 1517 itaet
227 1459 328 1516 animae
349 1477 355 1516 :
378 1474 444 1515 sane
464 1458 642 1528 persuaderer
661 1458 791 1516 divinitus
808 1458 928 1528 lactum;

128 1564 283 1623 congruere
302 1546 375 1604 enim
400 1546 539 1603 hominem
561 1562 610 1603 sen
636 1547 749 1614 moneri,
767 1563 814 1604 seu
838 1546 931 1604 terreri

130 1655 148 1694 a
166 1639 235 1709 lieo,
250 1637 324 1698 velat
347 1636 456 1709 fulgure
471 1637 496 1674 ⁵³
517 1635 623 1707 rapido,
639 1644 833 1692 momentaneae
855 1651 931 1692 mor·

131 1726 167 1783 tis
188 1727 261 1799 ictu;
281 1725 304 1781 si
323 1740 376 1781 non
398 1724 484 1798 magis
506 1724 534 1781 in
556 1725 681 1797 proximo
700 1735 772 1784 esset
794 1724 930 1782 somnium

986 571 1073 627 minus
1102 579 1191 626 888888
1214 571 1272 628 lieri
1295 572 1428 641 videntur,
1452 591 1512 646 quaa
1534 577 1591 633 lieri
1615 587 1704 637 tamen
1727 597 1782 640 non

984 658 1126 727 videntur;
1141 667 1201 716 actu
1217 660 1289 716 enim
1307 659 1382 727 liunt,
1397 661 1496 718 ellectu
1515 665 1538 701 ⁵⁷
1554 681 1618 721 vero
1636 683 1690 723 non
1704 669 1781 728 liunt.

984 747 1057 803 11888
1078 747 1129 802 vim
1154 748 1271 804 exstasin
1290 750 1416 816 dicimus,
1435 766 1577 808 excessum
1601 753 1658 824 (91)
1673 772 1780 828 888888,

985 846 1012 892 88
1040 839 1165 892 amentiae
1192 840 1285 893 instar.
1316 839 1360 895 Sic
1389 848 1416 895 et
1444 843 1471 895 in
1492 842 1651 911 primordio,
1671 861 1784 903 somnus

984 940 1047 980 cum
1062 926 1159 981 exstasi
1184 925 1325 982 dedicatus
1340 929 1420 997 (Gen.
1436 931 1468 996 8)
1485 948 1491 984 :
1508 934 1536 986 et
1549 932 1629 987 misit
1643 936 1714 990 Deus
1728 952 1783 991 ee-

986 1019 1078 1074 stust'n
1088 1017 1119 1071 ira
1129 1017 1227 1081 ddum,
1240 1020 1267 1072 et
1277 1017 1454 1076 obdormivit.
1467 1018 1585 1074 Somnus
1594 1021 1667 1076 enim
1677 1025 1784 1094 corpori

985 1103 1109 1172 provenit
1122 1104 1150 1158 in
1164 1103 1279 1175 quietem
1294 1122 1301 1170 ;
1317 1105 1428 1159 ecstasis
1443 1106 1538 1162 881888
1557 1109 1668 1165 accessit
1687 1111 1784 1167 adver-

984 1190 1442 1264 susquietem;etinde7281'am
1454 1193 1549 1261 lbrmn,
1559 1202 1786 1256 somnnmecstasi

985 1281 1110 1352 miscens,
1125 1290 1153 1336 et
1171 1289 1267 1335 natura
1288 1281 1323 1335 de
1344 1280 1438 1337 lorma.
1459 1283 1592 1356 Denique,
1614 1295 1641 1342 88
1661 1288 1784 1345 oblecta·

985 1385 1056 1436 mur,
1079 1378 1106 1424 et
1129 1370 1331 1437 contristamur,
1357 1379 1384 1426 et
1402 1377 1588 1428 conterremur
1610 1374 1637 1429 in
1659 1377 1783 1450 somniis,

984 1472 1066 1528 quam
1094 1456 1207 1523 adlecta,
1232 1464 1260 1512 et
1287 1457 1375 1525 anxie,
1399 1466 1425 1513 et
1453 1460 1634 1529 passibiliterl
1666 1480 1730 1529 eum
1756 1467 1784 1522 in

985 1544 1058 1599 nullo
1083 1560 1313 1616 permoveremur,
1335 1562 1350 1601 8
1374 1547 1464 1602 vacuis
1487 1549 1589 1607 scilicet
1610 1550 1783 1625 imaginibus,

984 1630 1007 1684 si
1031 1641 1170 1702 compotes
1192 1634 1399 1689 somniaremus.
1425 1636 1547 1706 Denique
1571 1646 1599 1693 et
1622 1640 1694 1696 bona
1715 1640 1784 1698 lacta

985 1720 1100 1792 gratuita
1129 1727 1192 1776 suut
1221 1721 1250 1775 in
1274 1722 1393 1789 somnis,
1418 1730 1446 1777 et
1470 1724 1567 1780 delicta
1592 1742 1703 1800 secura;
1730 1746 1784 1789 non

133 1815 217 1882 credi,
244 1814 315 1888 quod
341 1812 465 1885 vigilanti
493 1813 582 1885 liutius
611 1814 733 1871 accidere
761 1814 883 1886 deberet,
906 1807 1073 1885 siBmagis
1086 1809 1157 1866 enim
1174 1811 1209 1867 ob
1226 1810 1313 1880 stupri
1334 1810 1465 1868 visionem
1491 1813 1689 1884 damnabimur,
1704 1835 1784 1892 qoam

136 1919 192 1960 non
211 1903 343 1962 somnium
362 1904 447 1979 magis
458 1902 532 1959 credi
546 1911 683 1976 oporteret
696 1904 730 1960 ⁵¹¹.

420 2096 535 2154 CAPUT
558 2095 640 2154 XLV.

166 2259 299 2315 Tenemur
312 2256 357 2315 hic
369 2256 403 2314 de
417 2255 521 2313 somnis
540 2271 648 2329 quoque
666 2256 843 2315 christianam
866 2274 930 2316 sen·

129 2349 241 2404 tentiam
262 2363 432 2419 expromere,
454 2357 485 2403 nt
507 2347 541 2402 da
565 2345 750 2403 accidentibus
771 2347 796 2385 ⁵⁵
820 2347 930 2418 somni;

129 2445 231 2494 elnon
253 2436 367 2494 modicis
391 2435 583 2507 jactationibus
606 2434 715 2506 animae,
739 2451 818 2510 quam
841 2436 931 2494 edixi-

131 2543 192 2582 mus
212 2525 390 2599 negotiosam,
406 2533 432 2581 et
451 2523 595 2580 exercitam
615 2540 721 2595 semper
740 2540 774 2580 ex
794 2526 931 2597 perpetui·

131 2623 185 2672 tate
212 2613 377 2680 motationis,
403 2614 477 2685 quod
504 2612 653 2668 divinitatis
677 2621 704 2668 et
722 2612 932 2670 immortalitatis

130 2712 172 2760 est
186 2703 263 2759 ratio.
278 2703 373 2774 Igitur,
391 2718 453 2759 cum
468 2701 546 2773 quies
566 2699 725 2774 corporibus
743 2701 843 2772 evenit,
859 2716 931 2774 quo-

988 1899 1024 1954 ob
1038 1898 1160 1971 martyrii
1176 1897 1375 1957 coronabimur.
1391 1899 1424 1954 Et
1440 1901 1590 1970 quomodo,
1605 1902 1704 1978 inquis,
1720 1924 1783 1966 888·

987 2000 1046 2043 mor
1070 1997 1111 2045 est
1134 1987 1300 2045 somniorum
1324 1989 1421 2055 anima,
1442 1989 1547 2046 scilicet
1567 2007 1648 2063 (88888
1669 2009 1783 2068 compo·

988 2086 1042 2133 tem
1065 2092 1125 2133 esse
1149 2091 1204 2133 uon
1227 2074 1315 2133 licet‘l
1333 2076 1391 2133 Hoc
1413 2078 1464 2135 erit
1487 2078 1637 2151 proprietas
1659 2085 1784 2143 amentiae

987 2167 1081 2237 hujus,
1094 2164 1157 2236 quia
1172 2179 1227 2221 non
1247 2163 1276 2221 lit
1294 2180 1327 2221 ex
1345 2167 1497 2238 corruptela
1514 2167 1594 2224 bonae
1613 2169 1783 2242 valetudinis,

986 2254 1034 2310 sed
1052 2270 1085 2310 ex
1108 2253 1212 2312 ratione
1236 2263 1349 2312 natura.
1371 2254 1428 2311 Nec
1453 2255 1526 2311 enim
1548 2259 1719 2330 exterminat,
1735 2263 1784 2320 aad

986 2351 1079 2400 avocat
1093 2349 1220 2400 81888888.
1235 2342 1317 2398 atiud
1331 2352 1373 2400 888
1391 2352 1545 2418 concutere,
1560 2347 1633 2404 aliud
1651 2364 1781 2426 movere3

985 2429 1058 2487 81188
1076 2440 1205 2500 evertere,
1226 2430 1299 2488 aliud
1317 2432 1431 2507 agitare.
1454 2434 1541 2508 lgitur
1559 2440 1633 2510 quod
1653 2441 1784 2498 memoria

986 2520 1115 2593 suppetit,
1141 2520 1242 2577 8881888
1264 2524 1364 2577 mentis
1386 2529 1444 2592 est;
1468 2524 1539 2596 quod
1563 2529 1665 2583 sanitas
1689 2529 1784 2592 mentis

985 2610 1058 2665 salva
1071 2610 1201 2666 memoria
1216 2617 1316 2681 stupet,
1333 2613 1459 2668 amentiae
1478 2628 1565 2685 genus
1584 2626 1634 2672 est.
1650 2616 1714 2675 ldeo
1729 2634 1783 2675 non

986 2697 1099 2755 dicimur
1122 2697 1222 2763 furere,
1239 2699 1286 2755 sed
1308 2700 1444 2756 somniare
1465 2714 1472 2752 τ
1495 2701 1558 2758 1888
1578 2711 1604 2759 88
1625 2705 1783 2776 prudentes,

132 2809 192 2849 rura
215 2791 338 2846 solatium
368 2789 508 2862 proprium
531 2797 581 2860 est,
605 2804 704 2845 vacans
726 2789 773 2845 illa
794 2805 811 2844 a
835 2765 1126 2857 8818818118888888
1149 2801 1244 2842 sumus
1264 2786 1323 2859 (98)
1340 2802 1346 2841 :
1363 2803 1457 2857 sapere
1480 2792 1553 2845 enim
1577 2800 1700 2848 nostrum
1723 2794 1785 2852 licet
1829 2777 1834 2785 ⁵

133 2880 233 2948 alieno,
253 2897 305 2936 non
334 2879 461 2951 quiesctt,
486 2884 513 2935 et
535 2879 558 2935 ai
581 2884 656 2935 caret
682 2893 767 2947 opera
794 2878 931 2935 membro-

137 2986 195 3026 rum
217 2969 407 3042 corporalium,
424 2967 480 3024 suis
503 2970 595 3024 utitur.
612 2966 729 3039 Concipe
743 2966 769 3005 ⁵⁶
792 2965 930 3040 gladiato-

134 3055 263 3114 semdae
281 3056 375 3124 armis,
390 3055 434 3112 vel
452 3054 575 3128 aurigam
596 3053 654 3110 sine
674 3052 825 3125 curriculis,
840 3052 929 3127 gesti-

986 2875 1174 2942 obumbrctur,
1189 2892 1245 2933 non
1268 2887 1357 2933 tamen
1379 2876 1572 2952 exstinguitur.
1592 2878 1650 2936 Nisi
1669 2884 1742 2953 qnod
1756 2891 1785 2942 et

984 2965 1074 3035 ipsum
1101 2971 1191 3034 potest
1217 2963 1302 3021 videri
1329 2980 1424 3023 888888
1451 2975 1530 3036 8888;
1555 2967 1671 3024 ecstasin
1695 2979 1784 3028 autem

984 3052 1037 3108 hoc
1058 3065 1166 3123 quoque
1189 3052 1297 3124 operari
1321 3054 1426 3110 88888
1450 3054 1573 3126 8888818,
1595 3059 1626 3111 88
1645 3056 1685 3115 818
1706 3060 1785 3118 nobis

820 3178 915 3242 Variae
936 3182 1091 3245 lectiones.

164 3293 349 3365 9⁵Sexaginta
371 3292 440 3348 lun.
464 3289 489 3328 ⁵⁰
511 3288 648 3354 Crederet,
664 3295 694 3344 88
721 3289 783 3344 lut.
799 3285 821 3324 ⁵¹
847 3284 1105 3344 (188888818812
1137 3284 1193 3344 Soli
1220 3288 1286 3346 888.
1316 3284 1342 3327 ⁵³
1371 3286 1487 3361 Fulgore
1510 3289 1573 3346 Lat.
1602 3288 1628 3328 ⁵⁴
1657 3290 1687 3349 Si
1716 3306 1774 3352 nou

128 3377 212 3439 nm.
229 3379 254 3422 e.
270 3370 408 3435 oporteret
417 3364 511 3421 omitt.
527 3362 588 3433 Rip.
608 3361 672 3419 Ten.
688 3358 713 3398 ⁵⁵
721 3357 890 3416 Amenanus
905 3359 993 3418 Rben.
1010 3356 1097 3416 Seml.
1112 3357 1138 3397 ⁵⁸
1152 3358 1284 3430 conspice
1298 3362 1383 3417 Pron.
1399 3357 1423 3397 ⁵⁷
1441 3358 1550 3418 Allecto
1565 3362 1634 3420 lun.

829 3456 1081 3522 Commentarius.

164 3568 223 3640 (87)
237 3567 281 3626 Vel
291 3565 688 3641 nautuaiatsqnaasnrunus
698 3564 825 3646 opponit,
837 3562 932 3623 aneta

130 3640 199 3698 dens
222 3639 402 3696 incubonem.
427 3639 533 3694 Etenim
553 3637 659 3693 dicebat
680 3635 818 3708 epilepsiae
841 3644 930 3691 tenta·

130 3712 231 3768 donem
246 3726 317 3767 8888.
342 3710 440 3765 Caelius
463 3708 626 3764 Aurelianus
649 3707 691 3763 tit.
711 3706 744 3765 de
766 3707 929 3764 lncubene:

132 3784 213 3838 «Est
233 3795 323 3837 autem
351 3781 506 3853 supradicta
529 3780 619 3850 passio
645 3777 782 3851 epilepsiae
805 3778 928 3834 tentatio.

130 3853 277 3926 Namqnod
287 3869 374 3925 nequa
383 3854 460 3922 deus,
471 3866 558 3923 neque
569 3851 713 3914 semideus,
727 3865 814 3921 neque
823 3850 930 3920 Cupido

131 3926 175 3992 sit,
190 3925 267 3980 labris
291 3938 442 3994 causarum,
461 3938 530 3994 qnos
551 3921 784 3995 AEtiologumenoa
808 3921 930 3978 Soranus

129 3995 286 4069 appellavit,
302 3995 455 4066 plenissime
470 3992 622 4063 explicavit.
639 4012 653 4045 a
669 3994 733 4049 lito.

167 4069 227 4138 (88)
245 4067 456 4138 Quinquaginta
469 4079 539 4139 pene
552 4080 651 4121 annos.
667 4064 763 4120 Junius
776 4061 931 4133 suspicatur

986 3560 1156 3623 euidentibus
1175 3563 1307 3634 portentis
1328 3561 1514 3635 somniorum,
1539 3573 1567 3623 et
1588 3567 1786 3648 auspiciorum,

986 3644 1013 3692 et
1036 3634 1167 3700 ominum,
1192 3641 1248 3690 tum
1271 3636 1423 3704 veteribus,
1449 3645 1506 3692 tum
1530 3639 1618 3711 novis,
1644 3656 1783 3714 nunquam

985 3713 1064 3762 antea
1077 3705 1214 3761 somniare
1227 3706 1333 3763 solitus.
1356 3727 1367 3758 x
1386 3708 1457 3764 Paat.

1022 3778 1080 3849 (88)
1096 3780 1132 3834 at
1150 3777 1362 3860 Thrasymedem
1385 3779 1583 3908 Theopnmgus.
1603 3783 1680 3840 Hunc
1699 3785 1786 3841 Thra·

984 3848 1504 3920 88888888888881888881818881118888
1541 3858 1650 3912 esteris·
1664 3856 1712 3911 ned
1741 3857 1785 3913 nid

983 3934 1055 3990 epus
1073 3928 1115 3976 est
1131 3920 1240 3992 conjici,
1262 3920 1307 3975 ubi
1327 3921 1398 3977 clare
1422 3922 1591 3991 Plutarchus,
1612 3900 1700 4000 qu’alis
1721 3874 1784 3985 188-

984 3992 1030 4061 rit,
1045 3992 1144 4048 scribat
1158 3990 1207 4050 lih.
1222 3994 1261 4050 lle
1275 3991 1388 4065 defectu
1402 3996 1511 4051 oracul.
1522 3999 1534 4050 t
1547 3996 1614 4053 Lao.

1022 4063 1078 4135 (81)
1091 4065 1127 4119 ut
1141 4063 1252 4135 8888888
1267 4079 1302 4120 en
1315 4066 1411 4135 forma
1425 4068 1602 4124 continuam.
1629 4069 1712 4138 Quasi
1735 4085 1784 4128 so·

129 4138 279 4212 legendum
296 4139 459 4210 sexaginta,
472 4136 598 4194 videlicet
615 4136 648 4190 ad
668 4135 859 4191 rotunditatem
873 4148 929 4188 nu·
946 4124 969 4202 ὓ
985 4132 1068 4188 lemni
1091 4135 1210 4202 quodam
1231 4135 1293 4203 ritu,
1310 4143 1390 4207 atqua
1410 4151 1443 4191 ex
1463 4136 1543 4194 edicti
1564 4139 1707 4208 cujusdam
1725 4143 1785 4199 lor·

130 4210 198 4265 meri
222 4212 312 4280 potius
334 4217 459 4280 oportere
485 4224 491 4262 :
519 4227 530 4258 ι
553 4208 631 4276 Nam,
655 4204 752 4279 inquit,
776 4219 869 4262 omnes
894 4204 929 4261 de

131 4281 209 4336 annis
230 4281 263 4335 57
287 4279 467 4350 8888881888;
493 4293 553 4334 cum
573 4285 662 4333 888888
679 4292 731 4350 ego
751 4276 850 4332 mirum
869 4274 929 4330 dis·

129 4351 235 4408 crimen
258 4351 395 4408 inueniam
419 4350 491 4405 circa
515 4364 601 4404 annos
629 4350 719 4404 somni
742 4346 928 4418 Epimenidis3

131 4438 194 4478 nam
217 4423 324 4477 tametsi
348 4420 447 4478 Plinius
470 4427 496 4476 et
520 4419 644 4475 Laertius
662 4418 929 4475 memorentdormi·

132 4493 205 4550 visse
228 4492 413 4566 Epimenidem
439 4493 472 4547 87
501 4507 557 4562 an.,
587 4491 743 4546 Plutarchus
771 4488 808 4545 illi
838 4488 931 4545 tribuit

130 4565 261 4621 88888188
275 4564 469 4638 quinquaginta
483 4577 578 4629 88888,
595 4562 643 4617 lib.
658 4563 701 4618 dn
724 4561 786 4618 seni
810 4560 931 4634 regenda

129 4638 169 4692 sil
193 4638 274 4709 11888.
297 4635 375 4692 11888
396 4648 539 4691 nnmerum
563 4633 720 4692 Tertulliani
743 4639 770 4687 et
793 4631 930 4687 Plutarchi

129 4707 273 4763 confirmat
291 4705 385 4774 Varro,
402 4714 430 4761 et
442 4704 613 4829 amplectitur
635 4702 800 4775 Sabellicus,
815 4701 862 4758 lib.
879 4717 930 4773 vn,

129 4793 155 4834 c.
170 4781 198 4833 t.
214 4778 269 4832 Alii
286 4777 373 4834 adhuc
392 4786 485 4833 contra
507 4783 553 4831 unt
567 4777 624 4835 ¹hoc
644 4785 760 4848 tempus,
777 4782 805 4829 et
827 4780 932 4830 tantum

128 4849 273 4921 assignant
290 4850 324 4905 to
342 4863 437 4915 annos,
457 4855 487 4902 ut
510 4847 658 4904 Pausanias
679 4848 708 4904 in
732 4846 840 4903 Atticis.
865 4844 931 4912 ulti,

127 4931 160 4976 ut
184 4921 330 4987 Eudemus,
357 4919 490 4976 dederunt
514 4921 557 4991 87,
579 4919 622 4975 8111
644 4920 689 4986 77,
714 4916 892 4991 etdpuleius
915 4918 932 4972 8

126 4990 273 5063 (818888.)
299 4992 351 5047 Sed
375 4988 508 5062 quidquid
533 4993 568 5045 sit
591 4991 625 5045 de
648 5004 780 5045 annorum
805 5002 931 5054 numero,

128 5063 252 5190 pigriusL
283 5062 422 5119 historiam
461 5062 633 5133 Epimenidis
678 5062 759 5118 habet
799 5060 931 5129 Laertius,

140 5149 216 5190 x.1.
254 5149 299 5189 ao.

165 5207 224 5279 (89)
240 5205 334 5264 Sedet
350 5206 488 5263 Neronem
504 5206 669 5272 Suetonius,
683 5209 734 5259 etc.
755 5201 842 5258 Habet
860 5201 932 5260 Sue·

133 5278 223 5334 tonius
244 5279 272 5332 in
298 5278 358 5334 Vita
381 5277 507 5342 Neronis,
528 5293 589 5346 cap.
615 5278 660 5345 88,
682 5272 728 5328 881
750 5273 849 5330 8181888
871 5281 933 5344 8888

134 5349 225 5406 matris
244 5349 358 5416 caedem,
374 5365 521 5421 nunquam
545 5351 631 5404 antea
654 5347 796 5404 somnime
820 5347 931 5405 solitus.

137 5420 221 5480 Serus
243 5436 352 5493 quoqne
372 5421 534 5480 somniator
558 5421 626 5475 intra
654 5433 713 5544 αἱ.
735 5417 934 5500 8881888818

136 5496 261 5548 cumdem
284 5508 405 5549 sensum
429 5494 467 5549 lat
495 5494 542 5548 Pn.
572 5519 607 5532 -
655 5503 719 5546 era
743 5488 882 5560 Suetonu,
905 5503 934 5545 vn

137 5563 255 5634 Nerone,
271 5579 333 5641 cap.
356 5565 402 5637 tt,
422 5564 481 5623 hac
505 5570 594 5621 sunt:
617 5581 631 5616 a
654 5561 814 5620 Terrebatur
827 5561 861 5617 ad
875 5561 935 5620 haee

983 4203 1069 4259 mula.
1086 4203 1147 4259 ltve.

975 4317 984 4329 .
1020 4274 1078 4345 (99)
1092 4275 1230 4331 Eustasin
1243 4273 1786 4348 88818888,888888888,888.1188818881-

983 4359 1045 4400 men
1060 4351 1103 4401 est
1114 4345 1182 4401 inter
1197 4359 1323 4400 somnum
1339 4353 1365 4402 et
1375 4349 1503 4418 exstasin,
1517 4349 1587 4421 quod
1599 4365 1650 4421 per
1659 4366 1784 4408 somnum

984 4416 1138 4473 functiones
1152 4418 1249 4473 mentis
1263 4424 1290 4472 et
1303 4431 1400 4473 sensas
1414 4418 1543 4494 ligantur,
1553 4430 1583 4475 ut
1595 4423 1670 4480 vires
1685 4425 1783 4482 animae

985 4490 1143 4560 vegetativae
1168 4500 1230 4543 tunc
1251 4488 1394 4544 solutiores
1416 4496 1479 4545 sunt
1501 4498 1528 4546 et
1553 4493 1733 4567 robustiores,
1753 4497 1783 4552 in

984 4559 1081 4616 ecstasi
1101 4574 1166 4618 vero
1189 4559 1351 4615 contrarium
1374 4559 1470 4617 accidit
1485 4578 1492 4615 ε
1508 4575 1571 4616 nam
1594 4566 1782 4623 8881888888-

986 4632 1083 4689 tritivae
1092 4640 1121 4688 ct
1130 4632 1267 4687 sensitiva
1278 4629 1472 4703 impediuntur,
1482 4633 1582 4688 mentis
1594 4650 1661 4691 vero
1672 4637 1785 4695 iunctio·

986 4718 1036 4760 nes
1049 4712 1113 4760 tunc
1137 4703 1252 4758 maxime
1273 4703 1375 4775 vigent.
1390 4702 1421 4757 ln
1435 4718 1468 4759 eo
1481 4703 1598 4776 denique
1623 4710 1786 4767 conveniunt

987 4789 1084 4829 sensns
1096 4781 1123 4830 et
1135 4773 1259 4844 exstasis,
1275 4773 1348 4845 quod
1362 4787 1457 4831 sensns
1471 4775 1499 4829 in
1513 4781 1628 4847 utroque
1649 4785 1784 4854 torpeant,

987 4845 1043 4900 sive
1065 4846 1155 4916 potius
1180 4847 1306 4918 ligentur.
1329 4845 1424 4916 Quoad
1448 4846 1645 4905 Tertullianum
1670 4858 1784 4920 spectat,

987 4918 1105 4972 exstasin
1127 4917 1261 4973 interdum
1286 4915 1397 4973 sinistro
1425 4931 1508 4975 sensu
1535 4921 1650 4993 accipit,
1669 4929 1696 4978 et
1719 4919 1788 4979 dixit

986 4987 1111 5043 amentiae
1135 4989 1219 5044 instar
1241 4986 1340 5057 luisse,
1366 4996 1396 5045 ot
1419 4989 1488 5046 libro
1511 4991 1545 5048 de
1570 4994 1685 5051 Testari
1707 5010 1787 5066 quem

987 5060 1117 5116 adversus
1135 5059 1283 5116 Ecclesiam
1302 5060 1424 5132 scripsit;
1443 5063 1489 5119 ubl
1504 5061 1657 5120 libertatem
1676 5065 1787 5131 ademit,

987 5142 1014 5188 et
1027 5129 1210 5204 cognitionem
1228 5130 1376 5205 prophetiae
1392 5133 1478 5205 ipsius
1492 5142 1646 5192 secundnm
1666 5137 1787 5193 Montani

987 5218 1099 5285 8888888
1115 5219 1121 5258 :
1138 5211 1267 5284 utsupra,
1285 5219 1345 5276 cap.
1370 5196 1414 5272 91,
1431 5206 1532 5265 8881881
1554 5222 1635 5265 88888
1659 5208 1789 5280 explicuit

987 5283 1129 5331 amentiam
1145 5290 1172 5330 vn
1187 5276 1294 5332 exstasi.
1312 5281 1378 5331 tae.

989 5417 995 5430 Ι
1023 5346 1080 5428 (99)
1096 5346 1157 5404 ldeo
1173 5349 1200 5401 et
1221 5347 1388 5422 prudentes,
1402 5349 1428 5405 si
1441 5348 1551 5423 quande
1574 5365 1682 5408 sumtu.
1707 5348 1784 5423 1888,

987 5428 1083 5491 inquit,
1099 5424 1127 5475 et
1154 5419 1299 5491 prudentes
1320 5419 1497 5488 somniamus,
1518 5419 1541 5475 si
1562 5422 1672 5494 888888
1694 5429 1785 5479 tamen

989 5490 1138 5563 prudentes
1165 5489 1217 5547 dici
1246 5505 1404 5566 possumus,
1432 5506 1546 5566 quorum
1574 5500 1616 5549 est
1645 5493 1785 5566 propriant

988 5577 1079 5620 errare
1094 5572 1121 5620 et
1134 5560 1199 5622 labi.
1214 5561 1277 5621 me.
