3840 6134
132 292 186 354 395
479 283 702 347 taulultltltl
719 281 854 343 otaaull
872 279 956 340 PARS
976 280 1008 341 ll.
1029 313 1065 323 -
1083 280 1196 343 saules
1214 281 1235 351 l,
1254 277 1428 343 retentet.
1724 282 1779 345 396

132 418 175 475 his
185 414 251 474 mihi
264 413 389 487 probatio
402 412 511 470 sufficit.
528 413 556 469 st
570 413 641 470 enirn
656 411 684 466 id
704 411 728 448 22
749 406 927 484 Evangelium
941 395 964 473 ss
979 417 1085 464 tuemur
1100 428 1106 464 :
1123 408 1263 464 Marcionis
1275 425 1338 466 vcro
1357 409 1491 482 plerisque
1504 423 1554 464 nec
1576 417 1680 482 totum3
1709 411 1777 467 nnl-

132 506 205 580 quod
219 506 299 561 Lucae
313 501 427 559 refertur
441 518 523 575 penes
538 518 588 557 uos
601 501 766 571 (videremus
781 514 814 551 au
836 505 862 552 et
876 512 927 567 pe·
983 496 1017 551 lis
1035 506 1122 552 autem
1138 499 1162 536 ³⁰
1176 507 1278 564 uotum,
1295 508 1324 553 ιιι
1336 513 1389 552 ιιοιι
1412 512 1445 553 co
1459 498 1483 536 ³¹
1499 497 1663 553 damnatum.
1690 499 1779 555 Habet

131 591 375 659 nesMarcioneml
398 590 485 663 ipsum
508 589 642 660 estquod
668 587 787 642 Marcion
817 599 928 655 perau·
984 585 1061 654 plane
1085 594 1111 640 ct
1131 584 1198 641 illud
1227 586 1367 657 ecclesias,
1394 585 1442 642 sed
1469 602 1548 655 suas3
1577 594 1630 642 tam
1655 593 1779 656 posteras

133 684 244 741 titheses
259 697 321 737 suas
330 680 428 753 arguit,
443 686 473 734 ut
490 677 681 748 interpolatum
697 691 713 728 a
731 671 929 744 protectoribus
982 691 1062 747 quam
1077 676 1231 744 adulteras;
1257 691 1371 748 quarum
1392 675 1414 732 si
1439 691 1549 733 censum
1571 677 1703 749 requiras,
1735 676 1778 733 ia-

132 771 263 829 ludaismi
274 769 308 824 ad
318 767 587 838 concorporationem
597 763 711 834 Legiset
721 763 927 834 Prophetarum,
982 764 1061 819 cilius
1102 764 1278 833 apostaticum
1311 763 1432 820 invenias
1473 779 1553 835 quarn
1583 763 1778 835 apostolicum,

134 877 188 934 qua
202 862 281 916 etiam
293 857 428 913 Christum
443 856 506 911 inde
526 853 694 925 conligerent
708 852 742 916 25,
759 851 849 922 utique
875 863 929 905 nou
983 851 1119 907 Marcione
1146 852 1246 907 scilicet
1267 851 1416 923 conditore,
1435 852 1475 909 vel
1498 852 1590 925 aliquo
1611 852 1646 909 de
1662 853 1778 911 Marcio-

133 948 268 1021 potuisset
290 961 413 1018 arguere,
439 941 490 1000 nisi
505 943 577 1014 quod
601 941 752 997 invenerat.
767 940 853 995 Nemo
868 945 931 1004 post
983 941 1025 996 nis
1052 941 1186 997 examine.
1203 942 1312 997 Faciunt
1340 941 1416 997 savos
1445 950 1471 998 et
1493 957 1582 1013 vespae
1595 940 1636 1013 (a)
1653 955 1660 996 τ
1677 941 1781 998 iaciunt

133 1037 224 1094 iutura
239 1036 413 1108 reprehendit
433 1050 494 1106 quae
508 1034 614 1107 ignorat
629 1030 719 1086 lutura
743 1046 750 1082 :
775 1027 929 1085 emendatio
982 1029 1111 1086 ecelesias
1138 1033 1165 1085 et
1193 1031 1367 1088 marcionita.
1396 1030 1497 1086 Eadem
1522 1030 1669 1086 auctoritas
1691 1031 1780 1088 eccle·

134 1126 304 1199 culpamuou
318 1123 463 1180 antecedit.
479 1121 644 1178 Emendator
663 1133 727 1175 sane
745 1116 894 1190 Evangelii,
913 1131 929 1171 a
983 1118 1082 1174 siarum
1096 1120 1305 1190 apostolicarum
1318 1119 1422 1175 caeteris
1435 1134 1547 1191 quoque
1565 1120 1782 1190 patrocinabitur

134 1215 286 1271 Tiberianis
299 1228 384 1283 usquc
399 1213 432 1269 ad
445 1210 589 1267 Antoniani
605 1221 726 1280 tempora
740 1206 842 1272 eversi,
859 1207 930 1263 Mar·
983 1206 1145 1278 Evangelia,
1161 1223 1222 1279 quae
1235 1208 1349 1278 proinde
1363 1223 1412 1278 per
1423 1205 1485 1264 illas
1498 1214 1525 1263 et
1544 1209 1694 1265 secuudum
1716 1208 1781 1264 illas

134 1303 195 1360 cion
213 1302 287 1358 solus
308 1310 335 1356 et
347 1299 449 1370 primus
471 1298 589 1367 obvenit,
606 1301 774 1367 exspectatus
798 1294 929 1350 tamdiua
983 1299 1122 1364 habemus,
1137 1298 1319 1355 ioannisdico
1342 1302 1369 1355 et
1390 1297 1519 1370 Maubai,
1535 1298 1597 1354 licet
1620 1308 1647 1355 et
1674 1299 1782 1357 Marcus

135 1393 244 1448 Christo
260 1390 433 1462 paenitentem
446 1389 501 1459 jam
517 1386 589 1459 quod
605 1385 743 1458 apostolos
765 1381 928 1456 prestitisse
982 1391 1054 1462 quod
1069 1389 1162 1456 edidit,
1179 1388 1250 1445 l‘etri
1264 1387 1423 1455 affirmetur,
1438 1389 1518 1457 cujus
1545 1387 1678 1458 interpres
1704 1389 1781 1445 Mar-

133 1487 306 1551 properassct
325 1477 384 1532 sine
398 1475 525 1547 praesidio
540 1474 694 1541 Marcionis;
710 1472 761 1528 nisi
790 1474 860 1545 quod
876 1473 929 1526 ltu·
982 1495 1055 1535 cus:
1076 1495 1138 1534 nam
1158 1486 1185 1533 et
1199 1476 1277 1535 [ηοω
1292 1477 1434 1548 nigasium
1447 1476 1531 1532 Paulo
1554 1476 1709 1533 adscribere
1736 1492 1782 1534 so-

134 1584 221 1624 manae
234 1566 402 1632 temeritatis,
423 1582 477 1622 non
497 1564 594 1620 divina
610 1563 776 1620 auctoritatis
791 1563 927 1633 negotium
981 1568 1045 1625 tenc,
1062 1566 1174 1638 Capite
1188 1566 1380 1638 magistrorum
1395 1565 1491 1632 rideri,
1506 1581 1568 1635 quae
1578 1564 1707 1636 discipuli
1718 1580 1782 1638 pro-

134 1667 175 1716 cst
200 1657 323 1724 haeresis,
352 1670 414 1726 quve
429 1655 467 1710 sic
495 1669 602 1725 semper
615 1652 742 1709 emendat
768 1651 926 1723 Evangelia,
983 1656 1136 1730 mulgarint.
1160 1657 1253 1727 ltaque
1281 1655 1364 1711 etde
1393 1653 1436 1709 his
1452 1654 1574 1711 Marcion
1607 1653 1780 1727 flagitandus,

134 1746 200 1803 dum
212 1745 308 1802 vitiat:
324 1760 385 1800 curn
396 1743 447 1798 etsi
462 1741 611 1812 discipulus
626 1741 754 1806 Marcion,
767 1757 825 1797 aaa
839 1748 928 1796 tamen
946 1703 1046 1820 Bquid
1066 1744 1090 1784 ³³
1105 1745 1215 1801 omissis
1227 1743 1276 1809 cis,
1300 1744 1379 1800 Lucae
1408 1741 1499 1813 potius
1522 1742 1649 1798 institerit
1665 1760 1672 1810 3
1702 1741 1782 1815 quasi

133 1835 399 1907 saperrtaagistraat
414 1830 524 1902 (Malla.
540 1846 570 1895 x,
585 1830 647 1902 litt
664 1838 691 1885 el
705 1829 728 1884 si
747 1829 773 1867 ²⁶
788 1830 929 1900 apostolus
982 1850 1038 1890 non
1051 1843 1078 1890 ct
1086 1834 1145 1889 haec
1154 1833 1227 1903 apud
1241 1831 1392 1889 ecclcsiasa
1409 1830 1557 1903 primordio
1569 1830 1678 1896 tuerint,
1689 1846 1784 1903 quem·

133 1923 264 1979 Marcion.
275 1923 336 1980 Siue
350 1937 408 1994 ega,
420 1919 506 1991 inquit
520 1919 652 1989 Paulus(l
666 1918 929 1988 Cor.1v,ll),siac
983 1923 1128 1979 admodum
1150 1929 1179 1977 et
1201 1921 1291 1977 Luce.
1315 1919 1416 1990 Atquin
1440 1919 1498 1976 haec
1522 1918 1609 1994 magis
1632 1919 1782 1991 primordio

134 2013 189 2077 illi,
209 2015 249 2068 sie
263 2010 463 2083 predicamus.
478 2009 512 2063 Et
536 2009 559 2063 si
578 2008 726 2079 prophetes
749 2007 887 2063 Marcion:
903 2014 930 2063 et
983 2011 1067 2067 luisse
1082 2009 1209 2068 credibile
1228 2018 1279 2079 est,
1303 2019 1333 2064 ιιι
1353 2007 1454 2080 priora,
1481 2023 1536 2081 qua
1557 2008 1725 2080 apostolica;
1751 2018 1782 2066 ut

132 2103 251 2173 spiritus
259 2099 464 2173 prophetaram
473 2097 618 2170 prophetis
627 2097 821 2154 eraatsatditi
831 2096 854 2166 (l
866 2098 926 2155 Cor.
982 2114 1042 2155 curn
1058 2098 1125 2171 ipsis
1147 2098 1274 2155 Ecclesiis
1297 2097 1432 2154 dedicata.
1453 2097 1596 2163 ceterum,
1620 2098 1700 2169 quale
1728 2105 1779 2165 est,

131 2207 193 2256 xvv,
203 2191 246 2257 32]
256 2208 264 2258 ;
274 2206 332 2246 ιιοιι
347 2191 423 2244 eaiut
438 2189 601 2251 eversionis,
611 2187 659 2244 scd
667 2189 755 2260 pacis.
771 2186 857 2241 Etiam
866 2184 889 2241 si
903 2184 928 2223 ²⁷
982 2190 1005 2244 si
1019 2187 1086 2243 nibil
1100 2188 1215 2260 apostoli
1229 2185 1381 2252 ediderunt,
1394 2195 1424 2242 ut
1434 2186 1560 2257 discipuli
1576 2187 1667 2258 potius
1679 2186 1776 2244 edide-

132 2279 246 2351 augelus
259 2278 387 2342 Marcion,
407 2276 487 2333 citius
513 2277 618 2347 (Galat.
635 2292 655 2341 t,
680 2277 710 2346 8)
721 2276 863 2330 anathema
885 2275 928 2330 di·
980 2278 1045 2344 rint,
1062 2278 1108 2349 qui
1123 2292 1172 2332 nec
1195 2277 1321 2348 discipuli
1336 2275 1452 2333 existere
1476 2276 1628 2347 potuissent
1641 2277 1700 2334 sinc
1727 2277 1780 2334 ulla

131 2367 236 2424 candus
251 2382 332 2436 quam
357 2363 569 2438 evangelizator,
584 2363 647 2432 <illia
664 2361 741 2417 Mller
756 2360 927 2433 222280123-
980 2367 1102 2423 doctrina
1115 2365 1307 2437 magistrorum
1319 2366 1333 2421 i
1347 2365 1433 2439 Igitur
1447 2366 1513 2422 dum
1523 2372 1628 2422 constet
1641 2367 1699 2423 haee
1710 2381 1776 2438 quo·

130 2457 179 2512 vit.
196 2458 289 2527 ltaque
311 2455 377 2511 dum
391 2452 524 2518 emendat,
549 2462 692 2521 utrumque
718 2450 877 2516 confirmat:
900 2458 928 2506 el
980 2472 1033 2528 que
1055 2455 1127 2527 apud
1156 2454 1290 2512 Ecclesiae
1318 2454 1411 2521 luisse,
1436 2470 1553 2512 cuvnon
1581 2455 1643 2512 haec
1666 2470 1778 2529 atroque

130 2554 253 2602 nostrum
263 2547 392 2610 anterius,
409 2543 437 2597 id
450 2541 598 2597 emendans
611 2541 684 2612 quod
704 2542 824 2608 invenit3
857 2548 885 2594 et
898 2539 924 2594 id
980 2543 1097 2600 Marcion
1111 2544 1207 2614 attigit,
1234 2551 1279 2597 aut
1305 2541 1475 2597 emendanda
1498 2542 1522 2597 si
1548 2542 1707 2609 adulterata,
1734 2552 1782 2600 aut

47 2689 53 2699 .
130 2640 276 2712 posterius,
291 2642 364 2711 quod
383 2640 417 2695 de
444 2637 527 2695 nostri
549 2635 735 2692 emendatione
748 2636 924 2700 constituens,
979 2632 1151 2704 agnoscenda
1177 2632 1199 2686 si
1214 2631 1342 2705 integral
1366 2646 1428 2686 uam
1446 2639 1474 2688 et
1487 2632 1626 2702 competit,
1641 2640 1671 2688 ut
1685 2633 1708 2688 si
1732 2633 1780 2706 qni

131 2743 209 2784 suum
223 2737 360 2786 etnorum
374 2726 447 2784 tecit.
979 2722 1157 2796 Evangelium
1180 2720 1369 2793 pervertebant
1391 2722 1449 2793 (to)
1473 2736 1567 2777 eorum
1583 2722 1669 2794 magis
1696 2738 1779 2780 cura·

979 2821 1041 2869 rent
1068 2811 1278 2882 perversionem,
1303 2825 1418 2882 quorum
1442 2810 1562 2866 sciebant
1588 2811 1779 2869 auctoritatem

449 2865 562 2923 CAPUT
571 2866 605 2921 v·
979 2900 1168 2970 receptiorem,
1184 2899 1245 2955 ideo
1260 2907 1288 2954 ct
1301 2898 1519 2971 pseudapostoli,
1534 2900 1606 2968 quod
1620 2916 1671 2971 per
1682 2900 1781 2956 salsum

164 2993 196 3048 Iu
220 3006 337 3057 summa,
361 2990 385 3044 si
399 2997 505 3047 consta
528 2990 556 3044 id
584 2989 677 3046 verius
691 2989 763 3061 quod
791 2988 878 3062 prius,
897 2990 925 3046 id
980 2991 1117 3060 apostolos
1131 2988 1310 3043 imitarentur.
1325 2989 1354 3042 ln
1370 2997 1498 3058 quantum
1514 3003 1578 3060 ergo
1603 2989 1780 3045 emendasset

128 3080 285 3152 priusqnod
300 3086 329 3135 et
342 3080 376 3134 ab
390 3078 477 3150 initio,
493 3078 519 3132 id
535 3078 559 3116 22
574 3077 607 3131 ab
619 3077 708 3148 initio,
721 3078 793 3150 quod
809 3078 841 3133 ab
856 3093 925 3150 apo·
942 3037 1039 3150 cquae
1063 3077 1177 3134 luissent
1198 3075 1376 3144 emendanda,
1401 3076 1424 3131 si
1443 3075 1557 3132 luissent
1579 3084 1720 3149 corrupta,
1748 3079 1778 3135 in

128 3169 221 3238 stolis;
238 3168 336 3238 pariter
350 3166 441 3241 utique
455 3166 598 3232 constabit,
614 3165 641 3221 id
662 3182 722 3223 esse
745 3167 778 3222 ab
793 3167 924 3237 apostolis
978 3173 1084 3223 tantum
1104 3164 1272 3223 confirmavit
1297 3180 1352 3220 non
1376 3164 1458 3220 luisse
1481 3173 1617 3237 corrupta,
1632 3182 1695 3240 quae
1723 3182 1778 3224 nou

128 3256 265 3325 traditum,
280 3254 354 3325 quod
384 3255 457 3327 apud
485 3253 611 3312 ecclesias
636 3253 822 3326 apostolorum
846 3255 925 3312 fuerit
979 3257 1083 3330 putavit
1098 3255 1279 3311 emendanda.
1299 3255 1420 3326 Denique
1443 3255 1603 3321 emendavit,
1630 3257 1778 3329 qrtodcor·

128 3352 338 3401 sacrosanctum.
354 3342 501 3414 Videamus
521 3343 595 3413 quod
619 3343 695 3397 laea
718 3342 801 3399 Paulo
830 3344 925 3400 Corin·
978 3354 1088 3417 ruptum
1103 3343 1276 3402 existimavit.
1302 3343 1356 3400 Sed
1370 3360 1404 3400 ne
1419 3344 1470 3400 boc
1493 3344 1601 3413 merito,
1630 3345 1695 3418 quia
1723 3361 1778 3403 non

130 3435 178 3490 thii
193 3433 348 3501 hauserint,
363 3433 396 3487 ad
419 3446 500 3503 quarn
519 3432 642 3505 regulam
666 3431 768 3487 Galatae
793 3433 847 3489 sint
878 3449 924 3490 re·
978 3433 1207 3505 luitcorruptum.
1223 3431 1252 3490 Si
1267 3431 1339 3488 euim
1358 3433 1503 3502 apostolica
1521 3433 1625 3507 integra
1640 3434 1779 3492 ³⁴cucur·

129 3521 242 3579 corrccti
258 3521 297 3589 ²⁹3
324 3519 391 3593 quid
405 3519 497 3591 legant
524 3519 723 3592 Philippenses,
752 3521 925 3578 Thessaloni·
979 3524 1125 3589 rerunt³⁵;
1141 3524 1221 3579 Lucae
1231 3531 1319 3578 autem
1334 3521 1407 3593 quod
1420 3534 1461 3579 cst
1475 3524 1623 3579 secundum
1638 3539 1700 3594 nos,
1711 3525 1778 3587 adeo

127 3610 373 3682 canses.Epltesii;
401 3608 466 3680 quid
491 3608 572 3665 etium
602 3609 714 3665 Romani
738 3609 773 3666 de
802 3612 925 3682 proximo
979 3610 1105 3684 congruit
1119 3610 1222 3683 regulae
1241 3625 1346 3681 eorum,
1366 3618 1395 3665 ut
1414 3626 1475 3666 cum
1489 3610 1543 3666 illis
1557 3611 1629 3684 apud
1640 3611 1780 3670 Ecclesiae

128 3709 233 3769 sonent,
249 3699 349 3771 quibus
358 3697 535 3772 Evangelium
556 3707 583 3753 ct
597 3699 691 3755 Petrus
704 3707 732 3754 ct
745 3699 845 3754 Paulus
859 3716 926 3756 san·
978 3706 1095 3765 mancat,
1108 3697 1166 3769 jam
1182 3705 1210 3754 et
1223 3697 1302 3754 Lucre
1320 3706 1425 3755 constat
1437 3699 1571 3772 integrum
1590 3700 1780 3758 decucurrisse

129 3788 212 3860 guina
227 3801 402 3861 quoquesuo
426 3787 560 3857 signatum
585 3787 762 3857 reliquerunt.
791 3789 927 3845 Habemus
979 3802 1065 3859 usque
1088 3787 1123 3841 ad
1142 3786 1317 3859 sacrilegium
1341 3787 1495 3845 Marcionis.
1510 3789 1702 3862 Denique,ubi
1717 3806 1778 3846 ma·

129 3883 157 3933 et
170 3875 281 3933 loannis
294 3874 417 3930 alumnas
439 3874 566 3930 ecclesias
585 3875 633 3946 (7).
648 3875 714 3930 Nam
743 3875 795 3932 etsi
817 3883 926 3949 Apoca-
979 3890 1031 3930 nus
1045 3873 1085 3929 illi
1098 3866 1217 3931 Marcion
1226 3875 1328 3943 intulit,
1348 3883 1415 3933 tuuc
1439 3877 1578 3934 diversum
1591 3885 1619 3934 et
1647 3879 1780 3937 aemulum

129 3963 230 4036 lypsim
246 3965 306 4034 ejus
320 3961 438 4019 Marcion
461 3963 576 4035 respuit,
591 3963 658 4020 ordo
674 3968 761 4019 tamen
780 3966 926 4038 episcopo·
979 3962 1079 4019 lactum
1094 3973 1136 4019 est
1146 3962 1171 4002 ³⁶
1184 3964 1350 4038 apostolicis.
1376 3965 1464 4042 Igitur
1483 3967 1555 4024 dabo
1577 3966 1721 4039 coasilium
1736 3966 1780 4024 di-

127 4067 191 4112 tum
204 4051 237 4107 ad
252 4051 385 4126 originem
401 4067 537 4124 recensus,
554 4053 721 4109 iutoanncm
736 4056 818 4111 stabit
831 4066 927 4114 aucto·
979 4053 1090 4126 scipulis
1104 4056 1174 4125 eius,
1189 4058 1219 4110 ut
1243 4064 1291 4112 aut
1306 4063 1334 4111 et
1357 4055 1403 4113 illa
1425 4065 1593 4127 convertent,
1608 4057 1673 4116 licet
1702 4074 1778 4130 sero,

129 4154 199 4196 rent.
229 4139 274 4195 Sic
300 4149 328 4195 et
362 4149 520 4197 ceterarum
556 4142 725 4212 generositas
753 4145 927 4218 recognosci·
980 4143 1141 4211 addormam
1158 4144 1210 4211 sui,
1237 4160 1292 4216 quo
1315 4161 1377 4201 cum
1395 4146 1550 4217 apostolicis
1572 4148 1721 4206 convenire
1732 4148 1779 4205 vi·

129 4235 174 4285 tur
188 4226 239 4299 (8).
259 4227 324 4285 Dico
334 4229 424 4300 itaque
438 4228 508 4300 apud
529 4227 599 4295 illas,
625 4226 675 4287 uec
696 4231 833 4303 solasjam
857 4249 925 4306 apo·
980 4224 1094 4290 deantur
1107 4231 1181 4304 (nam
1203 4240 1229 4289 et
1246 4233 1368 4306 quotidie
1395 4234 1542 4293 reformant
1562 4237 1640 4310 illud,
1666 4246 1780 4309 prouta

107 4374 112 4381 ,
130 4316 249 4381 salicas,
265 4317 313 4372 sed
328 4319 398 4388 apud
413 4317 564 4385 universas,
579 4334 640 4390 quoe
658 4319 712 4375 illis
734 4321 769 4377 dc
796 4321 925 4378 societate
941 4314 964 4393 u
979 4321 1059 4378 nobis
1072 4318 1159 4379 808
1184 4322 1306 4394 quotidie
1335 4323 1531 4398 revincuntur),
1545 4333 1592 4382 aut
1615 4325 1780 4384 erubescant

131 4403 291 4460 sacramenti
309 4405 537 4472 conloederantur,
554 4407 581 4461 id
602 4407 778 4481 Evangelium
793 4409 872 4468 Lucae
890 4412 924 4467 ab
978 4409 1012 4466 de
1027 4411 1156 4483 magistro
1170 4411 1271 4484 ubique
1286 4411 1417 4482 traducto,
1434 4428 1495 4469 cum
1515 4412 1657 4489 Evangelii
1679 4415 1782 4475 verita-

131 4492 207 4548 ιιιιιιο
222 4491 347 4550 editionis
361 4510 418 4551 sue
437 4502 517 4561 stare,
534 4496 681 4567 quodcum
706 4498 819 4554 maxime
833 4496 923 4556 367
979 4508 1032 4557 tem
1047 4515 1120 4557 nunc
1134 4515 1168 4556 ex
1190 4499 1354 4558 conscientia
1370 4502 1512 4572 tramittit;
1536 4519 1609 4561 nuuc
1636 4522 1670 4562 ex
1684 4504 1781 4579 impu-

168 4680 193 4719 ²⁴
202 4680 233 4736 ln
247 4681 323 4738 abeat
339 4681 420 4739 iaal.
436 4681 461 4720 25
475 4681 666 4793 contingerent
682 4685 767 4743 Semi.
782 4686 807 4726 2⁶
821 4607 1114 4747 ἔῗιιιῖξιιθοιίὲῖιῖῗ2ῖ
1129 4686 1158 4742 Si
1171 4689 1266 4744 omitt.
1278 4689 1344 4745 tara.
1356 4688 1381 4727 22
1389 4690 1401 4745 Ι
1404 4689 1420 4744 d
1431 4691 1606 4750 omittant.
1617 4692 1643 4732 ²⁹
1658 4693 1781 4753 Correcti

131 4753 170 4809 at.
191 4751 217 4790 ³⁰
235 4750 334 4807 butem
349 4754 442 4808 omitt.
458 4754 543 4810 Semi.
559 4755 571 4794 2
593 4756 694 4812 Eodem
709 4758 794 4815 Seml.
810 4760 835 4799 ³²
849 4762 948 4818 Autem
957 4760 1022 4820 add.
1039 4761 1106 4816 tua.
1121 4757 1146 4798 ³³
1159 4757 1237 4825 Quod
1252 4758 1337 4818 Semi.
1351 4761 1376 4801 ³⁴
1392 4762 1498 4834 integre
1510 4765 1631 4822 Semt³⁵
1645 4765 1782 4826 Decerne

133 4830 197 4879 ruut
210 4823 276 4878 Par.
288 4826 349 4893 Rip.
371 4825 464 4881 l'eaet.
475 4825 499 4864 ³⁶
513 4827 555 4880 ab
570 4827 655 4883 inser.
667 4829 733 4887 Par.
745 4833 837 4888 Fra-rc.¹

824 4920 1073 4985 Commentarius.

148 4989 208 5069 .(⁷)
223 4990 359 5047 llatcmas
369 4996 524 5051 ettoaaaie
537 4997 671 5057 atamaae
685 5001 825 5059 ccclesias.
835 5000 927 5058 Eccle·
979 5015 1023 5056 res
1038 4999 1124 5072 tangit
1139 4999 1325 5059 baereticorum
1348 5001 1376 5057 in
1402 5004 1608 5077 corrumpendis
1631 5006 1783 5080 Scriptura

132 5074 187 5115 stas
202 5061 400 5135 intelligitque
420 5067 528 5122 traditas
541 5084 557 5123 a
571 5082 664 5126 saneto
691 5072 794 5129 loanne
816 5074 926 5144 regulas
978 5071 1126 5139 codicibus,
1143 5072 1176 5127 iis
1198 5073 1369 5143 potissimum
1397 5076 1442 5145 qui
1461 5077 1495 5132 ab
1509 5079 1669 5135 auctoribus
1686 5078 1784 5153 magni

132 5141 323 5198 servaverunt,
348 5136 572 5204 quemadmodum
605 5143 730 5211 superius
757 5143 824 5198 dixit
851 5145 924 5216 quod
999 5143 1106 5198 onderis
1134 5159 1294 5216 magnaeque
1319 5148 1485 5205 auctoritatis
1519 5149 1665 5221 conscripti
1705 5156 1783 5208 suut.

131 5202 174 5258 lac
189 5203 347 5259 Corinthiis
364 5208 443 5263 Paulo
456 5210 602 5264 hauserint.
613 5212 652 5266 Le
667 5214 716 5267 Pn.
978 5160 1152 5271 ssbscrvanda
1167 5215 1239 5272 venit
1252 5232 1304 5272 vox
1318 5217 1413 5273 Graeca
1432 5222 1596 5293 μεταστρέψαι
1612 5237 1674 5292 quta
1697 5222 1785 5280 babe-

169 5275 208 5344 t8)
225 5277 270 5332 Sic
292 5281 319 5332 et
338 5284 506 5335 celerare-m
536 5284 691 5338 encratitas
705 5286 922 5357 recognoscitur.
978 5292 1054 5341 tura
1076 5288 1110 5341 ud
1124 5289 1220 5357 apost.
1235 5286 1342 5359 (Galat.
1359 5290 1391 5359 t),
1417 5305 1451 5345 er
1474 5307 1528 5363 quo
1546 5296 1603 5349 nac
1625 5294 1785 5365 desumpsit

131 5343 189 5401 an
203 5357 253 5413 est,
269 5362 364 5417 genus,
376 5350 465 5421 origo,
480 5298 614 5407 uagatus.
629 5353 694 5410 lira.
977 5303 1173 5430 Tanaiticum,
1190 5357 1325 5431 significat
1338 5360 1440 5432 quippe
1468 5378 1524 5419 nou
1549 5364 1638 5421 solum
1665 5378 1784 5423 conver·

166 5418 206 5487 (9)
220 5419 340 5475 Faciant
353 5423 382 5477 et
396 5423 475 5491 sacae
494 5438 593 5494 aespoe.
608 5423 712 5494 Vespas
730 5424 757 5479 iu
779 5426 886 5483 sublimi
909 5444 925 5485 e
979 5433 1045 5494 tere,
1062 5430 1148 5488 sedet
1161 5445 1336 5504 cormmpere
1350 5438 1378 5487 et
1391 5432 1418 5487 iu
1433 5433 1517 5490 aliurn
1531 5451 1642 5493 seucum
1657 5436 1780 5494 trabere.

130 5485 189 5544 luto
204 5487 283 5544 nidos
293 5489 389 5555 tacere,
405 5499 433 5546 et
450 5489 476 5546 ιιι
491 5491 523 5547 iis
537 5507 622 5566 creas,
636 5494 717 5552 tradit
730 5496 844 5557 Plinius.
859 5500 922 5559 lire.
978 5500 1016 5557 Lu
1032 5500 1079 5558 Pa.

165 5557 223 5631 (ιο)
240 5562 519 5634 SiqaiEeaagett'ara
530 5568 737 5637 pervertebant.
748 5571 926 5647 anavulga-
