<?xml version="1.0" encoding="UTF-8"?>
<!DOCTYPE html PUBLIC "-//W3C//DTD XHTML 1.0 Transitional//EN"
    "http://www.w3.org/TR/xhtml1/DTD/xhtml1-transitional.dtd">
<html xmlns="http://www.w3.org/1999/xhtml" xml:lang="en" lang="en">
 <head>
  <title>
</title>
<meta http-equiv="Content-Type" content="text/html;charset=utf-8" />
  <meta name='ocr-system' content='tesseract 3.04.00' />
  <meta name='ocr-capabilities' content='ocr_page ocr_carea ocr_par ocr_line ocrx_word'/>
</head>
<body>
  <div class='ocr_page' id='page_1' title='image "./patrologiaecurs51unkngoog_0134.png"; bbox 0 0 3840 6134; ppageno 0'>
   <div class='ocr_carea' id='block_1_1' title="bbox 95 278 1747 384">
    <p class='ocr_par' dir='ltr' id='par_1_1' title="bbox 95 278 1747 384">
     <span class='ocr_line' id='line_1_1' title="bbox 95 278 1747 384; baseline -0.004 -6"><span class='ocrx_word' id='word_1_1' title='bbox 95 319 150 380; x_wconf 80' lang='lat' dir='ltr'><strong>ina</strong></span> <span class='ocrx_word' id='word_1_2' title='bbox 177 278 182 286; x_wconf 71' lang='grc'><strong>’</strong></span> <span class='ocrx_word' id='word_1_3' title='bbox 703 313 888 377; x_wconf 85' lang='lat' dir='ltr'><strong>iinnaxni.</strong></span> <span class='ocrx_word' id='word_1_4' title='bbox 903 313 1141 379; x_wconf 84' lang='grc' dir='ltr'><strong>ιιιιιιοειιιιι.</strong></span> <span class='ocrx_word' id='word_1_5' title='bbox 1693 317 1747 384; x_wconf 67' lang='lat'><strong>25⁸</strong></span> 
     </span>
    </p>
   </div>
   <div class='ocr_carea' id='block_1_2' title="bbox 93 439 1782 3094">
    <p class='ocr_par' dir='ltr' id='par_1_2' title="bbox 93 439 1782 3094">
     <span class='ocr_line' id='line_1_2' title="bbox 94 439 1749 557; baseline 0.002 -55"><span class='ocrx_word' id='word_1_6' title='bbox 94 441 336 519; x_wconf 84' lang='lat' dir='ltr'><strong>quardnminloeo</strong></span> <span class='ocrx_word' id='word_1_7' title='bbox 346 448 388 498; x_wconf 88' lang='lat' dir='ltr'><strong>est</strong></span> <span class='ocrx_word' id='word_1_8' title='bbox 404 441 437 510; x_wconf 85' lang='lat'><strong>¹¹,</strong></span> <span class='ocrx_word' id='word_1_9' title='bbox 447 441 533 499; x_wconf 83' lang='lat' dir='ltr'><strong>alono</strong></span> <span class='ocrx_word' id='word_1_10' title='bbox 545 439 781 508; x_wconf 79' lang='lat' dir='ltr'><strong>¹¹daterminatur,</strong></span> <span class='ocrx_word' id='word_1_11' title='bbox 792 440 899 514; x_wconf 83' lang='lat' dir='ltr'><strong>eldam</strong></span> <span class='ocrx_word' id='word_1_12' title='bbox 913 476 936 557; x_wconf 56' lang='grc' dir='ltr'><strong>Α</strong></span> <span class='ocrx_word' id='word_1_13' title='bbox 951 442 1079 500; x_wconf 90' lang='lat' dir='ltr'><strong>dentura</strong></span> <span class='ocrx_word' id='word_1_14' title='bbox 1099 440 1191 499; x_wconf 85' lang='lat' dir='ltr'><strong>nobis.</strong></span> <span class='ocrx_word' id='word_1_15' title='bbox 1208 442 1354 514; x_wconf 81' lang='lat' dir='ltr'><strong>Quomodo</strong></span> <span class='ocrx_word' id='word_1_16' title='bbox 1369 459 1435 518; x_wconf 83' lang='lat' dir='ltr'><strong>ergo</strong></span> <span class='ocrx_word' id='word_1_17' title='bbox 1460 446 1551 504; x_wconf 90' lang='lat' dir='ltr'><strong>omnia</strong></span> <span class='ocrx_word' id='word_1_18' title='bbox 1572 463 1606 505; x_wconf 83' lang='lat' dir='ltr'><strong>en</strong></span> <span class='ocrx_word' id='word_1_19' title='bbox 1619 448 1749 506; x_wconf 92' lang='lat' dir='ltr'><strong>omnibns</strong></span> 
     </span>
     <span class='ocr_line' id='line_1_3' title="bbox 93 526 1782 609; baseline 0.002 -17"><span class='ocrx_word' id='word_1_20' title='bbox 93 531 330 592; x_wconf 83' lang='lat' dir='ltr'><strong>determinaturab</strong></span> <span class='ocrx_word' id='word_1_21' title='bbox 340 531 401 604; x_wconf 90' lang='lat' dir='ltr'><strong>illo,</strong></span> <span class='ocrx_word' id='word_1_22' title='bbox 412 540 533 589; x_wconf 85' lang='lat' dir='ltr'><strong>extrema</strong></span> <span class='ocrx_word' id='word_1_23' title='bbox 543 545 605 588; x_wconf 90' lang='lat' dir='ltr'><strong>eum</strong></span> <span class='ocrx_word' id='word_1_24' title='bbox 620 529 693 588; x_wconf 89' lang='lat' dir='ltr'><strong>linea</strong></span> <span class='ocrx_word' id='word_1_25' title='bbox 703 530 813 602; x_wconf 90' lang='lat' dir='ltr'><strong>patitur.</strong></span> <span class='ocrx_word' id='word_1_26' title='bbox 823 530 859 586; x_wconf 80' lang='grc' dir='ltr'><strong>Δι</strong></span> <span class='ocrx_word' id='word_1_27' title='bbox 870 536 898 586; x_wconf 92' lang='lat' dir='ltr'><strong>tn</strong></span> <span class='ocrx_word' id='word_1_28' title='bbox 952 531 1060 602; x_wconf 88' lang='lat' dir='ltr'><strong>babent,</strong></span> <span class='ocrx_word' id='word_1_29' title='bbox 1077 531 1218 605; x_wconf 88' lang='lat' dir='ltr'><strong>utiqueex</strong></span> <span class='ocrx_word' id='word_1_30' title='bbox 1242 532 1373 605; x_wconf 76' lang='lat' dir='ltr'><strong>pristinis,</strong></span> <span class='ocrx_word' id='word_1_31' title='bbox 1402 535 1510 606; x_wconf 88' lang='lat' dir='ltr'><strong>quando</strong></span> <span class='ocrx_word' id='word_1_32' title='bbox 1536 552 1596 609; x_wconf 80' lang='lat' dir='ltr'><strong>quie</strong></span> <span class='ocrx_word' id='word_1_33' title='bbox 1611 537 1692 595; x_wconf 89' lang='lat' dir='ltr'><strong>hodie</strong></span> <span class='ocrx_word' id='word_1_34' title='bbox 1706 538 1748 596; x_wconf 88' lang='lat' dir='ltr'><strong>vi-</strong></span> <span class='ocrx_word' id='word_1_35' title='bbox 1775 526 1782 543; x_wconf 86' lang='lat'>&#39;</span> 
     </span>
     <span class='ocr_line' id='line_1_4' title="bbox 95 616 1645 694; baseline 0.004 -16"><span class='ocrx_word' id='word_1_36' title='bbox 95 620 259 678; x_wconf 85' lang='lat' dir='ltr'><strong>infinitatem</strong></span> <span class='ocrx_word' id='word_1_37' title='bbox 273 619 353 690; x_wconf 90' lang='lat' dir='ltr'><strong>facis,</strong></span> <span class='ocrx_word' id='word_1_38' title='bbox 364 619 457 678; x_wconf 89' lang='lat' dir='ltr'><strong>dicens</strong></span> <span class='ocrx_word' id='word_1_39' title='bbox 469 639 475 675; x_wconf 91' lang='lat'><strong>:</strong></span> <span class='ocrx_word' id='word_1_40' title='bbox 488 619 594 675; x_wconf 88' lang='lat' dir='ltr'><strong>lnlinita</strong></span> <span class='ocrx_word' id='word_1_41' title='bbox 603 627 645 675; x_wconf 88' lang='lat' dir='ltr'><strong>est</strong></span> <span class='ocrx_word' id='word_1_42' title='bbox 659 626 759 687; x_wconf 87' lang='lat' dir='ltr'><strong>autem,</strong></span> <span class='ocrx_word' id='word_1_43' title='bbox 776 633 809 676; x_wconf 94' lang='lat' dir='ltr'><strong>eo</strong></span> <span class='ocrx_word' id='word_1_44' title='bbox 826 616 900 689; x_wconf 88' lang='lat' dir='ltr'><strong>quod</strong></span> <span class='ocrx_word' id='word_1_45' title='bbox 951 619 1056 689; x_wconf 88' lang='lat' dir='ltr'><strong>dentur,</strong></span> <span class='ocrx_word' id='word_1_46' title='bbox 1070 620 1148 678; x_wconf 90' lang='lat' dir='ltr'><strong>aliter</strong></span> <span class='ocrx_word' id='word_1_47' title='bbox 1161 623 1280 678; x_wconf 90' lang='lat' dir='ltr'><strong>babeant</strong></span> <span class='ocrx_word' id='word_1_48' title='bbox 1294 638 1374 694; x_wconf 90' lang='lat' dir='ltr'><strong>qnam</strong></span> <span class='ocrx_word' id='word_1_49' title='bbox 1389 622 1503 693; x_wconf 89' lang='lat' dir='ltr'><strong>pristina</strong></span> <span class='ocrx_word' id='word_1_50' title='bbox 1515 622 1645 685; x_wconf 75' lang='lat' dir='ltr'><strong>fuerunt?</strong></span> 
     </span>
     <span class='ocr_line' id='line_1_5' title="bbox 95 706 1442 783; baseline 0.001 -15"><span class='ocrx_word' id='word_1_51' title='bbox 95 725 207 782; x_wconf 83' lang='lat' dir='ltr'><strong>semper</strong></span> <span class='ocrx_word' id='word_1_52' title='bbox 222 718 275 766; x_wconf 94' lang='grc' dir='ltr'><strong>εει.</strong></span> <span class='ocrx_word' id='word_1_53' title='bbox 289 710 324 766; x_wconf 84' lang='grc' dir='ltr'><strong>Ει</strong></span> <span class='ocrx_word' id='word_1_54' title='bbox 338 709 362 766; x_wconf 92' lang='lat' dir='ltr'><strong>si</strong></span> <span class='ocrx_word' id='word_1_55' title='bbox 377 710 438 783; x_wconf 93' lang='lat' dir='ltr'><strong>quis</strong></span> <span class='ocrx_word' id='word_1_56' title='bbox 447 709 642 781; x_wconf 90' lang='lat' dir='ltr'><strong>discipulorum</strong></span> <span class='ocrx_word' id='word_1_57' title='bbox 663 716 771 764; x_wconf 91' lang='lat' dir='ltr'><strong>tuorum</strong></span> <span class='ocrx_word' id='word_1_58' title='bbox 785 706 901 765; x_wconf 83' lang='lat' dir='ltr'><strong>noluerit</strong></span> <span class='ocrx_word' id='word_1_59' title='bbox 1255 710 1371 770; x_wconf 73' lang='lat' dir='ltr'>CAPUT</span> <span class='ocrx_word' id='word_1_60' title='bbox 1381 711 1442 775; x_wconf 84' lang='lat' dir='ltr'><strong>XL.</strong></span> 
     </span>
     <span class='ocr_line' id='line_1_6' title="bbox 95 793 1750 877; baseline 0.004 -21"><span class='ocrx_word' id='word_1_61' title='bbox 95 798 293 873; x_wconf 86' lang='lat' dir='ltr'><strong>argumentari,</strong></span> <span class='ocrx_word' id='word_1_62' title='bbox 309 797 386 871; x_wconf 88' lang='lat' dir='ltr'><strong>quasi</strong></span> <span class='ocrx_word' id='word_1_63' title='bbox 406 796 564 854; x_wconf 87' lang='lat' dir='ltr'><strong>infinitatem</strong></span> <span class='ocrx_word' id='word_1_64' title='bbox 577 797 601 836; x_wconf 80' lang='lat'><strong>¹¹</strong></span> <span class='ocrx_word' id='word_1_65' title='bbox 614 812 682 868; x_wconf 74' lang='lat' dir='ltr'><strong>eno,</strong></span> <span class='ocrx_word' id='word_1_66' title='bbox 697 811 750 852; x_wconf 92' lang='lat' dir='ltr'><strong>non</strong></span> <span class='ocrx_word' id='word_1_67' title='bbox 775 796 856 853; x_wconf 90' lang='lat' dir='ltr'><strong>modo</strong></span> <span class='ocrx_word' id='word_1_68' title='bbox 876 793 899 834; x_wconf 87' lang='grc'><strong>11</strong></span> <span class='ocrx_word' id='word_1_69' title='bbox 954 833 962 847; x_wconf 84' lang='lat'><strong>·</strong></span> <span class='ocrx_word' id='word_1_70' title='bbox 988 799 1101 857; x_wconf 85' lang='lat' dir='ltr'><strong>Diuisio</strong></span> <span class='ocrx_word' id='word_1_71' title='bbox 1127 799 1226 857; x_wconf 89' lang='lat' dir='ltr'><strong>melius</strong></span> <span class='ocrx_word' id='word_1_72' title='bbox 1249 800 1418 858; x_wconf 73' lang='lat' dir='ltr'><strong>reformatam</strong></span> <span class='ocrx_word' id='word_1_73' title='bbox 1444 802 1592 873; x_wconf 89' lang='lat' dir='ltr'><strong>materiam,</strong></span> <span class='ocrx_word' id='word_1_74' title='bbox 1615 804 1710 877; x_wconf 91' lang='lat' dir='ltr'><strong>utique</strong></span> <span class='ocrx_word' id='word_1_75' title='bbox 1724 806 1750 846; x_wconf 81' lang='grc'><strong>11</strong></span> 
     </span>
     <span class='ocr_line' id='line_1_7' title="bbox 97 885 1750 962; baseline 0.003 -16"><span class='ocrx_word' id='word_1_76' title='bbox 97 886 421 962; x_wconf 83' lang='lat' dir='ltr'><strong>eorporisiutelliginelis</strong></span> <span class='ocrx_word' id='word_1_77' title='bbox 432 887 543 960; x_wconf 79' lang='lat' dir='ltr'><strong>:atquin</strong></span> <span class='ocrx_word' id='word_1_78' title='bbox 557 885 733 958; x_wconf 78' lang='lat' dir='ltr'><strong>corporaliter</strong></span> <span class='ocrx_word' id='word_1_79' title='bbox 747 885 771 923; x_wconf 82' lang='lat'><strong>¹⁸</strong></span> <span class='ocrx_word' id='word_1_80' title='bbox 784 885 902 943; x_wconf 86' lang='lat' dir='ltr'><strong>immen-</strong></span> <span class='ocrx_word' id='word_1_81' title='bbox 954 889 987 944; x_wconf 93' lang='lat' dir='ltr'><strong>de</strong></span> <span class='ocrx_word' id='word_1_82' title='bbox 999 888 1198 947; x_wconf 86' lang='lat' dir='ltr'><strong>deterioribus:</strong></span> <span class='ocrx_word' id='word_1_83' title='bbox 1223 891 1307 948; x_wconf 69' lang='lat' dir='ltr'><strong>almis</strong></span> <span class='ocrx_word' id='word_1_84' title='bbox 1333 891 1445 949; x_wconf 84' lang='lat' dir='ltr'><strong>meliora</strong></span> <span class='ocrx_word' id='word_1_85' title='bbox 1472 891 1636 950; x_wconf 86' lang='lat' dir='ltr'><strong>deteriorum</strong></span> <span class='ocrx_word' id='word_1_86' title='bbox 1660 909 1750 951; x_wconf 88' lang='lat' dir='ltr'><strong>exeni-</strong></span> 
     </span>
     <span class='ocr_line' id='line_1_8' title="bbox 97 972 1751 1056; baseline 0.005 -22"><span class='ocrx_word' id='word_1_87' title='bbox 97 994 153 1034; x_wconf 88' lang='lat' dir='ltr'><strong>sim</strong></span> <span class='ocrx_word' id='word_1_88' title='bbox 168 987 198 1034; x_wconf 92' lang='lat' dir='ltr'><strong>et</strong></span> <span class='ocrx_word' id='word_1_89' title='bbox 210 976 482 1049; x_wconf 78' lang='lat' dir='ltr'><strong>incircumscriptam,</strong></span> <span class='ocrx_word' id='word_1_90' title='bbox 497 974 639 1048; x_wconf 90' lang='lat' dir='ltr'><strong>sequentia</strong></span> <span class='ocrx_word' id='word_1_91' title='bbox 653 976 807 1034; x_wconf 74' lang='lat' dir='ltr'><strong>osoendnnt.</strong></span> <span class='ocrx_word' id='word_1_92' title='bbox 822 972 901 1031; x_wconf 84' lang='lat' dir='ltr'><strong>Unde</strong></span> <span class='ocrx_word' id='word_1_93' title='bbox 955 976 1069 1048; x_wconf 87' lang='lat' dir='ltr'><strong>plurium</strong></span> <span class='ocrx_word' id='word_1_94' title='bbox 1083 976 1165 1034; x_wconf 86' lang='lat' dir='ltr'><strong>ferre.</strong></span> <span class='ocrx_word' id='word_1_95' title='bbox 1184 977 1305 1038; x_wconf 87' lang='lat' dir='ltr'><strong>Confusa</strong></span> <span class='ocrx_word' id='word_1_96' title='bbox 1318 995 1363 1036; x_wconf 88' lang='lat' dir='ltr'><strong>ies</strong></span> <span class='ocrx_word' id='word_1_97' title='bbox 1384 987 1451 1051; x_wconf 91' lang='lat' dir='ltr'><strong>erat,</strong></span> <span class='ocrx_word' id='word_1_98' title='bbox 1467 996 1539 1037; x_wconf 90' lang='lat' dir='ltr'><strong>nunc</strong></span> <span class='ocrx_word' id='word_1_99' title='bbox 1556 996 1624 1038; x_wconf 91' lang='lat' dir='ltr'><strong>vero</strong></span> <span class='ocrx_word' id='word_1_100' title='bbox 1638 997 1751 1056; x_wconf 87' lang='lat' dir='ltr'><strong>compo·</strong></span> 
     </span>
     <span class='ocr_line' id='line_1_9' title="bbox 98 1064 1750 1145; baseline 0.004 -22"><span class='ocrx_word' id='word_1_101' title='bbox 98 1068 200 1140; x_wconf 84' lang='lat' dir='ltr'><strong>inquis,</strong></span> <span class='ocrx_word' id='word_1_102' title='bbox 230 1081 282 1123; x_wconf 88' lang='lat' dir='ltr'><strong>nec</strong></span> <span class='ocrx_word' id='word_1_103' title='bbox 309 1075 365 1124; x_wconf 87' lang='lat' dir='ltr'><strong>tota</strong></span> <span class='ocrx_word' id='word_1_104' title='bbox 380 1065 598 1136; x_wconf 81' lang='lat' dir='ltr'><strong>fabricatur,sed</strong></span> <span class='ocrx_word' id='word_1_105' title='bbox 617 1074 706 1139; x_wconf 93' lang='lat' dir='ltr'><strong>partes</strong></span> <span class='ocrx_word' id='word_1_106' title='bbox 728 1065 797 1135; x_wconf 87' lang='lat' dir='ltr'><strong>ejus.</strong></span> <span class='ocrx_word' id='word_1_107' title='bbox 814 1064 900 1134; x_wconf 74' lang='lat' dir='ltr'><strong>Adon,</strong></span> <span class='ocrx_word' id='word_1_108' title='bbox 954 1066 1004 1122; x_wconf 84' lang='lat' dir='ltr'><strong>sita</strong></span> <span class='ocrx_word' id='word_1_109' title='bbox 1018 1073 1079 1123; x_wconf 87' lang='lat' dir='ltr'><strong>est:</strong></span> <span class='ocrx_word' id='word_1_110' title='bbox 1110 1074 1137 1124; x_wconf 91' lang='grc' dir='ltr'><strong>ει</strong></span> <span class='ocrx_word' id='word_1_111' title='bbox 1150 1068 1192 1123; x_wconf 85' lang='lat' dir='ltr'><strong>ais</strong></span> <span class='ocrx_word' id='word_1_112' title='bbox 1204 1084 1238 1124; x_wconf 89' lang='lat' dir='ltr'><strong>ex</strong></span> <span class='ocrx_word' id='word_1_113' title='bbox 1260 1068 1416 1142; x_wconf 87' lang='lat' dir='ltr'><strong>compositis</strong></span> <span class='ocrx_word' id='word_1_114' title='bbox 1428 1068 1608 1143; x_wconf 86' lang='lat' dir='ltr'><strong>incomposita</strong></span> <span class='ocrx_word' id='word_1_115' title='bbox 1623 1072 1750 1145; x_wconf 81' lang='lat' dir='ltr'><strong>praeberi.</strong></span> 
     </span>
     <span class='ocr_line' id='line_1_10' title="bbox 98 1153 1752 1231; baseline 0.002 -16"><span class='ocrx_word' id='word_1_116' title='bbox 98 1172 214 1229; x_wconf 81' lang='lat' dir='ltr'><strong>corpore</strong></span> <span class='ocrx_word' id='word_1_117' title='bbox 233 1155 349 1225; x_wconf 87' lang='lat' dir='ltr'><strong>infinita,</strong></span> <span class='ocrx_word' id='word_1_118' title='bbox 360 1172 415 1214; x_wconf 93' lang='lat' dir='ltr'><strong>non</strong></span> <span class='ocrx_word' id='word_1_119' title='bbox 430 1164 552 1228; x_wconf 87' lang='lat' dir='ltr'><strong>tempore</strong></span> <span class='ocrx_word' id='word_1_120' title='bbox 566 1163 617 1213; x_wconf 87' lang='lat' dir='ltr'><strong>est.</strong></span> <span class='ocrx_word' id='word_1_121' title='bbox 638 1154 672 1212; x_wconf 85' lang='lat' dir='ltr'><strong>Bt</strong></span> <span class='ocrx_word' id='word_1_122' title='bbox 692 1154 836 1212; x_wconf 90' lang='lat' dir='ltr'><strong>obduceris</strong></span> <span class='ocrx_word' id='word_1_123' title='bbox 845 1153 903 1227; x_wconf 71' lang='lat'>(821</span> <span class='ocrx_word' id='word_1_124' title='bbox 954 1154 1035 1212; x_wconf 86' lang='lat' dir='ltr'><strong>Nulla</strong></span> <span class='ocrx_word' id='word_1_125' title='bbox 1049 1170 1093 1212; x_wconf 88' lang='lat' dir='ltr'><strong>res</strong></span> <span class='ocrx_word' id='word_1_126' title='bbox 1111 1156 1254 1228; x_wconf 86' lang='lat' dir='ltr'><strong>speculum</strong></span> <span class='ocrx_word' id='word_1_127' title='bbox 1273 1157 1384 1215; x_wconf 87' lang='lat' dir='ltr'><strong>alterius</strong></span> <span class='ocrx_word' id='word_1_128' title='bbox 1404 1158 1442 1216; x_wconf 87' lang='lat' dir='ltr'><strong>rei</strong></span> <span class='ocrx_word' id='word_1_129' title='bbox 1456 1159 1493 1231; x_wconf 81' lang='lat'><strong>¹⁵,</strong></span> <span class='ocrx_word' id='word_1_130' title='bbox 1507 1159 1534 1215; x_wconf 89' lang='lat' dir='ltr'><strong>id</strong></span> <span class='ocrx_word' id='word_1_131' title='bbox 1549 1167 1591 1217; x_wconf 89' lang='grc' dir='ltr'><strong>εει</strong></span> <span class='ocrx_word' id='word_1_132' title='bbox 1609 1174 1662 1217; x_wconf 92' lang='lat' dir='ltr'><strong>noo</strong></span> <span class='ocrx_word' id='word_1_133' title='bbox 1677 1176 1752 1220; x_wconf 79' lang='lat' dir='ltr'><strong>coae-</strong></span> 
     </span>
     <span class='ocr_line' id='line_1_11' title="bbox 99 1241 1754 1323; baseline 0.003 -19"><span class='ocrx_word' id='word_1_134' title='bbox 99 1261 214 1318; x_wconf 88' lang='lat' dir='ltr'><strong>oorpore</strong></span> <span class='ocrx_word' id='word_1_135' title='bbox 228 1261 289 1303; x_wconf 87' lang='lat' dir='ltr'><strong>eam</strong></span> <span class='ocrx_word' id='word_1_136' title='bbox 307 1244 441 1302; x_wconf 89' lang='lat' dir='ltr'><strong>inlinitum</strong></span> <span class='ocrx_word' id='word_1_137' title='bbox 457 1244 567 1311; x_wconf 89' lang='lat' dir='ltr'><strong>faciens,</strong></span> <span class='ocrx_word' id='word_1_138' title='bbox 583 1242 743 1301; x_wconf 89' lang='lat' dir='ltr'><strong>cumlooum</strong></span> <span class='ocrx_word' id='word_1_139' title='bbox 761 1243 786 1300; x_wconf 90' lang='lat' dir='ltr'><strong>oi</strong></span> <span class='ocrx_word' id='word_1_140' title='bbox 800 1241 904 1300; x_wconf 86' lang='lat' dir='ltr'><strong>adscri-</strong></span> <span class='ocrx_word' id='word_1_141' title='bbox 954 1243 1050 1316; x_wconf 91' lang='lat' dir='ltr'><strong>qualis.</strong></span> <span class='ocrx_word' id='word_1_142' title='bbox 1080 1245 1165 1303; x_wconf 88' lang='lat' dir='ltr'><strong>Nemo</strong></span> <span class='ocrx_word' id='word_1_143' title='bbox 1189 1261 1219 1302; x_wconf 91' lang='lat' dir='ltr'><strong>se</strong></span> <span class='ocrx_word' id='word_1_144' title='bbox 1243 1247 1315 1318; x_wconf 92' lang='lat' dir='ltr'><strong>apud</strong></span> <span class='ocrx_word' id='word_1_145' title='bbox 1339 1256 1475 1306; x_wconf 80' lang='lat' dir='ltr'><strong>tonsorem</strong></span> <span class='ocrx_word' id='word_1_146' title='bbox 1498 1248 1556 1323; x_wconf 84' lang='lat'>(86)</span> <span class='ocrx_word' id='word_1_147' title='bbox 1575 1265 1625 1321; x_wconf 93' lang='lat' dir='ltr'><strong>pro</strong></span> <span class='ocrx_word' id='word_1_148' title='bbox 1643 1252 1754 1309; x_wconf 86' lang='lat' dir='ltr'><strong>bomine</strong></span> 
     </span>
     <span class='ocr_line' id='line_1_12' title="bbox 101 1330 1753 1410; baseline 0.002 -17"><span class='ocrx_word' id='word_1_149' title='bbox 101 1333 179 1404; x_wconf 83' lang='lat' dir='ltr'><strong>bena,</strong></span> <span class='ocrx_word' id='word_1_150' title='bbox 194 1334 267 1392; x_wconf 83' lang='lat' dir='ltr'><strong>intra</strong></span> <span class='ocrx_word' id='word_1_151' title='bbox 280 1336 368 1392; x_wconf 88' lang='lat' dir='ltr'><strong>locuni</strong></span> <span class='ocrx_word' id='word_1_152' title='bbox 387 1341 414 1390; x_wconf 90' lang='lat' dir='ltr'><strong>et</strong></span> <span class='ocrx_word' id='word_1_153' title='bbox 428 1342 575 1390; x_wconf 83' lang='lat' dir='ltr'><strong>extremam</strong></span> <span class='ocrx_word' id='word_1_154' title='bbox 589 1330 643 1390; x_wconf 93' lang='lat' dir='ltr'><strong>loci</strong></span> <span class='ocrx_word' id='word_1_155' title='bbox 662 1332 759 1388; x_wconf 89' lang='lat' dir='ltr'><strong>lineam</strong></span> <span class='ocrx_word' id='word_1_156' title='bbox 775 1330 900 1389; x_wconf 87' lang='lat' dir='ltr'><strong>includis.</strong></span> <span class='ocrx_word' id='word_1_157' title='bbox 955 1331 1059 1390; x_wconf 92' lang='lat' dir='ltr'><strong>mulum</strong></span> <span class='ocrx_word' id='word_1_158' title='bbox 1093 1333 1223 1406; x_wconf 79' lang='lat' dir='ltr'><strong>inspexit,</strong></span> <span class='ocrx_word' id='word_1_159' title='bbox 1271 1334 1324 1391; x_wconf 91' lang='lat' dir='ltr'><strong>nisi</strong></span> <span class='ocrx_word' id='word_1_160' title='bbox 1366 1335 1390 1392; x_wconf 92' lang='lat' dir='ltr'><strong>si</strong></span> <span class='ocrx_word' id='word_1_161' title='bbox 1427 1336 1473 1410; x_wconf 91' lang='lat' dir='ltr'><strong>qui</strong></span> <span class='ocrx_word' id='word_1_162' title='bbox 1510 1345 1587 1408; x_wconf 86' lang='lat' dir='ltr'><strong>putat</strong></span> <span class='ocrx_word' id='word_1_163' title='bbox 1633 1340 1660 1394; x_wconf 92' lang='lat' dir='ltr'><strong>in</strong></span> <span class='ocrx_word' id='word_1_164' title='bbox 1701 1341 1753 1397; x_wconf 84' lang='lat' dir='ltr'><strong>hue</strong></span> 
     </span>
     <span class='ocr_line' id='line_1_13' title="bbox 101 1420 1753 1502; baseline 0.002 -20"><span class='ocrx_word' id='word_1_165' title='bbox 101 1424 154 1482; x_wconf 89' lang='lat' dir='ltr'><strong>Sed</strong></span> <span class='ocrx_word' id='word_1_166' title='bbox 173 1432 279 1494; x_wconf 66' lang='lat' dir='ltr'><strong>nmen,</strong></span> <span class='ocrx_word' id='word_1_167' title='bbox 304 1440 354 1482; x_wconf 90' lang='lat' dir='ltr'><strong>cnr</strong></span> <span class='ocrx_word' id='word_1_168' title='bbox 376 1438 431 1480; x_wconf 91' lang='lat' dir='ltr'><strong>uon</strong></span> <span class='ocrx_word' id='word_1_169' title='bbox 455 1430 538 1479; x_wconf 90' lang='lat' dir='ltr'><strong>totam</strong></span> <span class='ocrx_word' id='word_1_170' title='bbox 557 1437 615 1478; x_wconf 89' lang='lat' dir='ltr'><strong>eam</strong></span> <span class='ocrx_word' id='word_1_171' title='bbox 640 1420 794 1480; x_wconf 86' lang='lat' dir='ltr'><strong>formaverit</strong></span> <span class='ocrx_word' id='word_1_172' title='bbox 816 1421 901 1493; x_wconf 90' lang='lat' dir='ltr'><strong>Deus,</strong></span> <span class='ocrx_word' id='word_1_173' title='bbox 955 1424 1139 1480; x_wconf 85' lang='lat' dir='ltr'><strong>exstructione</strong></span> <span class='ocrx_word' id='word_1_174' title='bbox 1159 1422 1264 1493; x_wconf 90' lang='lat' dir='ltr'><strong>mundi,</strong></span> <span class='ocrx_word' id='word_1_175' title='bbox 1289 1422 1428 1496; x_wconf 75' lang='lat' dir='ltr'><strong>dispositae</strong></span> <span class='ocrx_word' id='word_1_176' title='bbox 1454 1428 1510 1497; x_wconf 84' lang='lat' dir='ltr'><strong>jam</strong></span> <span class='ocrx_word' id='word_1_177' title='bbox 1539 1434 1693 1500; x_wconf 82' lang='lat' dir='ltr'><strong>etaoniptae</strong></span> <span class='ocrx_word' id='word_1_178' title='bbox 1717 1429 1753 1502; x_wconf 81' lang='lat'><strong>¹¹,</strong></span> 
     </span>
     <span class='ocr_line' id='line_1_14' title="bbox 104 1509 1754 1588; baseline 0.001 -16"><span class='ocrx_word' id='word_1_179' title='bbox 104 1530 158 1572; x_wconf 93' lang='lat' dir='ltr'><strong>non</strong></span> <span class='ocrx_word' id='word_1_180' title='bbox 172 1513 233 1571; x_wconf 89' lang='lat' dir='ltr'><strong>scio</strong></span> <span class='ocrx_word' id='word_1_181' title='bbox 243 1513 296 1571; x_wconf 90' lang='lat' dir='ltr'><strong>nisi</strong></span> <span class='ocrx_word' id='word_1_182' title='bbox 305 1528 358 1588; x_wconf 88' lang='lat' dir='ltr'><strong>qua</strong></span> <span class='ocrx_word' id='word_1_183' title='bbox 368 1520 416 1569; x_wconf 92' lang='lat' dir='ltr'><strong>aut</strong></span> <span class='ocrx_word' id='word_1_184' title='bbox 424 1511 569 1582; x_wconf 87' lang='lat' dir='ltr'><strong>invalidus,</strong></span> <span class='ocrx_word' id='word_1_185' title='bbox 581 1518 627 1568; x_wconf 90' lang='lat' dir='ltr'><strong>aut</strong></span> <span class='ocrx_word' id='word_1_186' title='bbox 637 1510 754 1569; x_wconf 89' lang='lat' dir='ltr'><strong>invidus.</strong></span> <span class='ocrx_word' id='word_1_187' title='bbox 766 1510 858 1585; x_wconf 90' lang='lat' dir='ltr'><strong>ltaque</strong></span> <span class='ocrx_word' id='word_1_188' title='bbox 878 1509 902 1549; x_wconf 86' lang='grc'><strong>11</strong></span> <span class='ocrx_word' id='word_1_189' title='bbox 957 1510 1099 1568; x_wconf 88' lang='lat' dir='ltr'><strong>informem</strong></span> <span class='ocrx_word' id='word_1_190' title='bbox 1122 1519 1148 1568; x_wconf 89' lang='lat' dir='ltr'><strong>et</strong></span> <span class='ocrx_word' id='word_1_191' title='bbox 1168 1512 1295 1569; x_wconf 91' lang='lat' dir='ltr'><strong>incultam</strong></span> <span class='ocrx_word' id='word_1_192' title='bbox 1314 1515 1457 1570; x_wconf 85' lang='lat' dir='ltr'><strong>materiam</strong></span> <span class='ocrx_word' id='word_1_193' title='bbox 1485 1516 1657 1585; x_wconf 89' lang='lat' dir='ltr'><strong>respondere.</strong></span> <span class='ocrx_word' id='word_1_194' title='bbox 1682 1516 1754 1587; x_wconf 88' lang='lat' dir='ltr'><strong>Quid</strong></span> 
     </span>
     <span class='ocr_line' id='line_1_15' title="bbox 103 1598 1755 1674; baseline 0.001 -15"><span class='ocrx_word' id='word_1_195' title='bbox 103 1602 247 1660; x_wconf 90' lang='lat' dir='ltr'><strong>dimidium</strong></span> <span class='ocrx_word' id='word_1_196' title='bbox 274 1603 335 1674; x_wconf 78' lang='lat' dir='ltr'><strong>eius</strong></span> <span class='ocrx_word' id='word_1_197' title='bbox 356 1615 418 1674; x_wconf 82' lang='lat' dir='ltr'><strong>quae</strong></span> <span class='ocrx_word' id='word_1_198' title='bbox 433 1615 488 1658; x_wconf 93' lang='lat' dir='ltr'><strong>non</strong></span> <span class='ocrx_word' id='word_1_199' title='bbox 502 1608 558 1657; x_wconf 89' lang='lat' dir='ltr'><strong>tota</strong></span> <span class='ocrx_word' id='word_1_200' title='bbox 572 1598 686 1657; x_wconf 88' lang='lat' dir='ltr'><strong>formata</strong></span> <span class='ocrx_word' id='word_1_201' title='bbox 703 1600 738 1656; x_wconf 87' lang='lat' dir='ltr'><strong>sit</strong></span> <span class='ocrx_word' id='word_1_202' title='bbox 761 1614 854 1671; x_wconf 85' lang='lat' dir='ltr'><strong>quaero</strong></span> <span class='ocrx_word' id='word_1_203' title='bbox 872 1606 902 1657; x_wconf 90' lang='lat' dir='ltr'><strong>ut</strong></span> <span class='ocrx_word' id='word_1_204' title='bbox 956 1599 1036 1656; x_wconf 89' lang='lat' dir='ltr'><strong>hodie</strong></span> <span class='ocrx_word' id='word_1_205' title='bbox 1051 1599 1166 1656; x_wconf 89' lang='lat' dir='ltr'><strong>informe</strong></span> <span class='ocrx_word' id='word_1_206' title='bbox 1180 1600 1207 1655; x_wconf 94' lang='lat' dir='ltr'><strong>in</strong></span> <span class='ocrx_word' id='word_1_207' title='bbox 1221 1601 1334 1667; x_wconf 91' lang='lat' dir='ltr'><strong>mundo,</strong></span> <span class='ocrx_word' id='word_1_208' title='bbox 1358 1601 1423 1671; x_wconf 93' lang='lat' dir='ltr'><strong>quid</strong></span> <span class='ocrx_word' id='word_1_209' title='bbox 1445 1610 1517 1660; x_wconf 90' lang='lat' dir='ltr'><strong>retro</strong></span> <span class='ocrx_word' id='word_1_210' title='bbox 1549 1602 1574 1640; x_wconf 87' lang='grc'><strong>11</strong></span> <span class='ocrx_word' id='word_1_211' title='bbox 1604 1611 1755 1673; x_wconf 89' lang='lat' dir='ltr'><strong>spectatum</strong></span> 
     </span>
     <span class='ocr_line' id='line_1_16' title="bbox 103 1682 1757 1760; baseline 0.007 -20"><span class='ocrx_word' id='word_1_212' title='bbox 103 1686 193 1760; x_wconf 82' lang='lat' dir='ltr'><strong>qualis</strong></span> <span class='ocrx_word' id='word_1_213' title='bbox 204 1694 261 1744; x_wconf 85' lang='lat' dir='ltr'><strong>tots</strong></span> <span class='ocrx_word' id='word_1_214' title='bbox 279 1684 359 1745; x_wconf 86' lang='lat' dir='ltr'><strong>fuerit</strong></span> <span class='ocrx_word' id='word_1_215' title='bbox 386 1696 540 1760; x_wconf 81' lang='lat' dir='ltr'><strong>agnoscam.</strong></span> <span class='ocrx_word' id='word_1_216' title='bbox 569 1683 706 1741; x_wconf 87' lang='lat' dir='ltr'><strong>Debuerat</strong></span> <span class='ocrx_word' id='word_1_217' title='bbox 737 1684 809 1740; x_wconf 91' lang='lat' dir='ltr'><strong>enim</strong></span> <span class='ocrx_word' id='word_1_218' title='bbox 830 1682 903 1740; x_wconf 85' lang='lat' dir='ltr'><strong>Deus</strong></span> <span class='ocrx_word' id='word_1_219' title='bbox 957 1688 984 1744; x_wconf 93' lang='lat' dir='ltr'><strong>in</strong></span> <span class='ocrx_word' id='word_1_220' title='bbox 998 1688 1121 1760; x_wconf 89' lang='lat' dir='ltr'><strong>materia,</strong></span> <span class='ocrx_word' id='word_1_221' title='bbox 1138 1697 1167 1745; x_wconf 92' lang='grc' dir='ltr'><strong>ιιι</strong></span> <span class='ocrx_word' id='word_1_222' title='bbox 1181 1688 1321 1758; x_wconf 88' lang='lat' dir='ltr'><strong>speculum</strong></span> <span class='ocrx_word' id='word_1_223' title='bbox 1337 1691 1372 1747; x_wconf 91' lang='lat' dir='ltr'><strong>sit</strong></span> <span class='ocrx_word' id='word_1_224' title='bbox 1397 1692 1671 1749; x_wconf 79' lang='lat' dir='ltr'><strong>mnndusmateriiei</strong></span> <span class='ocrx_word' id='word_1_225' title='bbox 1688 1693 1757 1752; x_wconf 89' lang='lat' dir='ltr'><strong>Cum</strong></span> 
     </span>
     <span class='ocr_line' id='line_1_17' title="bbox 105 1770 1777 1869; baseline 0.003 -36"><span class='ocrx_word' id='word_1_226' title='bbox 105 1776 305 1849; x_wconf 75' lang='lat' dir='ltr'><strong>exemplarium</strong></span> <span class='ocrx_word' id='word_1_227' title='bbox 331 1772 500 1847; x_wconf 82' lang='lat' dir='ltr'><strong>antiquitatis</strong></span> <span class='ocrx_word' id='word_1_228' title='bbox 530 1773 589 1847; x_wconf 77' lang='grc'>(83)</span> <span class='ocrx_word' id='word_1_229' title='bbox 612 1772 647 1830; x_wconf 89' lang='lat' dir='ltr'><strong>nd</strong></span> <span class='ocrx_word' id='word_1_230' title='bbox 671 1772 784 1846; x_wconf 90' lang='lat' dir='ltr'><strong>gloriam</strong></span> <span class='ocrx_word' id='word_1_231' title='bbox 812 1770 903 1845; x_wconf 89' lang='lat' dir='ltr'><strong>operis</strong></span> <span class='ocrx_word' id='word_1_232' title='bbox 919 1788 942 1869; x_wconf 66' lang='grc' dir='ltr'><strong>Β</strong></span> <span class='ocrx_word' id='word_1_233' title='bbox 957 1778 1107 1837; x_wconf 83' lang='lat' dir='ltr'><strong>ornamenti</strong></span> <span class='ocrx_word' id='word_1_234' title='bbox 1127 1778 1238 1835; x_wconf 91' lang='lat' dir='ltr'><strong>nomine</strong></span> <span class='ocrx_word' id='word_1_235' title='bbox 1261 1778 1295 1833; x_wconf 81' lang='lat' dir='ltr'><strong>sit</strong></span> <span class='ocrx_word' id='word_1_236' title='bbox 1320 1794 1404 1850; x_wconf 82' lang='lat' dir='ltr'><strong>penes</strong></span> <span class='ocrx_word' id='word_1_237' title='bbox 1430 1779 1541 1838; x_wconf 76' lang='lat' dir='ltr'><strong>Grecos</strong></span> <span class='ocrx_word' id='word_1_238' title='bbox 1572 1782 1697 1840; x_wconf 82' lang='lat' dir='ltr'><strong>mandas</strong></span> <span class='ocrx_word' id='word_1_239' title='bbox 1718 1773 1777 1851; x_wconf 79' lang='grc'><strong>11,’</strong></span> 
     </span>
     <span class='ocr_line' id='line_1_18' title="bbox 105 1865 1756 1940; baseline 0.004 -19"><span class='ocrx_word' id='word_1_240' title='bbox 105 1866 192 1940; x_wconf 86' lang='lat' dir='ltr'><strong>palam</strong></span> <span class='ocrx_word' id='word_1_241' title='bbox 209 1865 319 1925; x_wconf 87' lang='lat' dir='ltr'><strong>fecisse.</strong></span> <span class='ocrx_word' id='word_1_242' title='bbox 959 1866 1232 1938; x_wconf 85' lang='lat' dir='ltr'><strong>quomodoinornatne</strong></span> <span class='ocrx_word' id='word_1_243' title='bbox 1238 1866 1360 1923; x_wconf 75' lang='lat' dir='ltr'><strong>materie</strong></span> <span class='ocrx_word' id='word_1_244' title='bbox 1372 1867 1516 1940; x_wconf 87' lang='lat' dir='ltr'><strong>imaginem</strong></span> <span class='ocrx_word' id='word_1_245' title='bbox 1522 1866 1605 1926; x_wconf 86' lang='lat' dir='ltr'><strong>refert</strong></span> <span class='ocrx_word' id='word_1_246' title='bbox 1619 1868 1654 1936; x_wconf 84' lang='grc'><strong>11,</strong></span> <span class='ocrx_word' id='word_1_247' title='bbox 1670 1867 1756 1928; x_wconf 65' lang='lat'><strong>284</strong></span> 
     </span>
     <span class='ocr_line' id='line_1_19' title="bbox 959 1955 1756 2029; baseline 0.003 -17"><span class='ocrx_word' id='word_1_248' title='bbox 959 1964 988 2012; x_wconf 88' lang='lat' dir='ltr'><strong>ut</strong></span> <span class='ocrx_word' id='word_1_249' title='bbox 999 1957 1073 2015; x_wconf 91' lang='lat' dir='ltr'><strong>dicas</strong></span> <span class='ocrx_word' id='word_1_250' title='bbox 1083 1964 1168 2013; x_wconf 89' lang='lat' dir='ltr'><strong>totum</strong></span> <span class='ocrx_word' id='word_1_251' title='bbox 1183 1957 1243 2026; x_wconf 76' lang='lat' dir='ltr'><strong>eius</strong></span> <span class='ocrx_word' id='word_1_252' title='bbox 1257 1956 1381 2029; x_wconf 88' lang='lat' dir='ltr'><strong>partibus</strong></span> <span class='ocrx_word' id='word_1_253' title='bbox 1395 1955 1548 2029; x_wconf 79' lang='lat' dir='ltr'><strong>cognosci?</strong></span> <span class='ocrx_word' id='word_1_254' title='bbox 1562 1957 1642 2014; x_wconf 84' lang='lat' dir='ltr'><strong>Certe</strong></span> <span class='ocrx_word' id='word_1_255' title='bbox 1661 1972 1696 2012; x_wconf 87' lang='lat' dir='ltr'><strong>eii</strong></span> <span class='ocrx_word' id='word_1_256' title='bbox 1709 1957 1756 2014; x_wconf 90' lang='lat' dir='ltr'><strong>illo</strong></span> 
     </span>
     <span class='ocr_line' id='line_1_20' title="bbox 391 2023 1756 2117; baseline 0.002 -16"><span class='ocrx_word' id='word_1_257' title='bbox 391 2025 504 2083; x_wconf 60' lang='lat' dir='ltr'>CAPUT</span> <span class='ocrx_word' id='word_1_258' title='bbox 521 2023 655 2081; x_wconf 67' lang='lat' dir='ltr'><strong>mlx·</strong></span> <span class='ocrx_word' id='word_1_259' title='bbox 960 2052 1016 2103; x_wconf 90' lang='lat' dir='ltr'><strong>toto</strong></span> <span class='ocrx_word' id='word_1_260' title='bbox 1029 2045 1081 2102; x_wconf 88' lang='lat' dir='ltr'><strong>erit</strong></span> <span class='ocrx_word' id='word_1_261' title='bbox 1093 2044 1175 2102; x_wconf 86' lang='lat' dir='ltr'><strong>etiam</strong></span> <span class='ocrx_word' id='word_1_262' title='bbox 1189 2046 1251 2115; x_wconf 90' lang='lat' dir='ltr'><strong>hoc,</strong></span> <span class='ocrx_word' id='word_1_263' title='bbox 1268 2045 1339 2117; x_wconf 91' lang='lat' dir='ltr'><strong>quod</strong></span> <span class='ocrx_word' id='word_1_264' title='bbox 1368 2061 1422 2102; x_wconf 93' lang='lat' dir='ltr'><strong>non</strong></span> <span class='ocrx_word' id='word_1_265' title='bbox 1440 2045 1516 2103; x_wconf 83' lang='lat' dir='ltr'><strong>veuit</strong></span> <span class='ocrx_word' id='word_1_266' title='bbox 1538 2045 1567 2103; x_wconf 92' lang='lat' dir='ltr'><strong>in</strong></span> <span class='ocrx_word' id='word_1_267' title='bbox 1581 2044 1756 2104; x_wconf 87' lang='lat' dir='ltr'><strong>deformatio·</strong></span> 
     </span>
     <span class='ocr_line' id='line_1_21' title="bbox 140 2129 1756 2207; baseline 0.001 -14"><span class='ocrx_word' id='word_1_268' title='bbox 140 2134 188 2193; x_wconf 85' lang='lat' dir='ltr'><strong>Sic</strong></span> <span class='ocrx_word' id='word_1_269' title='bbox 201 2132 432 2200; x_wconf 83' lang='lat' dir='ltr'><strong>nunedeiinitiia,</strong></span> <span class='ocrx_word' id='word_1_270' title='bbox 446 2130 630 2190; x_wconf 86' lang='lat' dir='ltr'><strong>sicutrectius</strong></span> <span class='ocrx_word' id='word_1_271' title='bbox 650 2129 828 2196; x_wconf 85' lang='lat' dir='ltr'><strong>tibividetur,</strong></span> <span class='ocrx_word' id='word_1_272' title='bbox 857 2144 906 2202; x_wconf 90' lang='lat' dir='ltr'><strong>per</strong></span> <span class='ocrx_word' id='word_1_273' title='bbox 959 2149 1032 2190; x_wconf 88' lang='lat' dir='ltr'><strong>nem.</strong></span> <span class='ocrx_word' id='word_1_274' title='bbox 1056 2134 1089 2191; x_wconf 87' lang='lat' dir='ltr'><strong>lit</strong></span> <span class='ocrx_word' id='word_1_275' title='bbox 1116 2150 1197 2207; x_wconf 89' lang='lat' dir='ltr'><strong>snpra</strong></span> <span class='ocrx_word' id='word_1_276' title='bbox 1221 2133 1327 2191; x_wconf 85' lang='lat' dir='ltr'><strong>edidisti</strong></span> <span class='ocrx_word' id='word_1_277' title='bbox 1354 2149 1410 2190; x_wconf 93' lang='lat' dir='ltr'><strong>non</strong></span> <span class='ocrx_word' id='word_1_278' title='bbox 1439 2142 1520 2192; x_wconf 90' lang='lat' dir='ltr'><strong>totam</strong></span> <span class='ocrx_word' id='word_1_279' title='bbox 1552 2150 1612 2191; x_wconf 86' lang='lat' dir='ltr'><strong>eain</strong></span> <span class='ocrx_word' id='word_1_280' title='bbox 1641 2134 1756 2194; x_wconf 84' lang='lat' dir='ltr'><strong>fabrica·</strong></span> 
     </span>
     <span class='ocr_line' id='line_1_22' title="bbox 106 2216 1757 2297; baseline 0.001 -19"><span class='ocrx_word' id='word_1_281' title='bbox 106 2222 310 2281; x_wconf 85' lang='lat' dir='ltr'><strong>demutationes</strong></span> <span class='ocrx_word' id='word_1_282' title='bbox 332 2216 421 2280; x_wconf 64' lang='lat'><strong>288</strong></span> <span class='ocrx_word' id='word_1_283' title='bbox 442 2235 507 2278; x_wconf 90' lang='lat' dir='ltr'><strong>suas</strong></span> <span class='ocrx_word' id='word_1_284' title='bbox 540 2231 569 2278; x_wconf 89' lang='lat' dir='ltr'><strong>et</strong></span> <span class='ocrx_word' id='word_1_285' title='bbox 590 2218 798 2286; x_wconf 84' lang='lat' dir='ltr'><strong>translationes;</strong></span> <span class='ocrx_word' id='word_1_286' title='bbox 827 2218 863 2275; x_wconf 92' lang='lat' dir='ltr'><strong>sit</strong></span> <span class='ocrx_word' id='word_1_287' title='bbox 878 2225 906 2278; x_wconf 89' lang='grc' dir='ltr'><strong>ει</strong></span> <span class='ocrx_word' id='word_1_288' title='bbox 960 2228 1018 2281; x_wconf 89' lang='lat' dir='ltr'><strong>tum</strong></span> <span class='ocrx_word' id='word_1_289' title='bbox 1033 2222 1068 2279; x_wconf 87' lang='grc'><strong>11.</strong></span> <span class='ocrx_word' id='word_1_290' title='bbox 1083 2223 1170 2297; x_wconf 88' lang='lat' dir='ltr'><strong>igitur</strong></span> <span class='ocrx_word' id='word_1_291' title='bbox 1188 2222 1233 2281; x_wconf 86' lang='lat' dir='ltr'><strong>uel</strong></span> <span class='ocrx_word' id='word_1_292' title='bbox 1247 2223 1298 2280; x_wconf 89' lang='lat' dir='ltr'><strong>hoo</strong></span> <span class='ocrx_word' id='word_1_293' title='bbox 1309 2224 1375 2280; x_wconf 89' lang='lat' dir='ltr'><strong>rude</strong></span> <span class='ocrx_word' id='word_1_294' title='bbox 1388 2230 1415 2281; x_wconf 89' lang='lat' dir='ltr'><strong>ot</strong></span> <span class='ocrx_word' id='word_1_295' title='bbox 1429 2221 1571 2280; x_wconf 88' lang='lat' dir='ltr'><strong>confusum</strong></span> <span class='ocrx_word' id='word_1_296' title='bbox 1585 2230 1612 2280; x_wconf 89' lang='grc' dir='ltr'><strong>ει</strong></span> <span class='ocrx_word' id='word_1_297' title='bbox 1622 2222 1757 2296; x_wconf 87' lang='lat' dir='ltr'><strong>incompo-</strong></span> 
     </span>
     <span class='ocr_line' id='line_1_23' title="bbox 104 2308 1758 2386; baseline 0.001 -19"><span class='ocrx_word' id='word_1_298' title='bbox 104 2310 374 2386; x_wconf 81' lang='lat' dir='ltr'><strong>comprehensibilis,</strong></span> <span class='ocrx_word' id='word_1_299' title='bbox 411 2322 441 2368; x_wconf 88' lang='lat' dir='ltr'><strong>ut</strong></span> <span class='ocrx_word' id='word_1_300' title='bbox 478 2325 538 2382; x_wconf 85' lang='lat' dir='ltr'><strong>qnae</strong></span> <span class='ocrx_word' id='word_1_301' title='bbox 566 2308 721 2382; x_wconf 86' lang='lat' dir='ltr'><strong>fabricatur,</strong></span> <span class='ocrx_word' id='word_1_302' title='bbox 754 2309 854 2381; x_wconf 86' lang='lat' dir='ltr'><strong>inquis,</strong></span> <span class='ocrx_word' id='word_1_303' title='bbox 888 2323 906 2364; x_wconf 77' lang='lat' dir='ltr'><strong>a</strong></span> <span class='ocrx_word' id='word_1_304' title='bbox 959 2311 1041 2371; x_wconf 88' lang='lat' dir='ltr'><strong>situm</strong></span> <span class='ocrx_word' id='word_1_305' title='bbox 1071 2312 1095 2353; x_wconf 84' lang='lat'><strong>³¹</strong></span> <span class='ocrx_word' id='word_1_306' title='bbox 1128 2325 1183 2370; x_wconf 91' lang='lat' dir='ltr'><strong>non</strong></span> <span class='ocrx_word' id='word_1_307' title='bbox 1211 2319 1301 2384; x_wconf 87' lang='lat' dir='ltr'><strong>potest</strong></span> <span class='ocrx_word' id='word_1_308' title='bbox 1328 2313 1356 2368; x_wconf 92' lang='lat' dir='ltr'><strong>in</strong></span> <span class='ocrx_word' id='word_1_309' title='bbox 1387 2310 1512 2384; x_wconf 89' lang='lat' dir='ltr'><strong>expolitis</strong></span> <span class='ocrx_word' id='word_1_310' title='bbox 1539 2319 1566 2369; x_wconf 91' lang='lat' dir='ltr'><strong>et</strong></span> <span class='ocrx_word' id='word_1_311' title='bbox 1578 2310 1712 2369; x_wconf 88' lang='lat' dir='ltr'><strong>distinctis</strong></span> <span class='ocrx_word' id='word_1_312' title='bbox 1729 2318 1758 2368; x_wconf 89' lang='grc' dir='ltr'><strong>ει</strong></span> 
     </span>
     <span class='ocr_line' id='line_1_24' title="bbox 103 2398 1758 2478; baseline -0.001 -19"><span class='ocrx_word' id='word_1_313' title='bbox 103 2403 172 2472; x_wconf 82' lang='lat' dir='ltr'><strong>fleo,</strong></span> <span class='ocrx_word' id='word_1_314' title='bbox 185 2402 254 2478; x_wconf 84' lang='lat' dir='ltr'><strong>quia</strong></span> <span class='ocrx_word' id='word_1_315' title='bbox 268 2409 300 2459; x_wconf 90' lang='lat' dir='ltr'><strong>et</strong></span> <span class='ocrx_word' id='word_1_316' title='bbox 316 2399 501 2462; x_wconf 74' lang='lat' dir='ltr'><strong>consortibilis</strong></span> <span class='ocrx_word' id='word_1_317' title='bbox 510 2440 518 2466; x_wconf 90' lang='lat'><strong>,</strong></span> <span class='ocrx_word' id='word_1_318' title='bbox 534 2407 562 2457; x_wconf 91' lang='grc' dir='ltr'><strong>ει</strong></span> <span class='ocrx_word' id='word_1_319' title='bbox 587 2398 773 2465; x_wconf 86' lang='lat' dir='ltr'><strong>demutabilis,</strong></span> <span class='ocrx_word' id='word_1_320' title='bbox 789 2408 816 2456; x_wconf 89' lang='grc' dir='ltr'><strong>ει</strong></span> <span class='ocrx_word' id='word_1_321' title='bbox 845 2398 905 2456; x_wconf 89' lang='lat' dir='ltr'><strong>dis·</strong></span> <span class='ocrx_word' id='word_1_322' title='bbox 958 2400 1118 2474; x_wconf 89' lang='lat' dir='ltr'><strong>compositis</strong></span> <span class='ocrx_word' id='word_1_323' title='bbox 1128 2400 1430 2474; x_wconf 86' lang='lat' dir='ltr'><strong>recognosci,quaeiiec</strong></span> <span class='ocrx_word' id='word_1_324' title='bbox 1440 2410 1531 2473; x_wconf 83' lang='lat' dir='ltr'><strong>pantes</strong></span> <span class='ocrx_word' id='word_1_325' title='bbox 1540 2400 1758 2474; x_wconf 79' lang='lat' dir='ltr'><strong>materiaeappel·</strong></span> 
     </span>
     <span class='ocr_line' id='line_1_25' title="bbox 103 2487 1758 2567; baseline -0.003 -17"><span class='ocrx_word' id='word_1_326' title='bbox 103 2491 252 2567; x_wconf 83' lang='lat' dir='ltr'><strong>partibilis.</strong></span> <span class='ocrx_word' id='word_1_327' title='bbox 278 2489 482 2550; x_wconf 83' lang='lat' dir='ltr'><strong>Demutationes</strong></span> <span class='ocrx_word' id='word_1_328' title='bbox 492 2487 564 2546; x_wconf 89' lang='lat' dir='ltr'><strong>enim</strong></span> <span class='ocrx_word' id='word_1_329' title='bbox 591 2489 661 2561; x_wconf 85' lang='lat' dir='ltr'><strong>ejas,</strong></span> <span class='ocrx_word' id='word_1_330' title='bbox 676 2487 776 2562; x_wconf 89' lang='lat' dir='ltr'><strong>inquis,</strong></span> <span class='ocrx_word' id='word_1_331' title='bbox 799 2488 906 2560; x_wconf 88' lang='lat' dir='ltr'><strong>dispar-</strong></span> <span class='ocrx_word' id='word_1_332' title='bbox 959 2489 1009 2547; x_wconf 88' lang='lat' dir='ltr'><strong>lari</strong></span> <span class='ocrx_word' id='word_1_333' title='bbox 1023 2490 1160 2561; x_wconf 86' lang='lat' dir='ltr'><strong>convenit,</strong></span> <span class='ocrx_word' id='word_1_334' title='bbox 1176 2505 1268 2549; x_wconf 89' lang='lat' dir='ltr'><strong>cuma</strong></span> <span class='ocrx_word' id='word_1_335' title='bbox 1289 2488 1376 2548; x_wconf 91' lang='lat' dir='ltr'><strong>forma</strong></span> <span class='ocrx_word' id='word_1_336' title='bbox 1390 2491 1451 2563; x_wconf 84' lang='lat' dir='ltr'><strong>ejus</strong></span> <span class='ocrx_word' id='word_1_337' title='bbox 1464 2503 1499 2549; x_wconf 93' lang='lat' dir='ltr'><strong>ex</strong></span> <span class='ocrx_word' id='word_1_338' title='bbox 1511 2489 1659 2549; x_wconf 75' lang='lat' dir='ltr'><strong>mundone</strong></span> <span class='ocrx_word' id='word_1_339' title='bbox 1671 2489 1758 2550; x_wconf 81' lang='lat' dir='ltr'><strong>diuisa</strong></span> 
     </span>
     <span class='ocr_line' id='line_1_26' title="bbox 103 2575 1139 2649; baseline -0.004 -10"><span class='ocrx_word' id='word_1_340' title='bbox 103 2581 208 2639; x_wconf 77' lang='lat' dir='ltr'><strong>tibdem</strong></span> <span class='ocrx_word' id='word_1_341' title='bbox 238 2595 301 2638; x_wconf 87' lang='lat' dir='ltr'><strong>eain</strong></span> <span class='ocrx_word' id='word_1_342' title='bbox 330 2580 476 2637; x_wconf 88' lang='lat' dir='ltr'><strong>ostendunt</strong></span> <span class='ocrx_word' id='word_1_343' title='bbox 495 2577 565 2649; x_wconf 79' lang='lat' dir='ltr'><strong>(til).</strong></span> <span class='ocrx_word' id='word_1_344' title='bbox 586 2577 620 2635; x_wconf 85' lang='lat' dir='ltr'><strong>Et</strong></span> <span class='ocrx_word' id='word_1_345' title='bbox 637 2576 683 2634; x_wconf 89' lang='lat' dir='ltr'><strong>liic</strong></span> <span class='ocrx_word' id='word_1_346' title='bbox 710 2575 828 2634; x_wconf 87' lang='lat' dir='ltr'><strong>ulineis</strong></span> <span class='ocrx_word' id='word_1_347' title='bbox 852 2575 905 2634; x_wconf 91' lang='lat' dir='ltr'><strong>tuis</strong></span> <span class='ocrx_word' id='word_1_348' title='bbox 959 2586 1139 2639; x_wconf 87' lang='lat' dir='ltr'><strong>recesserunt.</strong></span> 
     </span>
     <span class='ocr_line' id='line_1_27' title="bbox 103 2666 1423 2778; baseline -0.003 -50"><span class='ocrx_word' id='word_1_349' title='bbox 103 2669 229 2729; x_wconf 78' lang='lat' dir='ltr'><strong>excidisti</strong></span> <span class='ocrx_word' id='word_1_350' title='bbox 242 2669 318 2744; x_wconf 82' lang='lat'><strong>(85).</strong></span> <span class='ocrx_word' id='word_1_351' title='bbox 332 2669 431 2741; x_wconf 89' lang='lat' dir='ltr'><strong>quibus</strong></span> <span class='ocrx_word' id='word_1_352' title='bbox 444 2668 517 2724; x_wconf 89' lang='lat' dir='ltr'><strong>circa</strong></span> <span class='ocrx_word' id='word_1_353' title='bbox 538 2682 682 2740; x_wconf 89' lang='lat' dir='ltr'><strong>personam</strong></span> <span class='ocrx_word' id='word_1_354' title='bbox 705 2666 755 2723; x_wconf 89' lang='lat' dir='ltr'><strong>Dei</strong></span> <span class='ocrx_word' id='word_1_355' title='bbox 774 2682 839 2724; x_wconf 88' lang='lat' dir='ltr'><strong>usus</strong></span> <span class='ocrx_word' id='word_1_356' title='bbox 863 2681 904 2740; x_wconf 91' lang='lat' dir='ltr'><strong>es,</strong></span> <span class='ocrx_word' id='word_1_357' title='bbox 1227 2719 1342 2778; x_wconf 60' lang='lat' dir='ltr'>CAPUT</span> <span class='ocrx_word' id='word_1_358' title='bbox 1361 2720 1423 2777; x_wconf 64' lang='lat' dir='ltr'><strong>XM</strong></span> 
     </span>
     <span class='ocr_line' id='line_1_28' title="bbox 103 2754 1434 2834; baseline -0.005 -15"><span class='ocrx_word' id='word_1_359' title='bbox 103 2761 289 2834; x_wconf 64' lang='lat' dir='ltr'><strong>manens</strong></span> <span class='ocrx_word' id='word_1_360' title='bbox 298 2760 386 2816; x_wconf 86' lang='lat' dir='ltr'><strong>Deum</strong></span> <span class='ocrx_word' id='word_1_361' title='bbox 401 2758 473 2815; x_wconf 89' lang='lat' dir='ltr'><strong>illam</strong></span> <span class='ocrx_word' id='word_1_362' title='bbox 489 2756 514 2797; x_wconf 83' lang='grc'><strong>11</strong></span> <span class='ocrx_word' id='word_1_363' title='bbox 527 2772 583 2815; x_wconf 89' lang='lat' dir='ltr'><strong>non</strong></span> <span class='ocrx_word' id='word_1_364' title='bbox 593 2772 626 2814; x_wconf 88' lang='lat' dir='ltr'><strong>ex</strong></span> <span class='ocrx_word' id='word_1_365' title='bbox 635 2756 781 2829; x_wconf 88' lang='lat' dir='ltr'><strong>semetipso</strong></span> <span class='ocrx_word' id='word_1_366' title='bbox 797 2754 904 2830; x_wconf 88' lang='lat' dir='ltr'><strong>fecisse,</strong></span> <span class='ocrx_word' id='word_1_367' title='bbox 1263 2788 1266 2792; x_wconf 24' lang='grc' dir='ltr'><strong><em>ι</em></strong></span> <span class='ocrx_word' id='word_1_368' title='bbox 1424 2762 1434 2779; x_wconf 87' lang='grc'><em>·</em></span> 
     </span>
     <span class='ocr_line' id='line_1_29' title="bbox 104 2842 1758 2923; baseline -0.002 -17"><span class='ocrx_word' id='word_1_369' title='bbox 104 2850 170 2922; x_wconf 85' lang='lat' dir='ltr'><strong>quia</strong></span> <span class='ocrx_word' id='word_1_370' title='bbox 186 2849 215 2906; x_wconf 91' lang='lat' dir='ltr'><strong>in</strong></span> <span class='ocrx_word' id='word_1_371' title='bbox 234 2855 328 2923; x_wconf 87' lang='lat' dir='ltr'><strong>partes</strong></span> <span class='ocrx_word' id='word_1_372' title='bbox 345 2846 440 2905; x_wconf 81' lang='lat' dir='ltr'><strong>uenire</strong></span> <span class='ocrx_word' id='word_1_373' title='bbox 458 2861 513 2904; x_wconf 94' lang='lat' dir='ltr'><strong>nou</strong></span> <span class='ocrx_word' id='word_1_374' title='bbox 528 2852 622 2917; x_wconf 86' lang='lat' dir='ltr'><strong>posset</strong></span> <span class='ocrx_word' id='word_1_375' title='bbox 634 2845 681 2920; x_wconf 89' lang='lat' dir='ltr'><strong>qui</strong></span> <span class='ocrx_word' id='word_1_376' title='bbox 700 2845 735 2902; x_wconf 92' lang='lat' dir='ltr'><strong>sit</strong></span> <span class='ocrx_word' id='word_1_377' title='bbox 749 2855 866 2904; x_wconf 85' lang='lat' dir='ltr'><strong>aeteraus</strong></span> <span class='ocrx_word' id='word_1_378' title='bbox 879 2853 907 2903; x_wconf 90' lang='lat' dir='ltr'><strong>et</strong></span> <span class='ocrx_word' id='word_1_379' title='bbox 995 2846 1126 2903; x_wconf 78' lang='lat' dir='ltr'><strong>Revertor</strong></span> <span class='ocrx_word' id='word_1_380' title='bbox 1139 2844 1173 2900; x_wconf 85' lang='lat' dir='ltr'><strong>ad</strong></span> <span class='ocrx_word' id='word_1_381' title='bbox 1188 2852 1300 2914; x_wconf 89' lang='lat' dir='ltr'><strong>motum,</strong></span> <span class='ocrx_word' id='word_1_382' title='bbox 1316 2850 1345 2901; x_wconf 90' lang='grc' dir='ltr'><strong>ιιι</strong></span> <span class='ocrx_word' id='word_1_383' title='bbox 1356 2843 1456 2917; x_wconf 89' lang='lat' dir='ltr'><strong>ubique</strong></span> <span class='ocrx_word' id='word_1_384' title='bbox 1471 2851 1497 2901; x_wconf 89' lang='lat' dir='ltr'><strong>te</strong></span> <span class='ocrx_word' id='word_1_385' title='bbox 1510 2842 1643 2902; x_wconf 88' lang='lat' dir='ltr'><strong>lubricum</strong></span> <span class='ocrx_word' id='word_1_386' title='bbox 1662 2851 1758 2902; x_wconf 90' lang='lat' dir='ltr'><strong>osteu-</strong></span> 
     </span>
     <span class='ocr_line' id='line_1_30' title="bbox 108 2932 1758 3008; baseline -0.004 -13"><span class='ocrx_word' id='word_1_387' title='bbox 108 2936 365 3007; x_wconf 72' lang='lat' dir='ltr'><strong>msnaisinaerum,</strong></span> <span class='ocrx_word' id='word_1_388' title='bbox 381 2952 413 2993; x_wconf 90' lang='lat' dir='ltr'><strong>ac</strong></span> <span class='ocrx_word' id='word_1_389' title='bbox 427 2950 476 3008; x_wconf 90' lang='lat' dir='ltr'><strong>per</strong></span> <span class='ocrx_word' id='word_1_390' title='bbox 491 2934 541 2992; x_wconf 86' lang='lat' dir='ltr'><strong>bno</strong></span> <span class='ocrx_word' id='word_1_391' title='bbox 556 2933 730 2991; x_wconf 89' lang='lat' dir='ltr'><strong>immutabilis</strong></span> <span class='ocrx_word' id='word_1_392' title='bbox 744 2944 771 2992; x_wconf 87' lang='lat' dir='ltr'><strong>et</strong></span> <span class='ocrx_word' id='word_1_393' title='bbox 784 2933 907 2992; x_wconf 83' lang='lat' dir='ltr'><strong>indivisi·</strong></span> <span class='ocrx_word' id='word_1_394' title='bbox 959 2934 1032 2991; x_wconf 92' lang='lat' dir='ltr'><strong>dam.</strong></span> <span class='ocrx_word' id='word_1_395' title='bbox 1043 2933 1208 2999; x_wconf 88' lang='lat' dir='ltr'><strong>Inconditus,</strong></span> <span class='ocrx_word' id='word_1_396' title='bbox 1222 2932 1433 3000; x_wconf 85' lang='lat' dir='ltr'><strong>etconfnsus,et</strong></span> <span class='ocrx_word' id='word_1_397' title='bbox 1456 2932 1627 2990; x_wconf 88' lang='lat' dir='ltr'><strong>turbulentus</strong></span> <span class='ocrx_word' id='word_1_398' title='bbox 1642 2932 1758 2990; x_wconf 90' lang='lat' dir='ltr'><strong>fuitma·</strong></span> 
     </span>
     <span class='ocr_line' id='line_1_31' title="bbox 113 3020 1760 3094; baseline -0.002 -11"><span class='ocrx_word' id='word_1_399' title='bbox 113 3026 183 3083; x_wconf 77' lang='lat' dir='ltr'><strong>ntus</strong></span> <span class='ocrx_word' id='word_1_400' title='bbox 200 3025 232 3082; x_wconf 83' lang='lat' dir='ltr'><strong>Si</strong></span> <span class='ocrx_word' id='word_1_401' title='bbox 243 3032 270 3083; x_wconf 88' lang='grc' dir='ltr'><strong>ει</strong></span> <span class='ocrx_word' id='word_1_402' title='bbox 292 3023 405 3084; x_wconf 84' lang='grc' dir='ltr'><strong>ιιιειειίε</strong></span> <span class='ocrx_word' id='word_1_403' title='bbox 420 3023 514 3081; x_wconf 88' lang='lat' dir='ltr'><strong>eadem</strong></span> <span class='ocrx_word' id='word_1_404' title='bbox 531 3023 681 3080; x_wconf 73' lang='lat' dir='ltr'><strong>eternitate</strong></span> <span class='ocrx_word' id='word_1_405' title='bbox 698 3029 834 3090; x_wconf 88' lang='lat' dir='ltr'><strong>censetur,</strong></span> <span class='ocrx_word' id='word_1_406' title='bbox 853 3037 905 3080; x_wconf 90' lang='lat' dir='ltr'><strong>ne·</strong></span> <span class='ocrx_word' id='word_1_407' title='bbox 961 3023 1034 3079; x_wconf 87' lang='lat' dir='ltr'><strong>teriae</strong></span> <span class='ocrx_word' id='word_1_408' title='bbox 1048 3021 1206 3079; x_wconf 80' lang='lat' dir='ltr'><strong>mutassis</strong></span> <span class='ocrx_word' id='word_1_409' title='bbox 1220 3020 1292 3076; x_wconf 90' lang='lat' dir='ltr'><strong>enim</strong></span> <span class='ocrx_word' id='word_1_410' title='bbox 1307 3029 1333 3077; x_wconf 88' lang='lat' dir='ltr'><strong>et</strong></span> <span class='ocrx_word' id='word_1_411' title='bbox 1346 3020 1538 3094; x_wconf 89' lang='lat' dir='ltr'><strong>ollaeundiquo</strong></span> <span class='ocrx_word' id='word_1_412' title='bbox 1551 3022 1708 3078; x_wconf 90' lang='lat' dir='ltr'><strong>ebullientis</strong></span> <span class='ocrx_word' id='word_1_413' title='bbox 1722 3022 1760 3080; x_wconf 90' lang='lat' dir='ltr'><strong>si.</strong></span> 
     </span>
    </p>
   </div>
   <div class='ocr_carea' id='block_1_3' title="bbox 106 3072 1864 3540">
    <p class='ocr_par' dir='ltr' id='par_1_3' title="bbox 106 3072 1864 3540">
     <span class='ocr_line' id='line_1_32' title="bbox 120 3072 1757 3184; baseline -0.001 -15"><span class='ocrx_word' id='word_1_414' title='bbox 120 3128 173 3184; x_wconf 79' lang='lat' dir='ltr'><strong>que</strong></span> <span class='ocrx_word' id='word_1_415' title='bbox 183 3111 277 3169; x_wconf 80' lang='lat' dir='ltr'><strong>iulium</strong></span> <span class='ocrx_word' id='word_1_416' title='bbox 287 3112 395 3170; x_wconf 85' lang='lat' dir='ltr'><strong>babens</strong></span> <span class='ocrx_word' id='word_1_417' title='bbox 408 3126 498 3183; x_wconf 89' lang='lat' dir='ltr'><strong>neque</strong></span> <span class='ocrx_word' id='word_1_418' title='bbox 518 3109 611 3178; x_wconf 89' lang='lat' dir='ltr'><strong>linem,</strong></span> <span class='ocrx_word' id='word_1_419' title='bbox 626 3109 719 3166; x_wconf 86' lang='lat' dir='ltr'><strong>eedem</strong></span> <span class='ocrx_word' id='word_1_420' title='bbox 734 3109 837 3167; x_wconf 87' lang='lat' dir='ltr'><strong>ratione</strong></span> <span class='ocrx_word' id='word_1_421' title='bbox 851 3123 906 3167; x_wconf 92' lang='lat' dir='ltr'><strong>non</strong></span> <span class='ocrx_word' id='word_1_422' title='bbox 920 3072 942 3154; x_wconf 60' lang='lat' dir='ltr'>n</span> <span class='ocrx_word' id='word_1_423' title='bbox 958 3109 1136 3177; x_wconf 85' lang='lat' dir='ltr'><strong>militudinem</strong></span> <span class='ocrx_word' id='word_1_424' title='bbox 1151 3109 1269 3181; x_wconf 92' lang='lat' dir='ltr'><strong>apponis</strong></span> <span class='ocrx_word' id='word_1_425' title='bbox 1282 3109 1316 3165; x_wconf 85' lang='lat'><strong>³².</strong></span> <span class='ocrx_word' id='word_1_426' title='bbox 1332 3109 1366 3165; x_wconf 83' lang='lat' dir='ltr'><strong>Et</strong></span> <span class='ocrx_word' id='word_1_427' title='bbox 1380 3110 1518 3181; x_wconf 91' lang='lat' dir='ltr'><strong>quomodo</strong></span> <span class='ocrx_word' id='word_1_428' title='bbox 1532 3111 1596 3166; x_wconf 85' lang='lat' dir='ltr'><strong>alibi</strong></span> <span class='ocrx_word' id='word_1_429' title='bbox 1618 3110 1713 3168; x_wconf 83' lang='lat' dir='ltr'><strong>alinea</strong></span> <span class='ocrx_word' id='word_1_430' title='bbox 1730 3119 1757 3167; x_wconf 90' lang='lat' dir='ltr'><strong>te</strong></span> 
     </span>
     <span class='ocr_line' id='line_1_33' title="bbox 115 3196 1759 3273; baseline 0 -17"><span class='ocrx_word' id='word_1_431' title='bbox 115 3199 217 3272; x_wconf 86' lang='lat' dir='ltr'><strong>poterit</strong></span> <span class='ocrx_word' id='word_1_432' title='bbox 225 3200 277 3273; x_wconf 87' lang='lat' dir='ltr'><strong>pati&#39;</strong></span> <span class='ocrx_word' id='word_1_433' title='bbox 299 3199 513 3271; x_wconf 76' lang='lat' dir='ltr'><strong>dispertitionem</strong></span> <span class='ocrx_word' id='word_1_434' title='bbox 531 3207 559 3256; x_wconf 91' lang='grc' dir='ltr'><strong>ει</strong></span> <span class='ocrx_word' id='word_1_435' title='bbox 578 3196 799 3268; x_wconf 87' lang='lat' dir='ltr'><strong>demutationem,</strong></span> <span class='ocrx_word' id='word_1_436' title='bbox 813 3214 866 3271; x_wconf 87' lang='lat' dir='ltr'><strong>qua</strong></span> <span class='ocrx_word' id='word_1_437' title='bbox 880 3197 905 3238; x_wconf 94' lang='grc'><strong>11</strong></span> <span class='ocrx_word' id='word_1_438' title='bbox 958 3199 1134 3257; x_wconf 82' lang='lat' dir='ltr'><strong>adfirmatur‘.¹</strong></span> <span class='ocrx_word' id='word_1_439' title='bbox 1153 3214 1215 3255; x_wconf 88' lang='lat' dir='ltr'><strong>cuin</strong></span> <span class='ocrx_word' id='word_1_440' title='bbox 1230 3197 1301 3254; x_wconf 87' lang='lat' dir='ltr'><strong>enirn</strong></span> <span class='ocrx_word' id='word_1_441' title='bbox 1315 3197 1356 3253; x_wconf 85' lang='lat' dir='ltr'><strong>vis</strong></span> <span class='ocrx_word' id='word_1_442' title='bbox 1372 3197 1509 3253; x_wconf 88' lang='lat' dir='ltr'><strong>materiam</strong></span> <span class='ocrx_word' id='word_1_443' title='bbox 1529 3214 1579 3255; x_wconf 88' lang='lat' dir='ltr'><strong>nec</strong></span> <span class='ocrx_word' id='word_1_444' title='bbox 1594 3199 1693 3255; x_wconf 90' lang='lat' dir='ltr'><strong>bonam</strong></span> <span class='ocrx_word' id='word_1_445' title='bbox 1708 3214 1759 3257; x_wconf 88' lang='lat' dir='ltr'><strong>uec</strong></span> 
     </span>
     <span class='ocr_line' id='line_1_34' title="bbox 109 3285 1757 3362; baseline -0.001 -16"><span class='ocrx_word' id='word_1_446' title='bbox 109 3303 163 3346; x_wconf 88' lang='lat' dir='ltr'><strong>nec</strong></span> <span class='ocrx_word' id='word_1_447' title='bbox 175 3288 257 3346; x_wconf 85' lang='lat' dir='ltr'><strong>Deus.</strong></span> <span class='ocrx_word' id='word_1_448' title='bbox 278 3290 310 3346; x_wconf 92' lang='lat' dir='ltr'><strong>ln</strong></span> <span class='ocrx_word' id='word_1_449' title='bbox 324 3287 482 3346; x_wconf 68' lang='lat' dir='ltr'><strong>aeternitatis</strong></span> <span class='ocrx_word' id='word_1_450' title='bbox 508 3287 645 3346; x_wconf 89' lang='lat' dir='ltr'><strong>consortio</strong></span> <span class='ocrx_word' id='word_1_451' title='bbox 666 3287 765 3360; x_wconf 89' lang='lat' dir='ltr'><strong>posita,</strong></span> <span class='ocrx_word' id='word_1_452' title='bbox 794 3287 907 3360; x_wconf 89' lang='lat' dir='ltr'><strong>partici-</strong></span> <span class='ocrx_word' id='word_1_453' title='bbox 960 3290 1056 3348; x_wconf 86' lang='lat' dir='ltr'><strong>malam</strong></span> <span class='ocrx_word' id='word_1_454' title='bbox 1071 3289 1208 3346; x_wconf 90' lang='lat' dir='ltr'><strong>inducere.</strong></span> <span class='ocrx_word' id='word_1_455' title='bbox 1230 3285 1324 3360; x_wconf 83' lang='lat' dir='ltr'><strong>igitur,</strong></span> <span class='ocrx_word' id='word_1_456' title='bbox 1353 3287 1499 3358; x_wconf 86' lang='lat' dir='ltr'><strong>subjacens</strong></span> <span class='ocrx_word' id='word_1_457' title='bbox 1520 3290 1630 3345; x_wconf 88' lang='lat' dir='ltr'><strong>materia</strong></span> <span class='ocrx_word' id='word_1_458' title='bbox 1644 3288 1757 3362; x_wconf 77' lang='lat' dir='ltr'><strong>aequabs</strong></span> 
     </span>
     <span class='ocr_line' id='line_1_35' title="bbox 106 3376 1759 3451; baseline -0.002 -14"><span class='ocrx_word' id='word_1_459' title='bbox 106 3377 154 3437; x_wconf 85' lang='lat' dir='ltr'><strong>bet</strong></span> <span class='ocrx_word' id='word_1_460' title='bbox 165 3377 292 3436; x_wconf 83' lang='lat' dir='ltr'><strong>camillo</strong></span> <span class='ocrx_word' id='word_1_461' title='bbox 307 3378 331 3417; x_wconf 84' lang='lat'><strong>¹¹</strong></span> <span class='ocrx_word' id='word_1_462' title='bbox 346 3393 459 3439; x_wconf 87' lang='lat' dir='ltr'><strong>necasse</strong></span> <span class='ocrx_word' id='word_1_463' title='bbox 473 3387 514 3434; x_wconf 89' lang='lat' dir='ltr'><strong>est</strong></span> <span class='ocrx_word' id='word_1_464' title='bbox 527 3385 554 3435; x_wconf 92' lang='lat' dir='ltr'><strong>et</strong></span> <span class='ocrx_word' id='word_1_465' title='bbox 566 3376 648 3447; x_wconf 85' lang='lat' dir='ltr'><strong>vires,</strong></span> <span class='ocrx_word' id='word_1_466' title='bbox 659 3384 686 3434; x_wconf 93' lang='lat' dir='ltr'><strong>et</strong></span> <span class='ocrx_word' id='word_1_467' title='bbox 703 3377 781 3450; x_wconf 88' lang='lat' dir='ltr'><strong>leges</strong></span> <span class='ocrx_word' id='word_1_468' title='bbox 796 3384 822 3434; x_wconf 90' lang='lat' dir='ltr'><strong>et</strong></span> <span class='ocrx_word' id='word_1_469' title='bbox 838 3391 907 3435; x_wconf 88' lang='lat' dir='ltr'><strong>con·</strong></span> <span class='ocrx_word' id='word_1_470' title='bbox 960 3377 1090 3437; x_wconf 87' lang='lat' dir='ltr'><strong>momenti</strong></span> <span class='ocrx_word' id='word_1_471' title='bbox 1106 3378 1210 3435; x_wconf 88' lang='lat' dir='ltr'><strong>habens</strong></span> <span class='ocrx_word' id='word_1_472' title='bbox 1230 3381 1342 3444; x_wconf 90' lang='lat' dir='ltr'><strong>motum,</strong></span> <span class='ocrx_word' id='word_1_473' title='bbox 1357 3391 1446 3449; x_wconf 86' lang='lat' dir='ltr'><strong>neque</strong></span> <span class='ocrx_word' id='word_1_474' title='bbox 1474 3377 1507 3434; x_wconf 89' lang='lat' dir='ltr'><strong>ad</strong></span> <span class='ocrx_word' id='word_1_475' title='bbox 1533 3377 1645 3443; x_wconf 91' lang='lat' dir='ltr'><strong>bonum,</strong></span> <span class='ocrx_word' id='word_1_476' title='bbox 1667 3391 1759 3451; x_wconf 88' lang='lat' dir='ltr'><strong>neque</strong></span> 
     </span>
     <span class='ocr_line' id='line_1_36' title="bbox 106 3464 1864 3540; baseline -0.002 -16"><span class='ocrx_word' id='word_1_477' title='bbox 106 3467 228 3525; x_wconf 70' lang='lat' dir='ltr'><strong>ditium</strong></span> <span class='ocrx_word' id='word_1_478' title='bbox 255 3466 426 3526; x_wconf 76' lang='lat' dir='ltr'><strong>oetemitatis.</strong></span> <span class='ocrx_word' id='word_1_479' title='bbox 452 3466 538 3540; x_wconf 85' lang='lat' dir='ltr'><strong>AEque</strong></span> <span class='ocrx_word' id='word_1_480' title='bbox 560 3466 585 3505; x_wconf 88' lang='grc'><strong>11</strong></span> <span class='ocrx_word' id='word_1_481' title='bbox 611 3482 673 3524; x_wconf 90' lang='lat' dir='ltr'><strong>cum</strong></span> <span class='ocrx_word' id='word_1_482' title='bbox 696 3465 767 3524; x_wconf 90' lang='lat' dir='ltr'><strong>diois</strong></span> <span class='ocrx_word' id='word_1_483' title='bbox 786 3484 793 3521; x_wconf 91' lang='lat'>:</span> <span class='ocrx_word' id='word_1_484' title='bbox 814 3468 908 3525; x_wconf 82' lang='grc' dir='ltr'><strong>Ρειιεε</strong></span> <span class='ocrx_word' id='word_1_485' title='bbox 961 3469 993 3525; x_wconf 89' lang='lat' dir='ltr'><strong>nd</strong></span> <span class='ocrx_word' id='word_1_486' title='bbox 1010 3467 1108 3524; x_wconf 89' lang='lat' dir='ltr'><strong>malum</strong></span> <span class='ocrx_word' id='word_1_487' title='bbox 1131 3467 1276 3540; x_wconf 89' lang='lat' dir='ltr'><strong>plurimum</strong></span> <span class='ocrx_word' id='word_1_488' title='bbox 1291 3466 1386 3540; x_wconf 85' lang='lat' dir='ltr'><strong>vergit.</strong></span> <span class='ocrx_word' id='word_1_489' title='bbox 1416 3465 1445 3520; x_wconf 89' lang='lat' dir='ltr'><strong>Si</strong></span> <span class='ocrx_word' id='word_1_490' title='bbox 1472 3465 1586 3538; x_wconf 86' lang='lat' dir='ltr'><strong>aequalis</strong></span> <span class='ocrx_word' id='word_1_491' title='bbox 1614 3464 1756 3534; x_wconf 88' lang='lat' dir='ltr'><strong>momenti,</strong></span> <span class='ocrx_word' id='word_1_492' title='bbox 1863 3507 1864 3510; x_wconf 19' lang='grc' dir='ltr'><strong>ι</strong></span> 
     </span>
    </p>
   </div>
   <div class='ocr_carea' id='block_1_4' title="bbox 106 3553 1760 3808">
    <p class='ocr_par' dir='ltr' id='par_1_4' title="bbox 106 3553 1760 3808">
     <span class='ocr_line' id='line_1_37' title="bbox 106 3553 1760 3628; baseline -0.002 -16"><span class='ocrx_word' id='word_1_493' title='bbox 106 3564 201 3613; x_wconf 86' lang='grc' dir='ltr'><strong>ειιιειιι</strong></span> <span class='ocrx_word' id='word_1_494' title='bbox 214 3557 278 3628; x_wconf 79' lang='lat' dir='ltr'><strong>eius</strong></span> <span class='ocrx_word' id='word_1_495' title='bbox 301 3556 391 3613; x_wconf 88' lang='lat' dir='ltr'><strong>omnia</strong></span> <span class='ocrx_word' id='word_1_496' title='bbox 405 3555 484 3613; x_wconf 89' lang='lat' dir='ltr'><strong>simul</strong></span> <span class='ocrx_word' id='word_1_497' title='bbox 508 3570 541 3611; x_wconf 89' lang='lat' dir='ltr'><strong>ex</strong></span> <span class='ocrx_word' id='word_1_498' title='bbox 557 3553 684 3611; x_wconf 90' lang='lat' dir='ltr'><strong>omnibus</strong></span> <span class='ocrx_word' id='word_1_499' title='bbox 702 3555 811 3624; x_wconf 87' lang='lat' dir='ltr'><strong>habent,</strong></span> <span class='ocrx_word' id='word_1_500' title='bbox 831 3564 861 3612; x_wconf 87' lang='lat' dir='ltr'><strong>ut</strong></span> <span class='ocrx_word' id='word_1_501' title='bbox 874 3571 909 3614; x_wconf 84' lang='lat' dir='ltr'><strong>ox</strong></span> <span class='ocrx_word' id='word_1_502' title='bbox 960 3559 1085 3628; x_wconf 84' lang='lat' dir='ltr'><strong>jamnon</strong></span> <span class='ocrx_word' id='word_1_503' title='bbox 1104 3556 1285 3626; x_wconf 89' lang='lat' dir='ltr'><strong>turbulentus,</strong></span> <span class='ocrx_word' id='word_1_504' title='bbox 1310 3569 1362 3610; x_wconf 91' lang='lat' dir='ltr'><strong>nec</strong></span> <span class='ocrx_word' id='word_1_505' title='bbox 1385 3553 1542 3611; x_wconf 83' lang='lat' dir='ltr'><strong>cacabacius</strong></span> <span class='ocrx_word' id='word_1_506' title='bbox 1563 3553 1598 3623; x_wconf 85' lang='lat'><strong>¹³,</strong></span> <span class='ocrx_word' id='word_1_507' title='bbox 1614 3556 1662 3612; x_wconf 91' lang='lat' dir='ltr'><strong>sed</strong></span> <span class='ocrx_word' id='word_1_508' title='bbox 1684 3568 1760 3611; x_wconf 90' lang='lat' dir='ltr'><strong>eom-</strong></span> 
     </span>
     <span class='ocr_line' id='line_1_38' title="bbox 107 3642 1760 3719; baseline -0.001 -16"><span class='ocrx_word' id='word_1_509' title='bbox 107 3645 235 3719; x_wconf 87' lang='lat' dir='ltr'><strong>partibns</strong></span> <span class='ocrx_word' id='word_1_510' title='bbox 248 3651 336 3702; x_wconf 89' lang='lat' dir='ltr'><strong>totum</strong></span> <span class='ocrx_word' id='word_1_511' title='bbox 350 3643 543 3719; x_wconf 85' lang='lat' dir='ltr'><strong>dignoscatur:</strong></span> <span class='ocrx_word' id='word_1_512' title='bbox 568 3643 660 3715; x_wconf 91' lang='lat' dir='ltr'><strong>ntique</strong></span> <span class='ocrx_word' id='word_1_513' title='bbox 681 3659 727 3700; x_wconf 87' lang='lat' dir='ltr'><strong>eas</strong></span> <span class='ocrx_word' id='word_1_514' title='bbox 749 3654 840 3718; x_wconf 81' lang='lat' dir='ltr'><strong>partes</strong></span> <span class='ocrx_word' id='word_1_515' title='bbox 864 3645 909 3701; x_wconf 92' lang='lat' dir='ltr'><strong>iu·</strong></span> <span class='ocrx_word' id='word_1_516' title='bbox 964 3646 1068 3718; x_wconf 90' lang='lat' dir='ltr'><strong>positus</strong></span> <span class='ocrx_word' id='word_1_517' title='bbox 1081 3655 1107 3702; x_wconf 88' lang='lat' dir='ltr'><strong>et</strong></span> <span class='ocrx_word' id='word_1_518' title='bbox 1130 3652 1292 3718; x_wconf 84' lang='lat' dir='ltr'><strong>temperatus</strong></span> <span class='ocrx_word' id='word_1_519' title='bbox 1316 3643 1355 3714; x_wconf 79' lang='lat'><strong>³¹3</strong></span> <span class='ocrx_word' id='word_1_520' title='bbox 1376 3642 1490 3712; x_wconf 90' lang='lat' dir='ltr'><strong>seilicet,</strong></span> <span class='ocrx_word' id='word_1_521' title='bbox 1506 3643 1554 3717; x_wconf 92' lang='lat' dir='ltr'><strong>qui</strong></span> <span class='ocrx_word' id='word_1_522' title='bbox 1572 3643 1641 3701; x_wconf 90' lang='lat' dir='ltr'><strong>inter</strong></span> <span class='ocrx_word' id='word_1_523' title='bbox 1656 3644 1760 3702; x_wconf 92' lang='lat' dir='ltr'><strong>bonum</strong></span> 
     </span>
     <span class='ocr_line' id='line_1_39' title="bbox 109 3731 1760 3808; baseline -0.001 -15"><span class='ocrx_word' id='word_1_524' title='bbox 109 3734 196 3807; x_wconf 83' lang='lat' dir='ltr'><strong>telligi</strong></span> <span class='ocrx_word' id='word_1_525' title='bbox 209 3735 263 3806; x_wconf 84' lang='lat' dir='ltr'><strong>vis,</strong></span> <span class='ocrx_word' id='word_1_526' title='bbox 287 3749 349 3808; x_wconf 83' lang='lat' dir='ltr'><strong>quae</strong></span> <span class='ocrx_word' id='word_1_527' title='bbox 363 3749 397 3791; x_wconf 84' lang='lat' dir='ltr'><strong>ei</strong></span> <span class='ocrx_word' id='word_1_528' title='bbox 420 3732 464 3789; x_wconf 90' lang='lat' dir='ltr'><strong>illa</strong></span> <span class='ocrx_word' id='word_1_529' title='bbox 478 3732 590 3807; x_wconf 87' lang='lat' dir='ltr'><strong>prolatae</strong></span> <span class='ocrx_word' id='word_1_530' title='bbox 612 3739 684 3803; x_wconf 88' lang='lat' dir='ltr'><strong>aunt,</strong></span> <span class='ocrx_word' id='word_1_531' title='bbox 699 3748 760 3806; x_wconf 85' lang='lat' dir='ltr'><strong>quae</strong></span> <span class='ocrx_word' id='word_1_532' title='bbox 775 3734 855 3794; x_wconf 87' lang='lat' dir='ltr'><strong>hodie</strong></span> <span class='ocrx_word' id='word_1_533' title='bbox 868 3735 909 3795; x_wconf 84' lang='lat' dir='ltr'><strong>ni·</strong></span> <span class='ocrx_word' id='word_1_534' title='bbox 963 3747 989 3794; x_wconf 91' lang='lat' dir='ltr'><strong>et</strong></span> <span class='ocrx_word' id='word_1_535' title='bbox 1004 3736 1106 3793; x_wconf 92' lang='lat' dir='ltr'><strong>malum</strong></span> <span class='ocrx_word' id='word_1_536' title='bbox 1119 3749 1170 3794; x_wconf 91' lang='lat' dir='ltr'><strong>suo</strong></span> <span class='ocrx_word' id='word_1_537' title='bbox 1196 3733 1308 3791; x_wconf 88' lang='lat' dir='ltr'><strong>arbitrio</strong></span> <span class='ocrx_word' id='word_1_538' title='bbox 1332 3731 1462 3806; x_wconf 85' lang='lat' dir='ltr'><strong>agitatus,</strong></span> <span class='ocrx_word' id='word_1_539' title='bbox 1478 3732 1508 3789; x_wconf 92' lang='lat' dir='ltr'><strong>in</strong></span> <span class='ocrx_word' id='word_1_540' title='bbox 1534 3739 1657 3791; x_wconf 88' lang='lat' dir='ltr'><strong>neutram</strong></span> <span class='ocrx_word' id='word_1_541' title='bbox 1672 3742 1760 3792; x_wconf 87' lang='lat' dir='ltr'><strong>tamen</strong></span> 
     </span>
    </p>
   </div>
   <div class='ocr_carea' id='block_1_5' title="bbox 795 3861 1073 3927">
    <p class='ocr_par' dir='ltr' id='par_1_5' title="bbox 795 3861 1073 3927">
     <span class='ocr_line' id='line_1_40' title="bbox 795 3861 1073 3927; baseline -0.004 -3"><span class='ocrx_word' id='word_1_542' title='bbox 795 3861 893 3925; x_wconf 85' lang='lat' dir='ltr'><strong>Variae</strong></span> <span class='ocrx_word' id='word_1_543' title='bbox 914 3865 1073 3927; x_wconf 88' lang='lat' dir='ltr'><strong>lectiones.</strong></span> 
     </span>
    </p>
   </div>
   <div class='ocr_carea' id='block_1_6' title="bbox 111 3964 1766 4539">
    <p class='ocr_par' dir='ltr' id='par_1_6' title="bbox 111 3964 1766 4539">
     <span class='ocr_line' id='line_1_41' title="bbox 148 3964 1762 4048; baseline -0.001 -23"><span class='ocrx_word' id='word_1_544' title='bbox 148 3966 173 4008; x_wconf 92' lang='lat'><strong>¹¹</strong></span> <span class='ocrx_word' id='word_1_545' title='bbox 205 3969 236 4025; x_wconf 94' lang='lat' dir='ltr'><strong>ln</strong></span> <span class='ocrx_word' id='word_1_546' title='bbox 264 3968 327 4025; x_wconf 91' lang='lat' dir='ltr'><strong>loco</strong></span> <span class='ocrx_word' id='word_1_547' title='bbox 368 3981 423 4040; x_wconf 90' lang='lat' dir='ltr'><strong>quo</strong></span> <span class='ocrx_word' id='word_1_548' title='bbox 452 3966 541 4026; x_wconf 81' lang='lat' dir='ltr'><strong>Rieu.</strong></span> <span class='ocrx_word' id='word_1_549' title='bbox 571 3970 599 4025; x_wconf 89' lang='lat' dir='ltr'><strong>et</strong></span> <span class='ocrx_word' id='word_1_550' title='bbox 627 3965 680 4023; x_wconf 87' lang='lat' dir='ltr'><strong>clii</strong></span> <span class='ocrx_word' id='word_1_551' title='bbox 706 3981 777 4040; x_wconf 87' lang='lat' dir='ltr'><strong>seqq.</strong></span> <span class='ocrx_word' id='word_1_552' title='bbox 817 3967 846 4048; x_wconf 37' lang='lat'><strong>¹⁵,</strong></span> <span class='ocrx_word' id='word_1_553' title='bbox 875 3968 905 4024; x_wconf 91' lang='lat' dir='ltr'><strong>ln</strong></span> <span class='ocrx_word' id='word_1_554' title='bbox 931 3981 984 4038; x_wconf 94' lang='lat' dir='ltr'><strong>quo</strong></span> <span class='ocrx_word' id='word_1_555' title='bbox 1016 3975 1058 4026; x_wconf 90' lang='lat' dir='ltr'><strong>est</strong></span> <span class='ocrx_word' id='word_1_556' title='bbox 1089 3966 1168 4023; x_wconf 86' lang='lat' dir='ltr'><strong>addit</strong></span> <span class='ocrx_word' id='word_1_557' title='bbox 1201 3967 1268 4024; x_wconf 83' lang='lat' dir='ltr'><strong>Jnn.</strong></span> <span class='ocrx_word' id='word_1_558' title='bbox 1316 3964 1340 4004; x_wconf 81' lang='lat'><strong>¹⁶</strong></span> <span class='ocrx_word' id='word_1_559' title='bbox 1372 3965 1504 4024; x_wconf 82' lang='lat' dir='ltr'><strong>infinitam</strong></span> <span class='ocrx_word' id='word_1_560' title='bbox 1534 3967 1623 4026; x_wconf 75' lang='lat' dir='ltr'><strong>libem</strong></span> <span class='ocrx_word' id='word_1_561' title='bbox 1653 3971 1762 4029; x_wconf 79' lang='lat' dir='ltr'><strong>Paniai.</strong></span> 
     </span>
     <span class='ocr_line' id='line_1_42' title="bbox 111 4035 1763 4109; baseline 0.001 -14"><span class='ocrx_word' id='word_1_562' title='bbox 111 4038 136 4077; x_wconf 88' lang='lat'><strong>¹¹</strong></span> <span class='ocrx_word' id='word_1_563' title='bbox 164 4038 246 4096; x_wconf 79' lang='lat' dir='ltr'><strong>AEro.</strong></span> <span class='ocrx_word' id='word_1_564' title='bbox 288 4054 345 4096; x_wconf 93' lang='lat' dir='ltr'><strong>non</strong></span> <span class='ocrx_word' id='word_1_565' title='bbox 372 4046 449 4095; x_wconf 92' lang='lat' dir='ltr'><strong>motu</strong></span> <span class='ocrx_word' id='word_1_566' title='bbox 472 4041 561 4095; x_wconf 86' lang='lat' dir='ltr'><strong>Fran.</strong></span> <span class='ocrx_word' id='word_1_567' title='bbox 594 4035 618 4076; x_wconf 82' lang='grc'><strong>11</strong></span> <span class='ocrx_word' id='word_1_568' title='bbox 651 4036 686 4094; x_wconf 89' lang='lat' dir='ltr'><strong>Ut</strong></span> <span class='ocrx_word' id='word_1_569' title='bbox 713 4039 890 4109; x_wconf 81' lang='lat' dir='ltr'><strong>corporaliter</strong></span> <span class='ocrx_word' id='word_1_570' title='bbox 919 4038 1006 4097; x_wconf 81' lang='lat' dir='ltr'><strong>libeni.</strong></span> <span class='ocrx_word' id='word_1_571' title='bbox 1035 4041 1122 4095; x_wconf 83' lang='lat' dir='ltr'><strong>Fran.</strong></span> <span class='ocrx_word' id='word_1_572' title='bbox 1149 4036 1172 4075; x_wconf 83' lang='lat'><strong>¹⁹</strong></span> <span class='ocrx_word' id='word_1_573' title='bbox 1198 4037 1233 4094; x_wconf 82' lang='lat' dir='ltr'><strong>Ut</strong></span> <span class='ocrx_word' id='word_1_574' title='bbox 1260 4035 1380 4094; x_wconf 82' lang='lat' dir='ltr'><strong>additur</strong></span> <span class='ocrx_word' id='word_1_575' title='bbox 1407 4041 1603 4099; x_wconf 78' lang='lat' dir='ltr'><strong>cornuallia.</strong></span> <span class='ocrx_word' id='word_1_576' title='bbox 1628 4039 1654 4078; x_wconf 86' lang='lat'><strong>²¹</strong></span> <span class='ocrx_word' id='word_1_577' title='bbox 1677 4042 1763 4099; x_wconf 87' lang='lat' dir='ltr'><strong>Deum</strong></span> 
     </span>
     <span class='ocr_line' id='line_1_43' title="bbox 112 4107 1765 4180; baseline 0.003 -15"><span class='ocrx_word' id='word_1_578' title='bbox 112 4110 194 4166; x_wconf 88' lang='lat' dir='ltr'><strong>illum</strong></span> <span class='ocrx_word' id='word_1_579' title='bbox 210 4110 298 4168; x_wconf 84' lang='lat' dir='ltr'><strong>liberi.</strong></span> <span class='ocrx_word' id='word_1_580' title='bbox 334 4111 421 4168; x_wconf 86' lang='lat' dir='ltr'><strong>Semi.</strong></span> <span class='ocrx_word' id='word_1_581' title='bbox 450 4109 474 4148; x_wconf 92' lang='grc'><strong>11</strong></span> <span class='ocrx_word' id='word_1_582' title='bbox 490 4108 577 4179; x_wconf 84' lang='lat' dir='ltr'><strong>Quam</strong></span> <span class='ocrx_word' id='word_1_583' title='bbox 605 4107 716 4165; x_wconf 84' lang='lat' dir='ltr'><strong>nolebat</strong></span> <span class='ocrx_word' id='word_1_584' title='bbox 745 4109 831 4167; x_wconf 77' lang='lat' dir='ltr'><strong>liban.</strong></span> <span class='ocrx_word' id='word_1_585' title='bbox 854 4109 879 4148; x_wconf 90' lang='grc'><strong>11</strong></span> <span class='ocrx_word' id='word_1_586' title='bbox 891 4108 962 4166; x_wconf 83' lang='lat' dir='ltr'><strong>Eum</strong></span> <span class='ocrx_word' id='word_1_587' title='bbox 990 4108 1027 4164; x_wconf 90' lang='lat' dir='ltr'><strong>illi</strong></span> <span class='ocrx_word' id='word_1_588' title='bbox 1043 4107 1134 4166; x_wconf 82' lang='lat' dir='ltr'><strong>liberi.</strong></span> <span class='ocrx_word' id='word_1_589' title='bbox 1152 4109 1238 4166; x_wconf 87' lang='lat' dir='ltr'><strong>Semi.</strong></span> <span class='ocrx_word' id='word_1_590' title='bbox 1255 4108 1279 4147; x_wconf 90' lang='grc'><strong>11</strong></span> <span class='ocrx_word' id='word_1_591' title='bbox 1293 4108 1385 4180; x_wconf 79' lang='lat' dir='ltr'><strong>dique</strong></span> <span class='ocrx_word' id='word_1_592' title='bbox 1400 4108 1489 4166; x_wconf 80' lang='lat' dir='ltr'><strong>Rieu.</strong></span> <span class='ocrx_word' id='word_1_593' title='bbox 1506 4111 1592 4169; x_wconf 81' lang='lat' dir='ltr'><strong>Semi.</strong></span> <span class='ocrx_word' id='word_1_594' title='bbox 1617 4112 1725 4170; x_wconf 85' lang='lat' dir='ltr'><strong>Pamcf.</strong></span> <span class='ocrx_word' id='word_1_595' title='bbox 1739 4110 1765 4150; x_wconf 83' lang='lat'><strong>¹¹</strong></span> 
     </span>
     <span class='ocr_line' id='line_1_44' title="bbox 111 4178 1765 4257; baseline 0 -19"><span class='ocrx_word' id='word_1_596' title='bbox 111 4181 216 4254; x_wconf 84' lang='lat' dir='ltr'><strong>Utique</strong></span> <span class='ocrx_word' id='word_1_597' title='bbox 227 4182 411 4238; x_wconf 86' lang='lat' dir='ltr'><strong>deterioribus</strong></span> <span class='ocrx_word' id='word_1_598' title='bbox 425 4180 514 4239; x_wconf 82' lang='lat' dir='ltr'><strong>liberi.</strong></span> <span class='ocrx_word' id='word_1_599' title='bbox 539 4181 606 4238; x_wconf 70' lang='lat' dir='ltr'><strong>iun.</strong></span> <span class='ocrx_word' id='word_1_600' title='bbox 618 4180 643 4217; x_wconf 84' lang='lat'><strong>¹⁵</strong></span> <span class='ocrx_word' id='word_1_601' title='bbox 658 4181 707 4235; x_wconf 82' lang='lat' dir='ltr'><strong>list</strong></span> <span class='ocrx_word' id='word_1_602' title='bbox 720 4180 845 4249; x_wconf 87' lang='lat' dir='ltr'><strong>alterius,</strong></span> <span class='ocrx_word' id='word_1_603' title='bbox 860 4182 879 4236; x_wconf 92' lang='lat' dir='ltr'><strong>i.</strong></span> <span class='ocrx_word' id='word_1_604' title='bbox 894 4196 919 4236; x_wconf 90' lang='grc' dir='ltr'><strong>ε.</strong></span> <span class='ocrx_word' id='word_1_605' title='bbox 931 4180 1019 4237; x_wconf 80' lang='lat' dir='ltr'><strong>liban.</strong></span> <span class='ocrx_word' id='word_1_606' title='bbox 1049 4181 1135 4236; x_wconf 87' lang='lat' dir='ltr'><strong>Seml.</strong></span> <span class='ocrx_word' id='word_1_607' title='bbox 1150 4178 1323 4250; x_wconf 80' lang='lat' dir='ltr'><strong>¹¹Disposita</strong></span> <span class='ocrx_word' id='word_1_608' title='bbox 1334 4181 1429 4250; x_wconf 84' lang='lat' dir='ltr'><strong>jumet</strong></span> <span class='ocrx_word' id='word_1_609' title='bbox 1443 4193 1548 4237; x_wconf 90' lang='lat' dir='ltr'><strong>contem</strong></span> <span class='ocrx_word' id='word_1_610' title='bbox 1570 4190 1597 4237; x_wconf 90' lang='lat' dir='ltr'><strong>ta</strong></span> <span class='ocrx_word' id='word_1_611' title='bbox 1611 4183 1698 4240; x_wconf 85' lang='lat' dir='ltr'><strong>ltfiea.</strong></span> <span class='ocrx_word' id='word_1_612' title='bbox 1716 4182 1765 4257; x_wconf 79' lang='lat' dir='ltr'><strong>qui</strong></span> 
     </span>
     <span class='ocr_line' id='line_1_45' title="bbox 114 4199 1763 4334; baseline 0.001 -23"><span class='ocrx_word' id='word_1_613' title='bbox 114 4254 266 4324; x_wconf 69' lang='grc' dir='ltr'><strong>ιιεειιάιιιιι</strong></span> <span class='ocrx_word' id='word_1_614' title='bbox 278 4256 398 4326; x_wconf 82' lang='lat' dir='ltr'><strong>putabat</strong></span> <span class='ocrx_word' id='word_1_615' title='bbox 412 4258 550 4334; x_wconf 82' lang='lat' dir='ltr'><strong>concepta.</strong></span> <span class='ocrx_word' id='word_1_616' title='bbox 567 4249 591 4289; x_wconf 86' lang='grc'><strong>11</strong></span> <span class='ocrx_word' id='word_1_617' title='bbox 605 4252 714 4334; x_wconf 67' lang='lat' dir='ltr'><strong>fetrum</strong></span> <span class='ocrx_word' id='word_1_618' title='bbox 732 4251 819 4310; x_wconf 81' lang='lat' dir='ltr'><strong>liberi.</strong></span> <span class='ocrx_word' id='word_1_619' title='bbox 838 4253 924 4309; x_wconf 82' lang='lat' dir='ltr'><strong>Semi.</strong></span> <span class='ocrx_word' id='word_1_620' title='bbox 943 4252 1054 4333; x_wconf 78' lang='lat' dir='ltr'><strong>Obertb.</strong></span> <span class='ocrx_word' id='word_1_621' title='bbox 1071 4250 1205 4322; x_wconf 76' lang='grc' dir='ltr'><strong>11ιιόεμει,</strong></span> <span class='ocrx_word' id='word_1_622' title='bbox 1221 4253 1381 4307; x_wconf 82' lang='lat' dir='ltr'><strong>annotavit.</strong></span> <span class='ocrx_word' id='word_1_623' title='bbox 1399 4253 1483 4310; x_wconf 75' lang='lat' dir='ltr'><strong>Semi</strong></span> <span class='ocrx_word' id='word_1_624' title='bbox 1499 4251 1523 4291; x_wconf 79' lang='lat'><strong>¹⁹</strong></span> <span class='ocrx_word' id='word_1_625' title='bbox 1541 4199 1653 4308; x_wconf 41' lang='lat' dir='ltr'><strong>tyrannii</strong></span> <span class='ocrx_word' id='word_1_626' title='bbox 1675 4253 1763 4313; x_wconf 74' lang='lat' dir='ltr'><strong>libem</strong></span> 
     </span>
     <span class='ocr_line' id='line_1_46' title="bbox 112 4320 1765 4399; baseline -0.001 -17"><span class='ocrx_word' id='word_1_627' title='bbox 112 4327 193 4382; x_wconf 78' lang='lat' dir='ltr'><strong>sotiis</strong></span> <span class='ocrx_word' id='word_1_628' title='bbox 207 4341 272 4382; x_wconf 83' lang='lat' dir='ltr'><strong>cum</strong></span> <span class='ocrx_word' id='word_1_629' title='bbox 286 4342 360 4399; x_wconf 86' lang='lat' dir='ltr'><strong>seqq.</strong></span> <span class='ocrx_word' id='word_1_630' title='bbox 380 4324 405 4362; x_wconf 78' lang='lat'><strong>³⁰</strong></span> <span class='ocrx_word' id='word_1_631' title='bbox 419 4324 587 4379; x_wconf 71' lang='lat' dir='ltr'><strong>fabricatam</strong></span> <span class='ocrx_word' id='word_1_632' title='bbox 601 4321 668 4380; x_wconf 81' lang='lat' dir='ltr'><strong>ibid.</strong></span> <span class='ocrx_word' id='word_1_633' title='bbox 686 4321 709 4359; x_wconf 88' lang='grc'><strong>11</strong></span> <span class='ocrx_word' id='word_1_634' title='bbox 726 4322 757 4376; x_wconf 85' lang='grc' dir='ltr'><strong>Ει</strong></span> <span class='ocrx_word' id='word_1_635' title='bbox 772 4321 883 4395; x_wconf 91' lang='lat' dir='ltr'><strong>confugi</strong></span> <span class='ocrx_word' id='word_1_636' title='bbox 895 4330 922 4379; x_wconf 90' lang='grc' dir='ltr'><strong>ει</strong></span> <span class='ocrx_word' id='word_1_637' title='bbox 943 4323 1009 4377; x_wconf 93' lang='lat' dir='ltr'><strong>mihi</strong></span> <span class='ocrx_word' id='word_1_638' title='bbox 1032 4328 1190 4394; x_wconf 91' lang='lat' dir='ltr'><strong>computum</strong></span> <span class='ocrx_word' id='word_1_639' title='bbox 1215 4320 1368 4378; x_wconf 80' lang='lat' dir='ltr'><strong>Rhenanus</strong></span> <span class='ocrx_word' id='word_1_640' title='bbox 1384 4325 1432 4395; x_wconf 87' lang='lat' dir='ltr'><strong>qai</strong></span> <span class='ocrx_word' id='word_1_641' title='bbox 1444 4324 1579 4382; x_wconf 85' lang='lat' dir='ltr'><strong>mendum</strong></span> <span class='ocrx_word' id='word_1_642' title='bbox 1595 4325 1708 4397; x_wconf 75' lang='lat' dir='ltr'><strong>apnomf</strong></span> <span class='ocrx_word' id='word_1_643' title='bbox 1731 4340 1765 4382; x_wconf 89' lang='lat' dir='ltr'><strong>aa</strong></span> 
     </span>
     <span class='ocr_line' id='line_1_47' title="bbox 112 4391 1766 4468; baseline -0.001 -14"><span class='ocrx_word' id='word_1_644' title='bbox 112 4399 265 4468; x_wconf 76' lang='lat' dir='ltr'><strong>proposuit</strong></span> <span class='ocrx_word' id='word_1_645' title='bbox 289 4398 438 4455; x_wconf 76' lang='lat' dir='ltr'><strong>terionem</strong></span> <span class='ocrx_word' id='word_1_646' title='bbox 453 4411 540 4468; x_wconf 86' lang='lat' dir='ltr'><strong>qaam</strong></span> <span class='ocrx_word' id='word_1_647' title='bbox 554 4408 651 4450; x_wconf 85' lang='lat' dir='ltr'><strong>omnes</strong></span> <span class='ocrx_word' id='word_1_648' title='bbox 668 4409 750 4450; x_wconf 81' lang='lat' dir='ltr'><strong>auam</strong></span> <span class='ocrx_word' id='word_1_649' title='bbox 765 4395 908 4464; x_wconf 76' lang='lat' dir='ltr'><strong>secernant.</strong></span> <span class='ocrx_word' id='word_1_650' title='bbox 925 4394 950 4434; x_wconf 88' lang='grc'><strong>11</strong></span> <span class='ocrx_word' id='word_1_651' title='bbox 962 4393 1094 4465; x_wconf 88' lang='lat' dir='ltr'><strong>Oppones</strong></span> <span class='ocrx_word' id='word_1_652' title='bbox 1106 4392 1194 4449; x_wconf 80' lang='lat' dir='ltr'><strong>liban.</strong></span> <span class='ocrx_word' id='word_1_653' title='bbox 1215 4391 1301 4448; x_wconf 81' lang='lat' dir='ltr'><strong>senil.</strong></span> <span class='ocrx_word' id='word_1_654' title='bbox 1332 4392 1422 4450; x_wconf 85' lang='lat' dir='ltr'><strong>Obert.</strong></span> <span class='ocrx_word' id='word_1_655' title='bbox 1440 4394 1464 4433; x_wconf 85' lang='grc'><strong>11</strong></span> <span class='ocrx_word' id='word_1_656' title='bbox 1478 4395 1635 4453; x_wconf 89' lang='lat' dir='ltr'><strong>Cucabatius</strong></span> <span class='ocrx_word' id='word_1_657' title='bbox 1649 4397 1739 4454; x_wconf 79' lang='lat' dir='ltr'><strong>Paris.</strong></span> <span class='ocrx_word' id='word_1_658' title='bbox 1755 4415 1766 4464; x_wconf 88' lang='lat'><em>;</em></span> 
     </span>
     <span class='ocr_line' id='line_1_48' title="bbox 113 4465 778 4539; baseline -0.003 -17"><span class='ocrx_word' id='word_1_659' title='bbox 113 4467 282 4526; x_wconf 72' lang='lat' dir='ltr'><strong>oioebaoens</strong></span> <span class='ocrx_word' id='word_1_660' title='bbox 293 4469 379 4526; x_wconf 83' lang='lat' dir='ltr'><strong>Fran.</strong></span> <span class='ocrx_word' id='word_1_661' title='bbox 391 4465 606 4539; x_wconf 82' lang='lat' dir='ltr'><strong>³¹Temporatur</strong></span> <span class='ocrx_word' id='word_1_662' title='bbox 628 4481 696 4522; x_wconf 84' lang='lat' dir='ltr'><strong>mas.</strong></span> <span class='ocrx_word' id='word_1_663' title='bbox 712 4466 778 4522; x_wconf 77' lang='lat' dir='ltr'><strong>liin.</strong></span> 
     </span>
    </p>
   </div>
   <div class='ocr_carea' id='block_1_7' title="bbox 815 4588 1064 4655">
    <p class='ocr_par' dir='ltr' id='par_1_7' title="bbox 815 4588 1064 4655">
     <span class='ocr_line' id='line_1_49' title="bbox 815 4588 1064 4655; baseline -0.004 -1"><span class='ocrx_word' id='word_1_664' title='bbox 815 4588 1064 4655; x_wconf 80' lang='lat' dir='ltr'><strong>Commentarius.</strong></span> 
     </span>
    </p>
   </div>
   <div class='ocr_carea' id='block_1_8' title="bbox 112 4692 1773 5699">
    <p class='ocr_par' dir='ltr' id='par_1_8' title="bbox 114 4692 1771 5054">
     <span class='ocr_line' id='line_1_50' title="bbox 153 4692 1754 4794; baseline -0.003 -38"><span class='ocrx_word' id='word_1_665' title='bbox 153 4699 213 4770; x_wconf 75' lang='grc' dir='ltr'><strong>(ιιι)</strong></span> <span class='ocrx_word' id='word_1_666' title='bbox 235 4698 275 4757; x_wconf 83' lang='lat' dir='ltr'><strong>li&#39;i</strong></span> <span class='ocrx_word' id='word_1_667' title='bbox 299 4695 455 4757; x_wconf 78' lang='lat' dir='ltr'><strong>obduceris.</strong></span> <span class='ocrx_word' id='word_1_668' title='bbox 484 4695 639 4753; x_wconf 86' lang='lat' dir='ltr'><strong>ilonnimus</strong></span> <span class='ocrx_word' id='word_1_669' title='bbox 667 4703 730 4753; x_wconf 90' lang='lat' dir='ltr'><strong>aute</strong></span> <span class='ocrx_word' id='word_1_670' title='bbox 751 4709 807 4754; x_wconf 90' lang='lat' dir='ltr'><strong>non</strong></span> <span class='ocrx_word' id='word_1_671' title='bbox 830 4694 915 4754; x_wconf 86' lang='lat' dir='ltr'><strong>semel</strong></span> <span class='ocrx_word' id='word_1_672' title='bbox 931 4715 953 4794; x_wconf 73' lang='lat' dir='ltr'>ss</span> <span class='ocrx_word' id='word_1_673' title='bbox 970 4706 1017 4764; x_wconf 86' lang='lat' dir='ltr'><strong>tat,</strong></span> <span class='ocrx_word' id='word_1_674' title='bbox 1034 4705 1113 4769; x_wconf 86' lang='lat' dir='ltr'><strong>atque</strong></span> <span class='ocrx_word' id='word_1_675' title='bbox 1126 4709 1219 4752; x_wconf 89' lang='lat' dir='ltr'><strong>secam</strong></span> <span class='ocrx_word' id='word_1_676' title='bbox 1235 4693 1272 4750; x_wconf 84' lang='lat' dir='ltr'><strong>ita</strong></span> <span class='ocrx_word' id='word_1_677' title='bbox 1287 4694 1399 4767; x_wconf 88' lang='lat' dir='ltr'><strong>pugnat.</strong></span> <span class='ocrx_word' id='word_1_678' title='bbox 1419 4692 1458 4751; x_wconf 80' lang='lat' dir='ltr'><strong>lai</strong></span> <span class='ocrx_word' id='word_1_679' title='bbox 1471 4695 1519 4751; x_wconf 90' lang='lat' dir='ltr'><strong>Pii.</strong></span> <span class='ocrx_word' id='word_1_680' title='bbox 1746 4762 1754 4776; x_wconf 33' lang='grc' dir='ltr'><strong><em>ο</em></strong></span> 
     </span>
     <span class='ocr_line' id='line_1_51' title="bbox 116 4763 1768 4838; baseline -0.004 -11"><span class='ocrx_word' id='word_1_681' title='bbox 116 4771 257 4828; x_wconf 83' lang='lat' dir='ltr'><strong>obducere</strong></span> <span class='ocrx_word' id='word_1_682' title='bbox 275 4776 302 4827; x_wconf 90' lang='grc' dir='ltr'><strong>ει</strong></span> <span class='ocrx_word' id='word_1_683' title='bbox 325 4767 425 4826; x_wconf 87' lang='lat' dir='ltr'><strong>obduci</strong></span> <span class='ocrx_word' id='word_1_684' title='bbox 438 4767 603 4825; x_wconf 87' lang='lat' dir='ltr'><strong>Tertulliano</strong></span> <span class='ocrx_word' id='word_1_685' title='bbox 622 4781 682 4823; x_wconf 90' lang='lat' dir='ltr'><strong>esse</strong></span> <span class='ocrx_word' id='word_1_686' title='bbox 695 4766 818 4826; x_wconf 78' lang='lat' dir='ltr'><strong>refellere</strong></span> <span class='ocrx_word' id='word_1_687' title='bbox 832 4775 914 4825; x_wconf 86' lang='lat' dir='ltr'><strong>otre—</strong></span> <span class='ocrx_word' id='word_1_688' title='bbox 1007 4770 1101 4838; x_wconf 78' lang='lat' dir='ltr'><strong>(soll</strong></span> <span class='ocrx_word' id='word_1_689' title='bbox 1122 4767 1205 4825; x_wconf 82' lang='lat' dir='ltr'><strong>lineis</strong></span> <span class='ocrx_word' id='word_1_690' title='bbox 1218 4767 1277 4822; x_wconf 85' lang='lat' dir='ltr'><strong>tuis</strong></span> <span class='ocrx_word' id='word_1_691' title='bbox 1304 4765 1445 4824; x_wconf 78' lang='lat' dir='ltr'><strong>excidisti.</strong></span> <span class='ocrx_word' id='word_1_692' title='bbox 1465 4770 1488 4823; x_wconf 82' lang='grc' dir='ltr'><strong>Α</strong></span> <span class='ocrx_word' id='word_1_693' title='bbox 1521 4775 1605 4835; x_wconf 88' lang='lat' dir='ltr'><strong>acopo</strong></span> <span class='ocrx_word' id='word_1_694' title='bbox 1626 4763 1768 4821; x_wconf 71' lang='lat' dir='ltr'><strong>imminu.</strong></span> 
     </span>
     <span class='ocr_line' id='line_1_52' title="bbox 116 4834 1767 4913; baseline -0.003 -17"><span class='ocrx_word' id='word_1_695' title='bbox 116 4841 183 4913; x_wconf 86' lang='lat' dir='ltr'><strong>felli,</strong></span> <span class='ocrx_word' id='word_1_696' title='bbox 200 4843 257 4898; x_wconf 84' lang='lat' dir='ltr'><strong>sivo</strong></span> <span class='ocrx_word' id='word_1_697' title='bbox 276 4840 421 4905; x_wconf 86' lang='lat' dir='ltr'><strong>contraria,</strong></span> <span class='ocrx_word' id='word_1_698' title='bbox 444 4854 478 4896; x_wconf 90' lang='lat' dir='ltr'><strong>ac</strong></span> <span class='ocrx_word' id='word_1_699' title='bbox 496 4839 565 4895; x_wconf 86' lang='lat' dir='ltr'><strong>inter</strong></span> <span class='ocrx_word' id='word_1_700' title='bbox 579 4854 609 4895; x_wconf 88' lang='lat' dir='ltr'><strong>se</strong></span> <span class='ocrx_word' id='word_1_701' title='bbox 624 4840 769 4911; x_wconf 79' lang='lat' dir='ltr'><strong>pugnantia</strong></span> <span class='ocrx_word' id='word_1_702' title='bbox 792 4855 915 4896; x_wconf 89' lang='lat' dir='ltr'><strong>asseren-</strong></span> <span class='ocrx_word' id='word_1_703' title='bbox 970 4838 1062 4912; x_wconf 89' lang='lat' dir='ltr'><strong>Neque</strong></span> <span class='ocrx_word' id='word_1_704' title='bbox 1089 4846 1156 4911; x_wconf 92' lang='lat' dir='ltr'><strong>puto</strong></span> <span class='ocrx_word' id='word_1_705' title='bbox 1174 4836 1298 4893; x_wconf 88' lang='lat' dir='ltr'><strong>allusisse</strong></span> <span class='ocrx_word' id='word_1_706' title='bbox 1313 4836 1356 4893; x_wconf 91' lang='lat' dir='ltr'><strong>hic</strong></span> <span class='ocrx_word' id='word_1_707' title='bbox 1383 4837 1416 4893; x_wconf 91' lang='lat' dir='ltr'><strong>ad</strong></span> <span class='ocrx_word' id='word_1_708' title='bbox 1440 4846 1526 4894; x_wconf 89' lang='lat' dir='ltr'><strong>artem</strong></span> <span class='ocrx_word' id='word_1_709' title='bbox 1541 4834 1651 4907; x_wconf 87' lang='lat' dir='ltr'><strong>pictoris</strong></span> <span class='ocrx_word' id='word_1_710' title='bbox 1671 4834 1767 4910; x_wconf 64' lang='lat' dir='ltr'><strong>illim</strong></span> 
     </span>
     <span class='ocr_line' id='line_1_53' title="bbox 116 4908 1771 4992; baseline -0.001 -23"><span class='ocrx_word' id='word_1_711' title='bbox 116 4922 172 4969; x_wconf 89' lang='lat' dir='ltr'><strong>tem</strong></span> <span class='ocrx_word' id='word_1_712' title='bbox 185 4923 296 4984; x_wconf 90' lang='lat' dir='ltr'><strong>captum</strong></span> <span class='ocrx_word' id='word_1_713' title='bbox 311 4911 397 4970; x_wconf 80' lang='lat' dir='ltr'><strong>reneri</strong></span> <span class='ocrx_word' id='word_1_714' title='bbox 410 4910 453 4969; x_wconf 89' lang='lat' dir='ltr'><strong>rel</strong></span> <span class='ocrx_word' id='word_1_715' title='bbox 467 4919 569 4967; x_wconf 88' lang='lat' dir='ltr'><strong>tenero.</strong></span> <span class='ocrx_word' id='word_1_716' title='bbox 585 4911 678 4967; x_wconf 85' lang='lat' dir='ltr'><strong>Rnsn.</strong></span> <span class='ocrx_word' id='word_1_717' title='bbox 693 4943 729 4952; x_wconf 86' lang='lat'><em>-</em></span> <span class='ocrx_word' id='word_1_718' title='bbox 744 4915 779 4968; x_wconf 80' lang='grc' dir='ltr'><strong>Ει</strong></span> <span class='ocrx_word' id='word_1_719' title='bbox 799 4912 916 4969; x_wconf 81' lang='lat' dir='ltr'><strong>abduce·</strong></span> <span class='ocrx_word' id='word_1_720' title='bbox 972 4909 1118 4967; x_wconf 81' lang='lat' dir='ltr'><strong>cumcuim</strong></span> <span class='ocrx_word' id='word_1_721' title='bbox 1134 4909 1160 4965; x_wconf 94' lang='lat' dir='ltr'><strong>id</strong></span> <span class='ocrx_word' id='word_1_722' title='bbox 1175 4908 1288 4981; x_wconf 81' lang='lat' dir='ltr'><strong>intelligi</strong></span> <span class='ocrx_word' id='word_1_723' title='bbox 1311 4921 1392 4992; x_wconf 89' lang='lat' dir='ltr'><strong>queat</strong></span> <span class='ocrx_word' id='word_1_724' title='bbox 1414 4910 1478 4966; x_wconf 88' lang='lat' dir='ltr'><strong>satis</strong></span> <span class='ocrx_word' id='word_1_725' title='bbox 1497 4908 1638 4966; x_wconf 89' lang='lat' dir='ltr'><strong>commode</strong></span> <span class='ocrx_word' id='word_1_726' title='bbox 1654 4923 1709 4964; x_wconf 90' lang='lat' dir='ltr'><strong>nou</strong></span> <span class='ocrx_word' id='word_1_727' title='bbox 1728 4925 1771 4967; x_wconf 86' lang='lat' dir='ltr'><strong>re·</strong></span> 
     </span>
     <span class='ocr_line' id='line_1_54' title="bbox 114 4979 1770 5054; baseline -0.002 -12"><span class='ocrx_word' id='word_1_728' title='bbox 114 4987 168 5042; x_wconf 86' lang='lat' dir='ltr'><strong>ris.</strong></span> <span class='ocrx_word' id='word_1_729' title='bbox 178 4985 218 5040; x_wconf 87' lang='lat' dir='ltr'><strong>lta</strong></span> <span class='ocrx_word' id='word_1_730' title='bbox 232 4995 264 5041; x_wconf 90' lang='lat' dir='ltr'><strong>ut</strong></span> <span class='ocrx_word' id='word_1_731' title='bbox 277 4985 390 5041; x_wconf 84' lang='lat' dir='ltr'><strong>eradere</strong></span> <span class='ocrx_word' id='word_1_732' title='bbox 404 4996 458 5038; x_wconf 91' lang='lat' dir='ltr'><strong>non</strong></span> <span class='ocrx_word' id='word_1_733' title='bbox 475 4981 572 5054; x_wconf 90' lang='lat' dir='ltr'><strong>possis.</strong></span> <span class='ocrx_word' id='word_1_734' title='bbox 589 4982 651 5037; x_wconf 76' lang='lat' dir='ltr'><strong>liin.</strong></span> <span class='ocrx_word' id='word_1_735' title='bbox 971 4982 1104 5040; x_wconf 87' lang='lat' dir='ltr'><strong>currendo</strong></span> <span class='ocrx_word' id='word_1_736' title='bbox 1119 4983 1152 5036; x_wconf 93' lang='lat' dir='ltr'><strong>ad</strong></span> <span class='ocrx_word' id='word_1_737' title='bbox 1168 4980 1240 5037; x_wconf 91' lang='lat' dir='ltr'><strong>illam</strong></span> <span class='ocrx_word' id='word_1_738' title='bbox 1254 4979 1427 5050; x_wconf 81' lang='lat' dir='ltr'><strong>allusionem,</strong></span> <span class='ocrx_word' id='word_1_739' title='bbox 1449 4982 1586 5038; x_wconf 88' lang='lat' dir='ltr'><strong>crederem</strong></span> <span class='ocrx_word' id='word_1_740' title='bbox 1610 4980 1637 5036; x_wconf 95' lang='lat' dir='ltr'><strong>id</strong></span> <span class='ocrx_word' id='word_1_741' title='bbox 1659 4980 1770 5039; x_wconf 87' lang='lat' dir='ltr'><strong>Tertul-</strong></span> 
     </span>
    </p>

    <p class='ocr_par' dir='ltr' id='par_1_9' title="bbox 151 5051 1703 5129">
     <span class='ocr_line' id='line_1_55' title="bbox 151 5051 1703 5129; baseline -0.002 -17"><span class='ocrx_word' id='word_1_742' title='bbox 151 5052 758 5129; x_wconf 67' lang='grc' dir='ltr'><strong>(83)Εεειιιριανὶιιιηεειιᾳιιιιειιειιιιειίἰςιι</strong></span> <span class='ocrx_word' id='word_1_743' title='bbox 769 5054 918 5125; x_wconf 88' lang='lat' dir='ltr'><strong>exemplar.</strong></span> <span class='ocrx_word' id='word_1_744' title='bbox 973 5053 1045 5110; x_wconf 89' lang='lat' dir='ltr'><strong>liano</strong></span> <span class='ocrx_word' id='word_1_745' title='bbox 1061 5053 1204 5126; x_wconf 91' lang='lat' dir='ltr'><strong>indignum</strong></span> <span class='ocrx_word' id='word_1_746' title='bbox 1218 5051 1245 5108; x_wconf 90' lang='lat' dir='ltr'><strong>in</strong></span> <span class='ocrx_word' id='word_1_747' title='bbox 1260 5067 1292 5107; x_wconf 91' lang='lat' dir='ltr'><strong>eo</strong></span> <span class='ocrx_word' id='word_1_748' title='bbox 1307 5068 1413 5124; x_wconf 87' lang='lat' dir='ltr'><strong>semper</strong></span> <span class='ocrx_word' id='word_1_749' title='bbox 1427 5053 1575 5109; x_wconf 88' lang='lat' dir='ltr'><strong>immorari.</strong></span> <span class='ocrx_word' id='word_1_750' title='bbox 1590 5052 1631 5108; x_wconf 85' lang='lat' dir='ltr'><strong>Lai</strong></span> <span class='ocrx_word' id='word_1_751' title='bbox 1654 5053 1703 5109; x_wconf 86' lang='lat' dir='ltr'><strong>Pa.</strong></span> 
     </span>
    </p>

    <p class='ocr_par' dir='ltr' id='par_1_10' title="bbox 112 5122 1772 5344">
     <span class='ocr_line' id='line_1_56' title="bbox 112 5122 1772 5210; baseline -0.002 -27"><span class='ocrx_word' id='word_1_752' title='bbox 112 5127 160 5184; x_wconf 91' lang='lat' dir='ltr'><strong>Sic</strong></span> <span class='ocrx_word' id='word_1_753' title='bbox 173 5126 261 5210; x_wconf 85' lang='lat' dir='ltr'><strong>paulo</strong></span> <span class='ocrx_word' id='word_1_754' title='bbox 278 5133 360 5200; x_wconf 89' lang='lat' dir='ltr'><strong>post:</strong></span> <span class='ocrx_word' id='word_1_755' title='bbox 378 5146 389 5176; x_wconf 85' lang='lat' dir='ltr'><strong>i</strong></span> <span class='ocrx_word' id='word_1_756' title='bbox 412 5124 444 5180; x_wconf 87' lang='lat' dir='ltr'><strong>lit</strong></span> <span class='ocrx_word' id='word_1_757' title='bbox 457 5124 497 5182; x_wconf 85' lang='lat' dir='ltr'><strong>vis</strong></span> <span class='ocrx_word' id='word_1_758' title='bbox 520 5123 632 5182; x_wconf 87' lang='lat' dir='ltr'><strong>meliora</strong></span> <span class='ocrx_word' id='word_1_759' title='bbox 646 5124 812 5181; x_wconf 88' lang='lat' dir='ltr'><strong>deteriorum</strong></span> <span class='ocrx_word' id='word_1_760' title='bbox 825 5140 918 5181; x_wconf 87' lang='lat' dir='ltr'><strong>exem·</strong></span> <span class='ocrx_word' id='word_1_761' title='bbox 1007 5126 1063 5196; x_wconf 78' lang='lat' dir='ltr'><strong>(ab)</strong></span> <span class='ocrx_word' id='word_1_762' title='bbox 1074 5125 1158 5183; x_wconf 86' lang='lat' dir='ltr'><strong>Nemo</strong></span> <span class='ocrx_word' id='word_1_763' title='bbox 1169 5140 1198 5180; x_wconf 85' lang='lat' dir='ltr'><strong>se</strong></span> <span class='ocrx_word' id='word_1_764' title='bbox 1212 5123 1289 5195; x_wconf 85' lang='lat' dir='ltr'><strong>apud</strong></span> <span class='ocrx_word' id='word_1_765' title='bbox 1304 5127 1455 5192; x_wconf 85' lang='lat' dir='ltr'><strong>tonsorem,</strong></span> <span class='ocrx_word' id='word_1_766' title='bbox 1476 5138 1528 5181; x_wconf 91' lang='lat' dir='ltr'><strong>eio.</strong></span> <span class='ocrx_word' id='word_1_767' title='bbox 1544 5122 1588 5180; x_wconf 76' lang='lat' dir='ltr'><strong>dd</strong></span> <span class='ocrx_word' id='word_1_768' title='bbox 1602 5139 1705 5182; x_wconf 86' lang='lat' dir='ltr'><strong>morem</strong></span> <span class='ocrx_word' id='word_1_769' title='bbox 1715 5140 1772 5182; x_wconf 86' lang='lat' dir='ltr'><strong>res·</strong></span> 
     </span>
     <span class='ocr_line' id='line_1_57' title="bbox 112 5194 1772 5272; baseline -0.002 -17"><span class='ocrx_word' id='word_1_770' title='bbox 112 5197 354 5272; x_wconf 69' lang='lat' dir='ltr'><strong>patiemurne.»</strong></span> <span class='ocrx_word' id='word_1_771' title='bbox 374 5197 436 5255; x_wconf 86' lang='lat' dir='ltr'><strong>Non</strong></span> <span class='ocrx_word' id='word_1_772' title='bbox 454 5196 531 5252; x_wconf 90' lang='lat' dir='ltr'><strong>alitor</strong></span> <span class='ocrx_word' id='word_1_773' title='bbox 545 5195 679 5253; x_wconf 83' lang='lat' dir='ltr'><strong>aduersus</strong></span> <span class='ocrx_word' id='word_1_774' title='bbox 707 5197 918 5254; x_wconf 76' lang='lat' dir='ltr'><strong>Valentinianos</strong></span> <span class='ocrx_word' id='word_1_775' title='bbox 973 5196 1045 5269; x_wconf 91' lang='lat' dir='ltr'><strong>picit,</strong></span> <span class='ocrx_word' id='word_1_776' title='bbox 1061 5212 1116 5268; x_wconf 92' lang='lat' dir='ltr'><strong>quo</strong></span> <span class='ocrx_word' id='word_1_777' title='bbox 1140 5197 1251 5267; x_wconf 87' lang='lat' dir='ltr'><strong>speculo</strong></span> <span class='ocrx_word' id='word_1_778' title='bbox 1274 5194 1313 5251; x_wconf 92' lang='lat' dir='ltr'><strong>uti</strong></span> <span class='ocrx_word' id='word_1_779' title='bbox 1331 5195 1419 5252; x_wconf 89' lang='lat' dir='ltr'><strong>solent</strong></span> <span class='ocrx_word' id='word_1_780' title='bbox 1438 5204 1574 5263; x_wconf 85' lang='lat' dir='ltr'><strong>tonsoros;</strong></span> <span class='ocrx_word' id='word_1_781' title='bbox 1601 5211 1663 5252; x_wconf 90' lang='lat' dir='ltr'><strong>nain</strong></span> <span class='ocrx_word' id='word_1_782' title='bbox 1683 5203 1710 5253; x_wconf 91' lang='grc' dir='ltr'><strong>ει</strong></span> <span class='ocrx_word' id='word_1_783' title='bbox 1723 5197 1772 5253; x_wconf 85' lang='lat' dir='ltr'><strong>nd·</strong></span> 
     </span>
     <span class='ocr_line' id='line_1_58' title="bbox 113 5264 1771 5344; baseline -0.003 -17"><span class='ocrx_word' id='word_1_784' title='bbox 113 5279 229 5344; x_wconf 80' lang='lat' dir='ltr'><strong>usorpat</strong></span> <span class='ocrx_word' id='word_1_785' title='bbox 247 5267 409 5344; x_wconf 86' lang='lat' dir='ltr'><strong>sigillarium</strong></span> <span class='ocrx_word' id='word_1_786' title='bbox 426 5281 475 5340; x_wconf 87' lang='lat' dir='ltr'><strong>pro</strong></span> <span class='ocrx_word' id='word_1_787' title='bbox 492 5266 620 5342; x_wconf 84' lang='lat' dir='ltr'><strong>sigillari.</strong></span> <span class='ocrx_word' id='word_1_788' title='bbox 636 5264 700 5326; x_wconf 77' lang='lat' dir='ltr'><strong>nie.</strong></span> <span class='ocrx_word' id='word_1_789' title='bbox 972 5268 1022 5334; x_wconf 86' lang='lat' dir='ltr'><strong>dit,</strong></span> <span class='ocrx_word' id='word_1_790' title='bbox 1037 5276 1066 5324; x_wconf 90' lang='grc' dir='ltr'><strong>ιιι</strong></span> <span class='ocrx_word' id='word_1_791' title='bbox 1080 5269 1219 5339; x_wconf 88' lang='lat' dir='ltr'><strong>speculum</strong></span> <span class='ocrx_word' id='word_1_792' title='bbox 1233 5266 1267 5322; x_wconf 87' lang='lat' dir='ltr'><strong>sit</strong></span> <span class='ocrx_word' id='word_1_793' title='bbox 1280 5269 1404 5325; x_wconf 81' lang='lat' dir='ltr'><strong>muudus</strong></span> <span class='ocrx_word' id='word_1_794' title='bbox 1430 5269 1577 5334; x_wconf 76' lang='lat' dir='ltr'><strong>materie,</strong></span> <span class='ocrx_word' id='word_1_795' title='bbox 1592 5283 1676 5339; x_wconf 90' lang='lat' dir='ltr'><strong>aquo</strong></span> <span class='ocrx_word' id='word_1_796' title='bbox 1690 5269 1771 5324; x_wconf 88' lang='lat' dir='ltr'><strong>etiam</strong></span> 
     </span>
    </p>

    <p class='ocr_par' dir='ltr' id='par_1_11' title="bbox 117 5337 1773 5699">
     <span class='ocr_line' id='line_1_59' title="bbox 149 5337 1772 5415; baseline -0.002 -17"><span class='ocrx_word' id='word_1_797' title='bbox 149 5344 209 5414; x_wconf 74' lang='lat' dir='ltr'><strong>(odi</strong></span> <span class='ocrx_word' id='word_1_798' title='bbox 224 5339 441 5415; x_wconf 77' lang='lat' dir='ltr'><strong>dispartibilem</strong></span> <span class='ocrx_word' id='word_1_799' title='bbox 453 5354 516 5398; x_wconf 85' lang='lat' dir='ltr'><strong>eam</strong></span> <span class='ocrx_word' id='word_1_800' title='bbox 527 5338 689 5397; x_wconf 82' lang='lat' dir='ltr'><strong>ostendunt.</strong></span> <span class='ocrx_word' id='word_1_801' title='bbox 704 5337 762 5394; x_wconf 86' lang='lat' dir='ltr'><strong>linc</strong></span> <span class='ocrx_word' id='word_1_802' title='bbox 777 5345 819 5396; x_wconf 85' lang='lat' dir='ltr'><strong>est</strong></span> <span class='ocrx_word' id='word_1_803' title='bbox 829 5337 920 5396; x_wconf 86' lang='lat' dir='ltr'><strong>divisi·</strong></span> <span class='ocrx_word' id='word_1_804' title='bbox 973 5355 1072 5397; x_wconf 88' lang='lat' dir='ltr'><strong>novam</strong></span> <span class='ocrx_word' id='word_1_805' title='bbox 1087 5355 1192 5406; x_wconf 83' lang='lat' dir='ltr'><strong>rocem,</strong></span> <span class='ocrx_word' id='word_1_806' title='bbox 1217 5341 1375 5410; x_wconf 78' lang='lat' dir='ltr'><strong>speciatum</strong></span> <span class='ocrx_word' id='word_1_807' title='bbox 1393 5339 1523 5398; x_wconf 83' lang='lat' dir='ltr'><strong>derivarit</strong></span> <span class='ocrx_word' id='word_1_808' title='bbox 1549 5347 1651 5407; x_wconf 89' lang='lat' dir='ltr'><strong>auctor,</strong></span> <span class='ocrx_word' id='word_1_809' title='bbox 1675 5353 1725 5408; x_wconf 90' lang='lat' dir='ltr'><strong>pro</strong></span> <span class='ocrx_word' id='word_1_810' title='bbox 1738 5349 1772 5392; x_wconf 82' lang='lat' dir='ltr'><strong>co</strong></span> 
     </span>
     <span class='ocr_line' id='line_1_60' title="bbox 118 5409 1771 5487; baseline -0.005 -16"><span class='ocrx_word' id='word_1_811' title='bbox 118 5412 212 5487; x_wconf 87' lang='lat' dir='ltr'><strong>bilem,</strong></span> <span class='ocrx_word' id='word_1_812' title='bbox 236 5413 311 5487; x_wconf 92' lang='lat' dir='ltr'><strong>qnod</strong></span> <span class='ocrx_word' id='word_1_813' title='bbox 337 5420 427 5468; x_wconf 82' lang='grc' dir='ltr'><strong>ιειιιειι</strong></span> <span class='ocrx_word' id='word_1_814' title='bbox 450 5426 513 5467; x_wconf 90' lang='lat' dir='ltr'><strong>cuin</strong></span> <span class='ocrx_word' id='word_1_815' title='bbox 538 5409 725 5480; x_wconf 87' lang='lat' dir='ltr'><strong>superioribus</strong></span> <span class='ocrx_word' id='word_1_816' title='bbox 742 5409 920 5486; x_wconf 77' lang='lat' dir='ltr'><strong>Hermogenis</strong></span> <span class='ocrx_word' id='word_1_817' title='bbox 974 5412 1048 5484; x_wconf 90' lang='lat' dir='ltr'><strong>qnod</strong></span> <span class='ocrx_word' id='word_1_818' title='bbox 1065 5412 1091 5466; x_wconf 89' lang='lat' dir='ltr'><strong>in</strong></span> <span class='ocrx_word' id='word_1_819' title='bbox 1106 5411 1245 5484; x_wconf 84' lang='lat' dir='ltr'><strong>speculas</strong></span> <span class='ocrx_word' id='word_1_820' title='bbox 1265 5413 1384 5469; x_wconf 86' lang='lat' dir='ltr'><strong>ecioaum</strong></span> <span class='ocrx_word' id='word_1_821' title='bbox 1398 5419 1529 5482; x_wconf 87' lang='lat' dir='ltr'><strong>apparet:</strong></span> <span class='ocrx_word' id='word_1_822' title='bbox 1548 5430 1560 5460; x_wconf 88' lang='lat' dir='ltr'><strong>i</strong></span> <span class='ocrx_word' id='word_1_823' title='bbox 1577 5409 1643 5463; x_wconf 89' lang='lat' dir='ltr'><strong>Nam</strong></span> <span class='ocrx_word' id='word_1_824' title='bbox 1664 5419 1690 5461; x_wconf 91' lang='grc' dir='ltr'><strong>ει</strong></span> <span class='ocrx_word' id='word_1_825' title='bbox 1705 5423 1771 5478; x_wconf 88' lang='lat' dir='ltr'><strong>ape·</strong></span> 
     </span>
     <span class='ocr_line' id='line_1_61' title="bbox 117 5476 1773 5558; baseline -0.004 -18"><span class='ocrx_word' id='word_1_826' title='bbox 117 5481 434 5558; x_wconf 81' lang='lat' dir='ltr'><strong>serbisnoneongruit.</strong></span> <span class='ocrx_word' id='word_1_827' title='bbox 461 5481 574 5539; x_wconf 88' lang='lat' dir='ltr'><strong>Dicebat</strong></span> <span class='ocrx_word' id='word_1_828' title='bbox 588 5482 661 5536; x_wconf 88' lang='lat' dir='ltr'><strong>enim</strong></span> <span class='ocrx_word' id='word_1_829' title='bbox 673 5480 761 5538; x_wconf 88' lang='lat' dir='ltr'><strong>Deum</strong></span> <span class='ocrx_word' id='word_1_830' title='bbox 781 5482 920 5539; x_wconf 87' lang='lat' dir='ltr'><strong>materiam</strong></span> <span class='ocrx_word' id='word_1_831' title='bbox 974 5483 1103 5549; x_wconf 74' lang='lat' dir='ltr'><strong>culum»</strong></span> <span class='ocrx_word' id='word_1_832' title='bbox 1128 5480 1215 5555; x_wconf 90' lang='lat' dir='ltr'><strong>inquit</strong></span> <span class='ocrx_word' id='word_1_833' title='bbox 1252 5497 1314 5539; x_wconf 88' lang='lat' dir='ltr'><strong>arro</strong></span> <span class='ocrx_word' id='word_1_834' title='bbox 1337 5482 1371 5538; x_wconf 92' lang='lat' dir='ltr'><strong>de</strong></span> <span class='ocrx_word' id='word_1_835' title='bbox 1395 5481 1461 5553; x_wconf 91' lang='lat' dir='ltr'><strong>ling.</strong></span> <span class='ocrx_word' id='word_1_836' title='bbox 1490 5481 1549 5537; x_wconf 86' lang='lat' dir='ltr'><strong>Lat.</strong></span> <span class='ocrx_word' id='word_1_837' title='bbox 1578 5476 1626 5533; x_wconf 88' lang='lat' dir='ltr'><strong>lib.</strong></span> <span class='ocrx_word' id='word_1_838' title='bbox 1655 5476 1701 5544; x_wconf 81' lang='lat' dir='ltr'><strong>lv,</strong></span> <span class='ocrx_word' id='word_1_839' title='bbox 1728 5494 1773 5536; x_wconf 82' lang='lat' dir='ltr'><strong>«a</strong></span> 
     </span>
     <span class='ocr_line' id='line_1_62' title="bbox 119 5550 1542 5631; baseline -0.004 -19"><span class='ocrx_word' id='word_1_840' title='bbox 119 5570 154 5613; x_wconf 83' lang='lat' dir='ltr'><strong>ex</strong></span> <span class='ocrx_word' id='word_1_841' title='bbox 166 5556 258 5631; x_wconf 87' lang='lat' dir='ltr'><strong>seipso</strong></span> <span class='ocrx_word' id='word_1_842' title='bbox 277 5555 375 5625; x_wconf 78' lang='lat' dir='ltr'><strong>fnisse,</strong></span> <span class='ocrx_word' id='word_1_843' title='bbox 395 5553 441 5624; x_wconf 91' lang='lat' dir='ltr'><strong>qui</strong></span> <span class='ocrx_word' id='word_1_844' title='bbox 465 5563 554 5608; x_wconf 83' lang='lat' dir='ltr'><strong>umen</strong></span> <span class='ocrx_word' id='word_1_845' title='bbox 574 5559 693 5609; x_wconf 86' lang='lat' dir='ltr'><strong>aeternus</strong></span> <span class='ocrx_word' id='word_1_846' title='bbox 706 5563 763 5609; x_wconf 85' lang='lat' dir='ltr'><strong>erat</strong></span> <span class='ocrx_word' id='word_1_847' title='bbox 777 5561 804 5610; x_wconf 90' lang='lat' dir='ltr'><strong>et</strong></span> <span class='ocrx_word' id='word_1_848' title='bbox 818 5550 919 5610; x_wconf 81' lang='lat' dir='ltr'><strong>indixi·</strong></span> <span class='ocrx_word' id='word_1_849' title='bbox 974 5551 1132 5631; x_wconf 82' lang='lat' dir='ltr'><strong>spaciendo,</strong></span> <span class='ocrx_word' id='word_1_850' title='bbox 1149 5552 1221 5625; x_wconf 91' lang='lat' dir='ltr'><strong>quod</strong></span> <span class='ocrx_word' id='word_1_851' title='bbox 1239 5551 1276 5608; x_wconf 94' lang='lat' dir='ltr'><strong>ibi</strong></span> <span class='ocrx_word' id='word_1_852' title='bbox 1291 5557 1423 5626; x_wconf 86' lang='lat' dir='ltr'><strong>spectant.</strong></span> <span class='ocrx_word' id='word_1_853' title='bbox 1443 5572 1454 5602; x_wconf 85' lang='lat' dir='ltr'><strong>i</strong></span> <span class='ocrx_word' id='word_1_854' title='bbox 1471 5551 1542 5607; x_wconf 84' lang='lat' dir='ltr'><strong>Piri.</strong></span> 
     </span>
     <span class='ocr_line' id='line_1_63' title="bbox 118 5623 921 5699; baseline -0.006 -14"><span class='ocrx_word' id='word_1_855' title='bbox 118 5627 222 5699; x_wconf 80' lang='lat' dir='ltr'><strong>sibilis3</strong></span> <span class='ocrx_word' id='word_1_856' title='bbox 241 5643 314 5689; x_wconf 91' lang='lat' dir='ltr'><strong>nunc</strong></span> <span class='ocrx_word' id='word_1_857' title='bbox 342 5639 411 5686; x_wconf 83' lang='lat' dir='ltr'><strong>uero</strong></span> <span class='ocrx_word' id='word_1_858' title='bbox 440 5624 580 5682; x_wconf 88' lang='lat' dir='ltr'><strong>materiam</strong></span> <span class='ocrx_word' id='word_1_859' title='bbox 600 5623 674 5681; x_wconf 88' lang='lat' dir='ltr'><strong>illam</strong></span> <span class='ocrx_word' id='word_1_860' title='bbox 693 5623 853 5684; x_wconf 83' lang='lat' dir='ltr'><strong>divisibilem</strong></span> <span class='ocrx_word' id='word_1_861' title='bbox 868 5639 921 5697; x_wconf 92' lang='lat' dir='ltr'><strong>pu-</strong></span> 
     </span>
    </p>
   </div>
   <div class='ocr_carea' id='block_1_9' title="bbox 0 0 1950 6132">
    <p class='ocr_par' dir='ltr' id='par_1_12' title="bbox 0 0 1950 6132">
     <span class='ocr_line' id='line_1_64' title="bbox 0 0 1950 6132; baseline 0 0"><span class='ocrx_word' id='word_1_862' title='bbox 0 0 1950 6132; x_wconf 95' lang='lat' dir='ltr'><strong> </strong></span> 
     </span>
    </p>
   </div>
  </div>
 </body>
</html>
