3840 6134
87 282 137 352 lot
683 285 745 350 tto.
765 285 802 350 lll
821 285 898 350 hol.
923 284 1130 355 MARCIONEM.
1682 294 1735 367 318

83 412 703 485 etdeeorntbasarriearnio³³humilitatem
715 416 878 490 deapieihns
895 430 919 512 fl
934 421 1149 486 Filinsrnenses
1161 429 1252 500 tmepa
1264 422 1484 501 iodiepeneraoi
1495 433 1533 489 te.
1544 429 1735 491 Ροιιιιιοιὶο32

83 507 185 566 scilicet
199 507 297 576 crucis,
321 517 352 565 ιιι
373 524 455 584 snpra
474 510 651 568 ostendimus.
668 508 751 579 Quam
772 524 880 567 crucem
935 514 1273 592 me,etrtabotiiipentes
1285 514 1481 577 haeredilatem
1491 523 1583 591 mam,
1595 525 1735 595 elposses·

83 597 206 670 oecipse
218 597 417 669 Davidpassus
432 597 880 670 est,neculiusrexlodaeorum;
935 605 1042 660 sionem
1066 609 1147 663 tna-m
1162 608 1299 665 terminas
1328 613 1423 666 terrea.
1448 608 1506 664 Nee
1522 611 1625 680 poteris
1644 611 1734 685 magis

82 704 115 744 oe
144 697 225 759 putes
251 687 365 745 alterius
391 687 505 759 aiicujus
531 689 686 762 prophetari
715 688 879 759 passionem,
935 690 1019 749 Dauid
1039 693 1122 750 lilium
1142 713 1203 752 eum
1221 697 1255 761 ³³,
1290 696 1436 762 vindicare,
1465 713 1545 769 quam
1570 699 1730 773 Christum3

81 776 331 851 quamejus³⁶qui
348 776 798 850 solusapopulotaminsigniter
816 793 880 834 cru·
934 792 980 837 aut
1006 783 1137 841 terminos
1161 795 1239 843 terrae
1263 785 1349 844 David
1378 786 1467 858 potius
1491 787 1651 857 promissos,
1683 789 1732 860 qui

79 863 178 923 elfinus
193 872 246 922 est.
261 866 339 923 Nunc
354 866 417 922 etsi
437 883 530 924 omues
554 867 619 923 istas
641 867 881 939 interpretationes
935 869 1003 925 intra
1035 872 1142 928 unicam
1166 874 1326 931 iudeorum
1355 880 1466 946 gentem
1494 875 1627 948 regnavit,
1651 892 1733 948 qnam

80 955 217 1026 respuerit
244 961 272 1009 et
295 955 412 1012 irriserit
440 956 569 1013 haeretica
597 957 707 1025 duritia,
733 956 880 1012 concedam
935 958 1052 1027 Christo,
1078 962 1123 1033 qui
1148 970 1232 1018 totum
1246 964 1300 1034 iam
1312 963 1405 1019 orbem
1419 963 1555 1037 Evangelii
1573 962 1614 1018 sui
1629 963 1682 1019 irdo
1692 981 1735 1021 ce·

79 1042 237 1121 iliinullam
252 1044 353 1101 Christi
378 1061 488 1103 crucem
511 1046 693 1119 significatam
713 1047 736 1085 ²³
761 1063 776 1100 a
800 1045 882 1102 Crea·
936 1048 984 1119 pit.
1001 1048 1085 1105 Sicet
1105 1066 1154 1123 per
1173 1051 1269 1107 isaiam
1288 1052 1369 1125 (narr,
1401 1054 1427 1117 d,
1447 1054 1501 1122 ἰιι
1527 1055 1596 1109 Ecce
1617 1051 1681 1109 detti
1707 1057 1734 1112 te

79 1140 137 1190 tore
153 1132 242 1205 :quia
257 1150 308 1191 nec
320 1149 352 1190 ax
367 1135 420 1192 hoc
434 1135 559 1208 probabit
573 1136 654 1193 alium
677 1134 797 1207 assequi
813 1151 880 1192 cru·
936 1138 966 1192 in
977 1138 1186 1210 dispositionem
1196 1143 1306 1212 panaris
1320 1142 1418 1206 ntei³³‚
1434 1143 1466 1197 in
1477 1141 1569 1198 lacem
1580 1141 1734 1198 nationum

78 1220 175 1279 cilixus
190 1230 244 1291 est,
260 1222 311 1278 nisi
327 1223 395 1280 torte
409 1223 558 1282 ostenderit
571 1226 643 1282 hunc
665 1225 766 1280 exitum
791 1225 852 1294 ejus
866 1239 882 1279 a
936 1226 1047 1298 aperire
1061 1229 1312 1295 oculascrecorrnn,
1329 1229 1419 1300 ntique
1430 1228 1593 1299 errantium3
1607 1230 1736 1288 exsolue-

79 1326 128 1367 suo
143 1312 203 1367 Deo
229 1312 422 1384 praedicatum3
445 1322 476 1372 ιιι
499 1314 642 1375 diversitas
666 1314 831 1386 passionum,
848 1328 881 1369 ac
936 1332 966 1372 re
986 1316 1019 1374 de
1038 1318 1159 1374 vinantis
1186 1319 1302 1384 uteretur,
1320 1318 1401 1375 idest
1424 1318 1457 1373 de
1477 1316 1583 1373 delictis
1602 1319 1734 1387 liberaum

78 1416 127 1472 per
139 1401 195 1456 hoc
207 1401 289 1455 etiarn
306 1417 494 1473 personarum,
518 1420 551 1460 ex
574 1402 732 1461 diversitate
747 1400 881 1475 praediea·
934 1406 963 1459 et
977 1404 1010 1461 de
1019 1405 1092 1461 cella
1105 1408 1237 1474 carceris,
1247 1406 1273 1462 id
1286 1414 1326 1463 est
1336 1406 1446 1467 mortis:
1458 1405 1586 1462 scderrtes
1596 1406 1629 1461 in
1647 1410 1731 1462 tene-

79 1488 185 1545 tionum
200 1488 362 1548 vindicetur.
379 1491 521 1565 Caeterum,
547 1507 597 1547 nec
621 1491 681 1562 ipso
701 1491 809 1547 Christo
823 1490 881 1559 ejus
936 1491 1001 1557 brr's,
1017 1494 1177 1565 ignorantiae
1190 1494 1302 1551 scilicet.
1317 1495 1384 1566 Quae
1403 1492 1426 1549 si
1448 1509 1494 1564 par
1519 1494 1655 1549 Christum
1671 1510 1734 1549 ere·

78 1578 237 1651 praedicato,
268 1580 368 1635 nedum
395 1596 474 1637 cruce
494 1580 589 1653 ipsius,
614 1580 715 1637 sulficit
736 1579 765 1634 iu
789 1594 880 1636 mcum
937 1579 1092 1648 uiuut,n0n
1117 1581 1145 1636 in
1166 1582 1249 1638 aliurn
1276 1593 1358 1640 erunt
1384 1584 1552 1653 prophetam,
1584 1596 1666 1654 quarn
1686 1598 1734 1652 per

79 1666 219 1725 Christum
245 1668 334 1726 solius
360 1670 456 1726 martis
484 1672 636 1743 prophetia.
660 1672 699 1725 Es
732 1671 782 1726 hoa
810 1669 880 1724 enim
936 1686 1014 1742 (poem
1045 1671 1179 1728 eveniunt.
1206 1674 1274 1728 item
1302 1673 1364 1728 alibi
1403 1673 1470 1743 (isa.
1500 1689 1545 1738 nv,
1578 1673 1603 1741 l)
1628 1690 1635 1730 :
1664 1675 1734 1730 Eece

80 1756 155 1831 quod
175 1774 230 1814 non
253 1766 295 1815 est
313 1758 386 1815 edita
403 1758 518 1832 qualitas
546 1760 650 1829 mortis,
675 1759 764 1831 potuit
782 1765 809 1814 et
834 1773 883 1829 per
898 1715 921 1794 B
937 1761 1133 1819 testimoniam
1150 1777 1216 1819 carn
1231 1763 1396 1819 nationibus
1410 1763 1501 1835 paoni,
1523 1763 1684 1834 principem
1704 1767 1732 1819 ct

83 1862 192 1903 crucem
211 1848 343 1917 evenisse,
360 1857 422 1906 tune
450 1848 494 1903 alii
518 1849 682 1923 deputanda,
698 1845 783 1905 319
806 1846 829 1902 si
855 1848 882 1902 in
936 1850 1128 1921 inoperantem
1140 1848 1628 1922 mtonroemvononesttooqua
1640 1855 1732 1908 tenen

88 1935 172 1992 alium
192 1935 282 1994 luisset
303 1939 491 2010 praedicatum,
513 1940 565 1996 nisi
581 1941 602 1995 si
618 1954 669 1994 nec
682 1946 797 1995 mortem
813 1936 883 1992 volet
936 1939 1043 2007 sciant,
1057 1938 1228 1996 invocabant
1249 1945 1284 2003 tr,
1300 1946 1328 1997 et
1341 1940 1441 2017 papali
1458 1940 1624 2010 eorrsuptent
1639 1939 1675 1994 od
1695 1943 1731 1995 te.

87 2020 189 2078 Christi
203 2023 252 2080 mei
274 2027 482 2096 prophetatam
500 2043 553 2101 quo
577 2027 665 2100 magis
688 2027 840 2089 erubescat,
858 2022 881 2078 sl
936 2028 994 2082 Nec
1013 2027 1082 2084 enim
1104 2029 1162 2086 haec
1184 2030 1211 2085 in
1230 2029 1316 2085 David
1337 2028 1566 2101 interpretaberis,
1583 2026 1646 2098 quia
1663 2043 1731 2099 prae-

81 2128 165 2168 suum
189 2112 299 2187 quidem
322 2115 457 2172 Christum
480 2127 615 2173 mortuum
638 2115 786 2182 annuntiat,
802 2127 883 2186 quern
937 2115 1029 2172 misit:
1046 2119 1081 2173 Et
1097 2118 1242 2193 disponam
1256 2118 1330 2175 uobis
1347 2118 1559 2192 dispositionem
1580 2121 1730 2179 eternam,

79 2210 166 2274 negat
183 2210 302 2258 natum:
328 2220 417 2260 meum
438 2218 502 2263 vero
525 2206 665 2262 mortalem
689 2214 780 2279 negat,
802 2217 882 2274 quem
937 2206 1068 2278 relipioso
1087 2211 1115 2265 et
1128 2208 1329 2279 fideliallaoid.
1346 2206 1447 2278 Atquin
1467 2206 1529 2263 iiiuc
1547 2205 1635 2279 magis
1658 2203 1735 2263 Chri·

80 2290 241 2347 nascihiiem
256 2292 409 2349 confitetor.
425 2293 458 2347 Et
474 2302 588 2350 mortem
611 2302 700 2351 autem
716 2302 743 2349 et
759 2291 882 2363 sepultu-
937 2301 1007 2347 stum
1023 2294 1175 2370 intelligere
1188 2294 1302 2353 debebis
1320 2312 1352 2353 ex
1372 2295 1457 2351 David
1481 2295 1639 2366 deputatum
1667 2306 1733 2349 aar·

79 2394 139 2433 ram
155 2386 183 2435 et
207 2381 434 2438 resurrectionem
457 2382 556 2440 Christi
572 2383 637 2447 mei,
655 2400 707 2439 uuo
721 2397 785 2438 uoce
805 2379 883 2435 isaiae
937 2381 990 2437 nali
1014 2398 1125 2455 genere,
1148 2385 1183 2440 ob
1207 2384 1297 2441 llarire
1321 2383 1433 2458 virginis
1461 2398 1588 2448 censum;
1619 2381 1654 2437 de
1682 2381 1735 2438 hoc

79 2468 143 2524 valo
165 2470 319 2536 ostendere,
336 2470 449 2527 dicentis
472 2472 537 2543 (lor.
563 2489 642 2540 uvrrr,
658 2475 706 2543 ii:
728 2472 883 2546 Sepultura
938 2471 1008 2526 enim
1023 2473 1279 2545 promissojuratur
1292 2474 1319 2528 in
1336 2473 1438 2544 psalmo
1452 2473 1539 2544 (Paul.
1569 2486 1669 2538 cxxxi,
1687 2472 1732 2538 ιι)

79 2558 267 2627 ejursailata
282 2561 315 2618 ele
329 2561 487 2619 mediaest.
504 2561 562 2618 Nee
576 2562 697 2632 sepultus
712 2562 782 2616 enirn
798 2569 880 2627 esset,
938 2561 969 2615 ad
983 2560 1067 2616 David
1084 2578 1090 2615 :
1109 2565 1152 2619 Ea
1175 2564 1277 2633 fracto
1294 2565 1404 2622 uentris
1423 2564 1467 2620 tui
1487 2560 1625 2620 collocabo
1649 2573 1733 2631 snper

80 2646 133 2701 nisi
148 2656 292 2714 mortuum
306 2664 356 2705 nec
368 2650 505 2720 sepultura
527 2650 586 2721 ejus
610 2649 714 2705 sublata
727 2649 761 2707 de
779 2651 880 2719 madio,
939 2648 1074 2708 tirrenum
1090 2654 1185 2708 team.
1201 2650 1271 2721 Quis
1285 2650 1336 2706 iste
1346 2656 1442 2708 venter
1456 2652 1521 2706 esti
1532 2649 1617 2720 ipsius
1627 2645 1732 2703 Doridi

81 2735 200 2806 nisiper
224 2739 455 2794 resurrectionem.
471 2740 593 2811 Denique
609 2739 723 2810 subiecit
739 2741 806 2809 (loa.
823 2755 881 2808 orti,
937 2735 1035 2812 Utique
1058 2756 1130 2806 non;
1158 2756 1247 2812 neque
1278 2739 1351 2795 enirn
1380 2738 1515 2808 pariturus
1537 2744 1608 2792 esset
1634 2734 1729 2791 Dauid.

84 2827 150 2896 l2):
181 2827 336 2898 Propterea
351 2829 411 2900 ipse
424 2830 531 2887 nrnltos
551 2830 714 2888 hereditati
727 2828 838 2886 babebit
856 2834 883 2888 et
937 2826 990 2883 Sed
1005 2843 1056 2884 nec
1070 2829 1162 2885 uxoris
1176 2831 1255 2900 ejus,
1273 2842 1327 2885 nou
1351 2828 1424 2884 enim
1453 2825 1581 2881 dixisset:
1607 2824 1729 2891 Extra-

84 2915 244 2971 maltorum
265 2914 372 2973 diuidet
387 2919 487 2991 spolia.
503 2918 572 2989 Quis
591 2919 663 2974 enirn
678 2919 756 2988 alius,
773 2917 823 2972 nisi
837 2917 882 2989 qui
899 2892 983 2974 cata
1001 2921 1109 2976 rientris
1121 2920 1167 2976 tari
1178 2937 1184 2974 :
1196 2920 1243 2975 sed
1258 2919 1359 2989 potius,
1375 2940 1386 2969 ι
1400 2918 1438 2973 Ex
1449 2917 1538 2973 fructu
1550 2911 1730 2970 ventrisuxo·

86 3008 228 3065 natusest,
242 3010 270 3058 ut
285 3019 366 3074 supra
382 3006 571 3062 ostendimus?
584 3010 638 3065 Pro
653 3024 684 3067 eo
699 3008 773 3081 qnod
794 3008 884 3064 trodi-
936 3005 973 3060 ris
992 3012 1057 3062 tuae.
1074 3030 1085 3058 o
1107 3009 1194 3080 lpsius
1209 3023 1274 3083 ergo
1289 3007 1314 3047 ³⁵
1327 3006 1444 3064 dicendo
1463 3014 1596 3071 ventrem,
1608 3005 1732 3074 superest

94 3093 180 3145 tuest
202 3092 296 3148 ooinra
320 3095 382 3164 ejus
404 3096 436 3150 in
458 3099 589 3153 mortem.
605 3095 723 3153 Ostensa
747 3099 790 3151 est
809 3096 882 3151 euim
935 3102 967 3149 ut
979 3093 1095 3166 aliquem
1107 3094 1141 3151 de
1155 3111 1251 3168 genere
1275 3097 1335 3165 ejus
1355 3094 1514 3159 ostenderit,
1530 3093 1610 3162 cujus
1631 3087 1732 3149 uentris

91 3191 174 3232 causa
186 3179 378 3252 qratiaehuJus,
403 3199 452 3256 pro
475 3183 574 3256 injuria
597 3185 701 3243 scilicet
724 3185 821 3241 mortis
841 3201 882 3242 re·
935 3181 1128 3239 tutarnsesset
1149 3183 1254 3239 fructus
1282 3198 1344 3237 coro
1372 3180 1483 3247 Christi,
1513 3196 1574 3251 quae
1601 3193 1635 3233 ex
1653 3186 1731 3232 utero

87 3265 254 3331 pensandae:
275 3270 377 3340 pariter
391 3277 530 3327 ostensum
545 3281 595 3342 est,
612 3275 669 3330 hara
682 3272 757 3329 illum
772 3280 882 3345 propter
935 3270 1025 3324 ilariae
1043 3269 1142 3325 floruit.
1167 3269 1284 3343 ideoque
1307 3277 1334 3325 et
1362 3269 1476 3324 lructum
1501 3263 1604 3324 ventus
1626 3270 1730 3319 tanturn

85 3362 200 3409 mortem
218 3369 425 3415 consecuturum
448 3362 482 3431 ²³,
505 3370 566 3434 post
588 3369 702 3419 mortem
716 3361 811 3434 utique
833 3376 881 3433 per
935 3357 1092 3429 nominarit,
1107 3365 1137 3414 ut
1151 3357 1259 3429 proprie
1273 3357 1390 3427 uentris3
1411 3355 1487 3427 quasi
1511 3353 1595 3409 solius
1616 3348 1729 3411 uentris,

83 3443 307 3504 resurrectionem
321 3459 527 3505 consecuturum
542 3451 578 3503 ²³.
935 3460 989 3501 non
1008 3447 1086 3502 etiam
1102 3446 1153 3505 rirl
1169 3464 1175 3504 :
1193 3454 1218 3501 et
1233 3447 1322 3519 ipsum
1341 3453 1464 3502 uentrem
1487 3444 1523 3500 ad
1541 3439 1626 3498 David
1648 3435 1730 3495 rede·

386 3537 497 3595 CAPUT
515 3539 579 3595 XX.
935 3534 985 3605 git,
999 3535 1032 3590 ad
1047 3534 1197 3607 principem
1211 3535 1332 3608 generis,
1353 3544 1380 3591 et
1393 3532 1501 3590 familiae
1524 3538 1638 3603 patrem.
1662 3526 1729 3582 Nam

121 3619 226 3678 Sufficit
249 3624 391 3698 hucusque
405 3626 439 3683 de
454 3628 498 3684 his
512 3627 619 3684 interim
635 3627 756 3685 ordinem
780 3628 881 3684 Christi
934 3625 998 3696 quia
1016 3625 1075 3681 viro
1098 3626 1226 3697 deputare
1240 3639 1295 3681 non
1318 3631 1421 3696 poterat
1439 3620 1552 3692 uirginis
1574 3633 1636 3675 eum
1663 3631 1731 3672 ven·

87 3707 281 3779 decucurrisse,
305 3729 358 3789 quo
383 3715 426 3769 tali
453 3717 581 3789 probatus
605 3715 719 3790 qualiter
738 3717 882 3773 annuntia·
935 3722 1003 3770 trem
1017 3715 1052 3779 ³⁶,
1072 3712 1140 3786 patri
1165 3712 1311 3785 deputarit.
1327 3714 1376 3778 lta,
1400 3728 1461 3783 quaa
1483 3711 1511 3766 iu
1525 3708 1634 3765 Christo
1661 3718 1731 3762 novo

88 3794 174 3865 batur,
192 3816 248 3855 non
271 3803 343 3861 alins
364 3803 455 3860 haberi
478 3804 584 3876 debeat,
600 3820 681 3879 quam
696 3807 741 3877 qui
757 3805 818 3861 talis
832 3822 882 3861 au·
934 3803 1076 3877 dispositio
1103 3802 1239 3859 inuenitur
1279 3800 1370 3871 hodie,
1399 3802 1458 3857 haec
1481 3800 1532 3857 erit
1557 3812 1639 3869 quam
1668 3804 1732 3851 tuuc

90 3887 272 3963 nuntiabatur3
301 3901 331 3948 ut
356 3893 410 3964 jam
439 3909 472 3950 ex
505 3893 558 3950 ista
584 3894 759 3952 consonantia
789 3910 881 3952 rerum
935 3894 1045 3949 Creator
1068 3891 1265 3965 pollicebatur3
1302 3890 1430 3961 religiosa
1457 3897 1485 3945 et
1516 3886 1605 3943 odaria
1634 3882 1730 3954 David,

93 3975 155 4042 eiua,
179 3987 205 4034 et
228 3979 430 4050 scripturarum
452 3981 599 4052 Creatoris,
624 3983 679 4038 illis
696 3984 776 4039 etiarn
804 3984 882 4041 resti·
932 3987 989 4056 jam
1017 3991 1109 4037 sancta
1137 3978 1280 4053 religione,
1304 3987 1332 4035 et
1358 3977 1445 4033 fidelis
1468 3993 1502 4032 en
1520 3972 1728 4031 resurrectione.

94 4065 185 4120 tuenda
198 4067 232 4121 sit
256 4067 326 4123 tides
342 4086 373 4125 ex
388 4073 549 4145 praejudicio
571 4072 681 4142 majoris
705 4077 798 4143 partis,
821 4092 881 4148 qnae
934 4074 1002 4129 Nam
1017 4078 1043 4125 et
1057 4068 1161 4123 Nathan
1175 4069 1307 4137 propheta
1331 4067 1358 4121 ln
1381 4064 1500 4121 secundo
1519 4064 1543 4102 ³³
1561 4061 1729 4121 basiliarum,

94 4151 124 4203 ad
146 4152 264 4211 diuersas
287 4159 434 4215 sententias
457 4161 498 4218 vel
514 4161 540 4216 in
565 4159 675 4217 dubium
699 4161 879 4230 deducuntur,
935 4157 1131 4233 professionem
1142 4155 1176 4211 ad
1192 4156 1276 4211 David
1286 4153 1350 4211 lacit
1367 4172 1374 4209 :
1390 4154 1500 4211 Semini
1508 4156 1570 4225 ejns
1580 4151 1653 4224 quod
1662 4149 1719 4207 erl'l
1723 4192 1730 4214 ι

95 4239 132 4293 rel
144 4252 289 4314 negantur.
308 4247 434 4318 Amplius
447 4264 519 4305 nuuc
536 4251 750 4321 superstruimus
764 4267 795 4308 ea
810 4266 880 4323 quo-
935 4249 1030 4320 inquit,
1042 4264 1078 4303 ec
1093 4249 1191 4302 tranire
1206 4245 1296 4317 ipsi-ae
1317 4244 1342 4281 ³³
1366 4242 1480 4315 (llReg.
1496 4258 1546 4305 vn,
1565 4243 1620 4312 ιι).
1641 4238 1731 4294 lloesi

96 4341 143 4395 qua
164 4334 238 4403 paria
266 4350 301 4389 ex
328 4334 472 4407 scripturis
499 4338 647 4406 Creatoris,
674 4354 789 4412 quaeque
819 4349 881 4408 post
935 4339 962 4393 in
990 4336 1163 4393 Salomonem
1191 4332 1348 4404 simpliciter
1374 4332 1516 4396 edisseres,
1555 4329 1640 4385 risum
1664 4327 1731 4383 milri

96 4413 218 4477 Christum
247 4423 336 4480 sutura
359 4425 586 4499 praecinebantur.
606 4429 664 4485 Nec
687 4428 760 4484 enim
784 4428 880 4499 dispo·
935 4427 1059 4482 incuties.
1075 4422 1213 4480 videbitur
1239 4419 1313 4477 enim
1337 4417 1422 4474 Dauid
1442 4418 1581 4490 peperisse
1603 4417 1730 4473 Salomo-

97 4503 150 4564 sitio
169 4523 302 4585 expuncta
315 4513 491 4589 inveniretur,
507 4519 531 4575 si
546 4533 599 4576 non
614 4518 660 4574 ille
674 4518 801 4583 venisset,
820 4525 880 4588 post
935 4531 1005 4570 uem.
1022 4516 1063 4568 dn
1079 4520 1106 4568 ct
1126 4511 1170 4567 hic
1191 4508 1314 4565 Christus
1335 4505 1515 4577 significatur,
1530 4522 1562 4562 ex
1578 4519 1611 4560 eo
1638 4514 1731 4561 uentre

97 4606 165 4661 tuem
188 4600 303 4658 habebat
323 4604 444 4661 euenire.
469 4607 586 4677 Adspice
603 4607 744 4664 uniuersas
758 4605 880 4661 nationes
934 4620 1027 4661 semen
1042 4602 1136 4667 David,
1162 4600 1208 4671 qui
1231 4605 1306 4654 esset
1324 4610 1357 4651 ex
1380 4594 1473 4659 Dauid,
1502 4595 1528 4649 id
1556 4601 1599 4649 est
1622 4594 1731 4650 Memmi

95 4679 258 4763 devoragine
272 4692 373 4748 erroris
393 4695 503 4750 hnmani
527 4695 625 4753 exinde
649 4704 817 4767 emergentes
845 4694 880 4750 ad
934 4694 1005 4764 Quin
1025 4693 1049 4731 ³³
1063 4701 1089 4747 et
1107 4689 1192 4744 aedem
1217 4687 1266 4743 Dei
1290 4685 1378 4758 magis
1402 4682 1524 4739 Christus
1552 4681 1731 4738 aedificaturus

96 4769 170 4829 Deum
189 4778 352 4851 Creatorem,
376 4791 403 4837 et
421 4784 446 4822 ³⁰
468 4784 501 4839 ad
516 4785 601 4840 Deum
625 4787 780 4853 Christum3
801 4792 828 4842 et
856 4785 879 4842 si
933 4791 1016 4848 esset,
1042 4779 1175 4837 hominem
1200 4776 1302 4833 scilicet
1328 4781 1462 4839 sanetum,
1494 4773 1521 4829 in
1550 4787 1604 4845 quo
1630 4769 1732 4843 potiore

95 4861 177 4923 andes.
200 4882 271 4942 nega
296 4870 495 4942 prophetatum.
517 4873 570 4928 Sed
586 4874 676 4929 statim
690 4874 739 4929 tibi
759 4874 786 4929 in
802 4875 879 4929 Psal·
933 4870 1033 4943 templo
1062 4866 1221 4925 inhabitaret
1244 4863 1293 4919 Dei
1314 4863 1432 4936 Spiritus
1460 4870 1486 4918 et
1514 4862 1541 4917 iu
1558 4862 1608 4918 Dei
1631 4857 1730 4916 Filium

94 4947 141 5004 mis
156 4952 239 5025 (Psal.
267 4970 298 5025 tr,
313 4958 340 5026 7,
364 4959 392 5029 8)
414 4960 558 5030 promissio
581 4963 667 5019 Patris
686 4974 809 5022 occurret
824 4965 876 5023 ³¹:
933 4960 1020 5034 magis
1051 4955 1172 5013 Christus
1193 4953 1334 5010 habendus
1367 4962 1449 5022 esset,
1485 4968 1566 5024 quarn
1603 4952 1731 5008 Salomon

779 5116 874 5179 Variae
894 5118 1055 5180 lectiones.

122 5234 366 5296 ²⁵Unicoroiorum
381 5246 466 5300 Fran.
498 5246 602 5316 lepitnr
626 5249 724 5301 antem
752 5249 966 5303 unicornuorum
993 5248 1025 5300 in
1045 5243 1116 5299 libra
1136 5238 1728 5309 adv.1udaeos.2⁰t³ropueranpassionen.

90 5319 161 5375 quam
179 5314 348 5377 ejusomirr,
378 5316 463 5371 Semi
481 5316 503 5353 tr
533 5315 750 5389 Significareme
778 5319 864 5377 tinen,
899 5318 997 5389 spolia,
1014 5329 1121 5385 praec,
1147 5313 1430 5370 aeterniatermedia
1449 5313 1544 5367 omitt.
1561 5311 1646 5367 Semi.
1663 5314 1730 5363 tan-

88 5392 166 5447 quam
180 5382 359 5455 desumptae
375 5386 445 5442 libro
456 5386 517 5444 adu.
535 5387 598 5444 lad.
615 5387 639 5425 ²³
651 5390 763 5459 Propter
777 5398 894 5444 mortem
907 5395 1116 5445 consecuturum
1131 5386 1209 5454 rejlc.
1225 5386 1294 5441 lan.
1311 5382 1335 5422 ³³
1350 5384 1549 5439 Consecuturus
1566 5380 1651 5438 Senot.
1664 5379 1688 5457 ³⁴}
1699 5379 1729 5461 [tt

87 5452 177 5504 omitt.
194 5454 280 5511 Semi.
294 5455 317 5492 ³¹
331 5456 454 5511 Occurrit
466 5460 553 5515 lllreo.
571 5459 654 5516 Seml.
671 5459 780 5517 Obertlt.
797 5460 821 5498 ³²
834 5460 859 5515 Α
870 5462 955 5515 Fran.
977 5459 1001 5496 ³³
1016 5458 1085 5525 Ejus
1102 5457 1188 5513 Senrl.
1205 5455 1229 5493 ³³
1249 5456 1297 5510 hlei
1316 5456 1394 5524 rajt'c.
1414 5454 1578 5511 Seretion.
1594 5466 1625 5504 ex
1642 5448 1727 5504 hah.

88 5515 110 5553 ³⁵
123 5525 217 5583 Autem
230 5525 317 5581 Rhea.
329 5528 415 5584 Semi.
430 5528 539 5586 Odertb.
551 5529 576 5566 ³³
589 5530 655 5586 Eum
666 5538 787 5588 ventrem
794 5531 949 5588 merentia
964 5529 1050 5586 Ilien.
1064 5525 1281 5582 31Ριιιιιοδοιιιι.
1295 5526 1383 5596 primo
1395 5527 1459 5581 lter·⁸
1477 5524 1501 5561 ³⁸
1515 5522 1614 5577 Semel
1631 5531 1726 5575 illudo·

85 5595 130 5644 tuo
144 5593 235 5651 Fran.
248 5596 273 5635 ³³
286 5597 355 5667 Quia
369 5599 457 5658 Rhea.
476 5601 560 5658 Seml.
584 5601 694 5659 oberth.
