3840 6134
60 320 116 381 557
640 333 737 394 ttulit
756 334 834 393 hut.
855 332 1130 398 VALENTINIANOS.
1656 351 1708 414 558

60 453 1709 512 Μ

304 592 379 746 Q.
405 509 638 726 ¹satu.
690 591 912 725 riou.
966 598 1493 736 carrucatam

710 827 715 835 ·
802 801 973 865 ADVERSUS

604 949 1173 1069 vituurmmuos
1251 886 1254 891 ’

797 1158 973 1258 LIBER.

861 1347 903 1366 -fl

730 1431 1036 1490 PROOEHTVJM.

95 1573 227 1631 tteraim
242 1573 376 1631 Valentini
391 1576 514 1648 erupisse
542 1576 593 1632 suit
621 1576 738 1634 Antonio
751 1576 809 1648 Pio,
837 1576 980 1648 imperium
1005 1578 1102 1646 adepto
1126 1591 1197 1633 annu
1217 1578 1432 1643 rosellanam
1459 1581 1638 1641 Tertullianus
1656 1587 1709 1657 (lle

57 1675 224 1749 Proeaert'pt.
238 1689 298 1745 cap.
313 1675 360 1746 30)
378 1688 412 1733 ec
424 1673 609 1732 Theodoretas
624 1675 674 1746 (De
692 1676 820 1733 licereltc.
835 1673 904 1747 sab,
924 1674 971 1730 lib.
994 1675 1023 1744 1).
1039 1672 1100 1730 Fuit
1123 1681 1211 1729 autem
1229 1674 1385 1731 Valentinus
1399 1676 1585 1735 Pbraeboaites
1611 1683 1707 1752 patria,

59 1786 99 1829 ex
111 1770 246 1828 maritima
264 1771 374 1844 Egypti
394 1787 451 1840 ore,
468 1771 610 1829 Platonicae
624 1780 742 1829 sectator
765 1771 951 1844 philosophiae,
962 1770 1083 1827 imbutus
1094 1769 1252 1827 Graecorum
1271 1771 1383 1838 artibus,
1404 1788 1436 1829 ac
1450 1771 1595 1844 figmentis,
1619 1786 1710 1853 atqae¹

61 1878 95 1927 ut
108 1870 296 1941 suijactabent
309 1870 398 1943 (Apud
414 1868 490 1946 Orip.
510 1870 539 1925 in
554 1872 627 1927 ilici.
645 1871 707 1928 ade.
729 1872 886 1942 Marciam),
902 1870 1007 1926 auditor
1029 1868 1181 1932 Theodalis.
1201 1868 1324 1942 discipuli
1348 1871 1424 1927 Penii
1451 1874 1576 1944 apostoli.
1607 1877 1707 1933 Natam

64 1967 236 2025 Valentinum
256 1969 349 2024 censet
368 1968 520 2024 blessaetus
533 1968 662 2039 (dissert.
678 1968 710 2024 ira
727 1969 810 2032 irem,
827 1983 902 2023 nam.
918 1966 957 2040 7),
974 1982 1044 2023 anno
1060 1967 1159 2023 Christi
1178 1968 1223 2035 85,
1240 1966 1366 2023 demtum
1380 1983 1445 2025 vero
1475 1972 1536 2025 158.
1563 1969 1709 2041 Scripsisse

60 2064 150 2123 fertur
162 2064 321 2122 Valentinus
344 2067 462 2137 psalmos
489 2065 645 2138 nonnullos,
659 2065 786 2137 epistolas
816 2064 877 2121 item
898 2080 914 2119 a
933 2064 1068 2121 Clemente
1083 2064 1232 2122 Alexandr.
1247 2064 1275 2121 in
1289 2079 1310 2121 ιι
1332 2074 1359 2123 et
1381 2082 1411 2122 ur
1430 2068 1605 2126 Stromotum
1635 2070 1709 2126 tibris

58 2160 197 2233 laudatas,
208 2177 322 2235 qnamm
335 2161 728 2235 epistolarumunainscribitar
738 2160 979 2234 adAgatbopodem
990 2161 1134 2219 diaconum
1143 2163 1351 2229 Antiochenam,
1362 2164 1541 2235 utopiaantur
1553 2165 1672 2222 Grebias
1682 2176 1708 2224 et

60 2259 178 2318 Carens.
198 2259 288 2317 Edidit
300 2261 460 2318 Valentinus
474 2261 554 2317 etiam
568 2261 693 2316 homilias
711 2268 790 2332 atque
810 2275 879 2332 opus
894 2260 1071 2332 inscriptum:
1088 2260 1164 2314 Πόθεν
1180 2259 1210 2313 τὰ
1233 2259 1307 2325 κακὰ,
1323 2260 1348 2314 id
1370 2269 1418 2318 est.
1441 2262 1516 2319 Unde
1530 2264 1610 2330 mala,
1631 2266 1709 2335 cujas

59 2357 152 2429 aperis
167 2355 320 2431 fragmenta
338 2365 446 2416 exstant
455 2358 526 2429 apud
541 2357 681 2413 laudatum
695 2357 873 2426 Clementem,
903 2356 949 2413 lib.
975 2373 1014 2425 vr,
1034 2364 1060 2413 et
1079 2355 1164 2415 525
1192 2357 1383 2431 Epiphaniam,
1400 2361 1495 2416 haeres.
1521 2375 1601 2419 xrru.
1617 2363 1707 2419 Evan-

58 2452 164 2527 gaiam
183 2452 323 2524 scripsisse
341 2453 481 2526 propriam
501 2468 580 2510 nemo
599 2453 651 2510 nisi
669 2462 762 2510 auctor
776 2469 872 2511 novem
893 2457 1069 2526 posteriorum
1097 2454 1217 2525 capitam
1241 2453 1304 2510 libri
1323 2456 1361 2512 lle
1379 2458 1596 2529 Praescriptioce
1616 2456 1708 2514 reiert.

58 2549 104 2609 tta
120 2548 243 2608 Ecclesia
264 2550 395 2608 catholica
417 2551 516 2622 delicit,
532 2551 660 2623 quoniam
675 2551 871 2623 episcopatum,
887 2551 966 2621 cujus
992 2551 1101 2608 ardebat
1115 2550 1260 2615 desideria,
1278 2553 1407 2625 consequi
1420 2554 1579 2622 convaluit,
1595 2553 1633 2609 uti
1658 2555 1709 2610 ad-

60 2663 160 2707 versas
175 2649 304 2706 eumdem
316 2649 500 2714 Valentinum,
514 2665 574 2721 cap.
591 2647 618 2722 l,
634 2649 717 2705 tradit
730 2648 920 2705 Tertullianus.
936 2649 1038 2705 Relicta
1053 2649 1223 2718 Alexandria,
1249 2649 1405 2705 Valentinus
1421 2652 1533 2706 Romam
1553 2652 1637 2716 venit,
1663 2668 1709 2706 se-

59 2746 144 2805 dente
157 2745 276 2822 Hygino,
292 2747 381 2820 ibique
388 2755 569 2803 commoratus
585 2756 625 2804 ost
637 2746 767 2820 usquead
778 2746 931 2803 Anicetum.
946 2745 1045 2801 Praeter
1059 2747 1092 2801 1).
1110 2747 1251 2818 irenaeum,
1267 2747 1474 2815 Tertullianum,
1490 2746 1668 2820 Epiphaniam
1679 2765 1710 2804 ae

61 2829 276 2913 Theodoretum,
292 2843 370 2918 plara
384 2844 418 2900 de
427 2843 622 2900 Valentinianis
635 2843 756 2901 scribunt
768 2843 920 2900 hiassuetas
935 2843 1096 2913 (dissertat.
1113 2845 1173 2900 cad.
1195 2844 1283 2916 mih),
1297 2844 1401 2900 Natalis
1418 2844 1569 2901 Alexander
1583 2844 1622 2917 (in
1639 2847 1709 2902 illst.

64 2940 155 2999 Ecies.
168 2941 261 2998 saeui.
278 2955 308 3009 ιι,
320 2956 378 3012 cap.
394 2941 422 3009 2,
438 2947 487 2996 art.
503 2939 543 3008 61,
558 2939 712 2996 Beausobre
725 2938 763 3010 (in
778 2940 848 2995 liist.
866 2939 1096 3002 Manichaeorum,
1112 2945 1180 3009 part.
1197 2955 1229 3007 rr,
1239 2940 1291 2994 tib.
1312 2940 1350 3008 r),
1362 2939 1499 2997 semlerus
1522 2940 1553 3012 (l
1568 2941 1647 2997 ilerd
1662 2942 1711 2997 der

65 3036 192 3095 Polemilt
221 3038 270 3096 der
287 3040 513 3110 Bacmqarterrs).
536 3052 587 3092 nec
602 3052 655 3090 non
677 3035 806 3090 valcheus
835 3033 1121 3106 tleaerpescdt'cbte,r
1144 3034 1241 3103 hauri),
1269 3043 1295 3089 et
1308 3034 1379 3107 ittig.
1395 3038 1524 3106 (dissert.
1543 3054 1577 3092 ert
1593 3039 1626 3094 de
1650 3039 1709 3093 hrr-

59 3135 228 3204 reeiarcltis,
242 3145 309 3190 sect.
330 3151 359 3199 rr,
375 3150 434 3204 cap.
456 3137 482 3197 5,
499 3143 526 3189 et
538 3134 659 3203 ejusdem
673 3131 785 3186 Dissert.
802 3131 950 3201 appendice
965 3131 997 3183 ad
1008 3138 1072 3186 sect.
1091 3145 1120 3199 ιι,
1137 3145 1196 3201 cap.
1213 3132 1252 3201 ὅ),
1264 3145 1297 3185 ac
1323 3132 1432 3186 demam
1447 3133 1589 3189 reciectias
1613 3132 1711 3189 blatter

64 3234 149 3308 (ilict.
165 3234 205 3291 du
219 3234 413 3307 Gnosticisme,
423 3240 442 3288 t.
455 3232 503 3301 ii).
518 3231 574 3287 Etsi
588 3245 651 3286 vero
662 3230 781 3284 fabulosa
792 3228 925 3284 Valentini
938 3229 1048 3285 haeresis
1062 3230 1118 3284 sola
1128 3228 1308 3300 descriptione
1319 3231 1361 3285 sai
1371 3231 1709 3301 appareatabsardissima,

62 3331 141 3391 inere
168 3340 257 3389 tamen
291 3329 409 3387 nonnulli
432 3330 478 3400 qui
503 3330 589 3399 ipsum
618 3327 790 3384 Valentinum
817 3327 996 3383 orthodoxum
1028 3326 1224 3397 existimarunt,
1253 3335 1283 3382 ut
1319 3327 1401 3383 abbas
1430 3328 1533 3401 andit‚
1563 3328 1608 3399 qui
1628 3327 1712 3385 edidit

10 3500 12 3505 ι
62 3431 285 3489 Dilucidationem
308 3429 436 3485 doctrinae
459 3428 579 3499 priorum
594 3428 768 3496 saeculorum3
785 3425 924 3497 multaque
946 3425 979 3479 ad
999 3424 1129 3480 Valentini
1151 3432 1270 3498 systema
1293 3427 1474 3483 emoliendum
1497 3426 1709 3483 blenichaeoram

62 3521 182 3580 historiae
197 3519 313 3579 inseruit
337 3519 418 3574 etiam
438 3519 589 3574 beausobre
605 3518 739 3586 (iamper,
757 3516 859 3573 litator.
878 3514 997 3587 theoloq.
1014 3517 1116 3573 critica
1126 3516 1159 3571 de
1182 3516 1252 3585 Vita,
1266 3517 1383 3589 Scriptis
1398 3522 1456 3590 atq.
1473 3519 1566 3575 Doctr.
1586 3516 1634 3574 SS.
1656 3519 1710 3573 Pa·

64 3627 152 3687 trem,
169 3627 240 3691 part.
257 3634 299 3684 ιιι,
315 3626 379 3674 sect.
397 3632 508 3686 1v‚cap.
525 3618 552 3671 3.
568 3614 681 3668 Dissert.
699 3629 781 3683 praev.
798 3614 901 3681 arti).

96 3720 271 3775 Porrocerto
300 3714 397 3770 certius
408 3710 735 3776 estTertailianum,dum
751 3725 830 3765 suum
859 3709 989 3767 adversas
1015 3710 1215 3765 Valentinianos
1246 3712 1345 3768 librum
1372 3711 1549 3776 elucubravit,
1567 3728 1626 3766 eam
1654 3729 1709 3783 prae

63 3816 147 3874 oculis
160 3814 292 3871 babuisse
306 3811 393 3866 sancti
407 3809 513 3877 irenaei,
531 3808 650 3879 episcopi
669 3807 805 3879 Lugdan„
834 3807 962 3864 librorum
986 3808 1115 3864 adversus
1148 3810 1265 3865 haereses
1296 3809 1543 3880 interpretationem
1577 3809 1708 3879 Latinam,

63 3921 178 3970 veterem
190 3920 218 3968 et
236 3897 381 3981 vulgatam,
396 3924 475 3979 quam
491 3907 525 3962 ad
539 3922 623 3978 usque
642 3913 762 3976 tempora
778 3914 868 3960 nostra
893 3913 1035 3974 servatam,
1048 3907 1151 3962 irenaeo
1169 3906 1229 3978 ipso
1245 3907 1286 3963 vel
1301 3906 1388 3960 adhue
1411 3907 1437 3960 in
1459 3907 1525 3962 vivis
1554 3908 1707 3978 superstite,

63 4011 105 4067 rel
119 4026 206 4082 nuper
219 4015 325 4079 erepto,
340 4004 439 4061 editam
453 4003 536 4059 luisse
552 4010 666 4061 coastat.
687 3999 815 4074 Quisquis
828 4001 956 4056 irenaeum
971 4001 1096 4058 Latinum
1110 4019 1170 4058 carn
1197 4003 1360 4059 Tertulliano
1375 4002 1526 4067 certauerit,
1540 4003 1565 4058 in
1583 4016 1709 4076 promptu

65 4106 247 4180 deprehendet
261 4107 333 4162 hunc
351 4104 418 4161 adeo
431 4103 546 4175 vestigia
557 4102 627 4157 iilius
638 4114 769 4173 premere,
786 4101 852 4155 adeo
867 4098 956 4153 verbis
976 4099 1052 4168 ipsis,
1077 4102 1276 4170 verborumque
1300 4099 1393 4172 irgrrris
1415 4106 1442 4153 et
1457 4101 1545 4155 ordini
1559 4102 1707 4167 adtraerere,

66 4214 96 4261 ut
109 4206 136 4262 id
147 4221 230 4260 anum
250 4203 302 4257 sibi
318 4201 491 4274 proposuisse
505 4200 629 4257 videatur
648 4197 741 4254 eadem
771 4195 944 4267 paucioribus
958 4197 1117 4250 contrahere
1135 4214 1141 4265 3
1158 4195 1252 4250 iisdem
1274 4211 1345 4264 saepe
1359 4197 1582 4261 servatisvcrhis,
1600 4198 1707 4250 inretir-

69 4303 101 4360 tia
114 4312 201 4360 amen
216 4315 357 4375 promere
372 4299 491 4356 dicteriis
506 4297 622 4370 quadem
632 4295 682 4350 airi
697 4294 798 4365 ingenii
813 4292 974 4366 procacitate
989 4291 1135 4362 propalatis
1151 4292 1239 4361 (Coei.
1261 4291 1330 4344 lrea.
1348 4290 1396 4346 lib.
1412 4307 1431 4356 i,
1446 4308 1504 4360 cap.
1532 4298 1574 4359 lt,
1591 4310 1666 4348 anm.
1679 4297 1706 4359 3,

67 4417 124 4457 cum
141 4402 265 4467 Tertalt.,
282 4414 343 4471 cap.
358 4402 403 4470 23,
418 4407 445 4454 et
459 4399 541 4465 tren,
556 4411 630 4451 nunt.
647 4396 674 4458 5,
690 4408 752 4448 eum
768 4391 891 4459 Tenuit..
904 4406 962 4464 cap.
981 4392 1026 4457 25,
1041 4395 1092 4445 etc.
1114 4388 1181 4443 Vide
1197 4385 1325 4442 liassucti
1340 4387 1451 4442 Dissert.
1469 4404 1498 4459 ιι,
1514 4389 1540 4444 ia
1559 4392 1630 4447 lree.
1647 4392 1705 4463 lih,

66 4515 135 4556 num.
151 4504 195 4566 55,
210 4518 240 4570 p,
254 4503 299 4569 89,
316 4499 371 4570 90).

98 4600 161 4658 liaec
176 4602 292 4672 piurima
307 4598 368 4653 hinc
382 4606 409 4653 et
422 4595 484 4651 inde
497 4595 555 4651 loca
579 4592 678 4650 similia
695 4590 789 4647 sedulo
812 4588 973 4662 colligenda,
986 4603 1018 4643 ac
1032 4597 1061 4643 ut
1076 4586 1178 4643 facilius
1191 4601 1222 4643 ea
1250 4586 1333 4642 lector
1355 4583 1476 4640 conferre
1490 4592 1580 4657 queat,
1596 4586 1623 4641 in
1638 4589 1709 4644 natis

68 4699 223 4773 adponenda
237 4695 401 4753 curavimus.
413 4694 468 4749 Nec
480 4695 547 4763 jam,
559 4691 587 4746 ni
602 4689 691 4762 lnilor,
707 4688 805 4743 nemini
825 4685 981 4756 ambiguum
996 4684 1047 4739 erit
1061 4683 1198 4756 praeivisse
1211 4682 1377 4739 Tertulliano
1392 4681 1532 4747 irenaeum,
1548 4699 1579 4738 ac
1595 4681 1710 4749 proinde

66 4804 204 4862 perperam
220 4805 253 4846 ea
266 4789 293 4843 in
308 4786 419 4843 dubium
439 4797 592 4848 revocasse,
609 4789 637 4837 et
651 4777 817 4839 interimi
831 4778 926 4848 spuria
939 4777 1096 4849 repudiasse
1110 4779 1205 4834 loann.
1232 4776 1368 4831 Salomon.
1384 4776 1545 4845 Semleram,
1563 4776 1660 4842 viratu,
1686 4782 1708 4832 si

66 4890 125 4959 quis
134 4903 263 4959 unquam,
281 4885 314 4940 ad
329 4883 418 4940 omnia
432 4880 490 4937 iere
504 4881 663 4936 venerandae
678 4878 842 4949 antiquitatis
853 4884 1027 4933 monumenta
1038 4890 1071 4931 ex
1082 4875 1239 4930 auctoritate
1251 4873 1459 4943 suadejicienda
1472 4875 1594 4945 proiecto
1603 4883 1707 4944 natam;

68 4984 109 5044 bic
123 4989 195 5045 enim
207 4985 234 5040 in
248 4983 390 5041 ilistorlca
406 4982 512 5051 iraqoqe
534 4978 571 5034 ad
591 4976 978 5049 Bournqarteciil'olemicem
994 4972 1058 5044 (vol.
1083 4973 1115 5037 li,
1140 4992 1166 5043 p.
1181 4972 1464 5044 132),inl’rolrrsiorve
1480 4973 1636 5030 devovendo
1650 4991 1711 5031 mo·

70 5085 142 5143 leste
154 5083 392 5142 sedulitatesacrtt
407 5077 444 5135 ad
453 5075 631 5150 corriqecdas
645 5074 779 5147 quasdam
790 5074 926 5131 lrerriet‘et
939 5072 1107 5130 Tertulliani
1114 5073 1271 5128 sententias
1283 5070 1366 5142 (Edit.
1382 5069 1466 5136 Halm,
1483 5072 1563 5140 tite)
1576 5081 1602 5126 et
1611 5071 1636 5125 in
1645 5074 1712 5128 liis·

71 5185 225 5241 certatione
235 5181 268 5238 dc
281 5180 363 5237 varia
386 5180 414 5234 et
428 5177 540 5233 incerte
554 5173 647 5231 indole
662 5174 763 5229 lterum
782 5172 919 5229 librorum
929 5169 1094 5227 Tertulliano
1105 5169 1213 5225 Halaesi
1229 5169 1332 5239 adjecta
1346 5169 1410 5237 (iol.
1425 5170 1459 5236 V,
1470 5186 1498 5239 p.
1514 5171 1643 5239 ate-290,
1654 5172 1710 5237 ed.,

68 5279 141 5338 llelae
150 5278 344 5352 ilagdeburg„
366 5274 458 5346 1828),
473 5271 555 5328 lldem
574 5269 669 5327 Irenaei
687 5268 805 5325 minuere
820 5267 933 5338 cJ'asqae
947 5267 1032 5323 libros
1047 5266 1075 5322 in
1090 5267 1270 5338 suspicionem
1286 5267 1377 5326 vatata<
1395 5266 1530 5322 adducere
1545 5269 1655 5323 tentarit
1671 5276 1714 5324 :at

69 5376 254 5434 defensionem
277 5373 385 5431 illoram
399 5369 519 5442 suscepit
535 5367 666 5425 celeberr.
684 5364 817 5429 Valebius,
833 5363 977 5436 theologus
991 5365 1186 5438 Gottingensis,
1203 5365 1229 5420 in
1254 5364 1331 5420 novis
1349 5363 1549 5419 commentariis
1571 5365 1714 5421 societatis

69 5473 344 5548 liegiaeSciantieram
353 5469 544 5545 Gottingensis
553 5467 585 5539 (ι.
597 5466 704 5536 V,part.
719 5465 781 5529 tau,
792 5476 860 5517 ann.
873 5462 1039 5529 titt-ttvm
1050 5463 1176 5534 Lvmper,
1189 5462 1236 5517 hh.
1250 5463 1307 5531 cit,
1322 5478 1381 5530 cap.
1393 5463 1476 5523 hart.
1487 5464 1510 5531 1,
1521 5476 1549 5531 p.
1562 5462 1634 5531 218).
1644 5461 1712 5517 an.

96 5576 234 5633 Ceterum
248 5571 413 5631 Tertulliani
429 5584 490 5627 esse
506 5567 604 5624 librum
619 5567 692 5620 hanc
704 5563 834 5617 adaerere
856 5557 1061 5615 Valentinianos
1086 5560 1128 5616 vel
1150 5560 1213 5615 imle
1227 5568 1341 5625 constat,
1357 5557 1429 5621 quad
1445 5572 1503 5627 rap.
1520 5561 1568 5616 ro.
1587 5556 1713 5614 nomina·
