<?xml version="1.0" encoding="UTF-8"?>
<!DOCTYPE html PUBLIC "-//W3C//DTD XHTML 1.0 Transitional//EN"
    "http://www.w3.org/TR/xhtml1/DTD/xhtml1-transitional.dtd">
<html xmlns="http://www.w3.org/1999/xhtml" xml:lang="en" lang="en">
 <head>
  <title>
</title>
<meta http-equiv="Content-Type" content="text/html;charset=utf-8" />
  <meta name='ocr-system' content='tesseract 3.04.00' />
  <meta name='ocr-capabilities' content='ocr_page ocr_carea ocr_par ocr_line ocrx_word'/>
</head>
<body>
  <div class='ocr_page' id='page_1' title='image "./patrologiaecurs51unkngoog/patrologiaecurs51unkngoog_0326.png"; bbox 0 0 3840 6134; ppageno 0'>
   <div class='ocr_carea' id='block_1_1' title="bbox 62 307 1713 424">
    <p class='ocr_par' dir='ltr' id='par_1_1' title="bbox 62 307 1713 424">
     <span class='ocr_line' id='line_1_1' title="bbox 62 307 1713 424; baseline 0.015 -27"><span class='ocrx_word' id='word_1_1' title='bbox 62 353 116 415; x_wconf 69' lang='lat'><em>541</em></span> <span class='ocrx_word' id='word_1_2' title='bbox 710 347 807 408; x_wconf 79' lang='lat' dir='ltr'><em>tibull</em></span> <span class='ocrx_word' id='word_1_3' title='bbox 821 349 899 411; x_wconf 83' lang='lat' dir='ltr'><em>hul.</em></span> <span class='ocrx_word' id='word_1_4' title='bbox 931 351 1072 411; x_wconf 79' lang='lat' dir='ltr'>JUDAEOS.</span> <span class='ocrx_word' id='word_1_5' title='bbox 1518 307 1524 316; x_wconf 54' lang='lat'>*</span> <span class='ocrx_word' id='word_1_6' title='bbox 1660 363 1713 424; x_wconf 75' lang='lat' dir='ltr'><em>tlt</em></span> 
     </span>
    </p>
   </div>
   <div class='ocr_carea' id='block_1_2' title="bbox 62 472 1766 2954">
    <p class='ocr_par' dir='ltr' id='par_1_2' title="bbox 62 472 1766 2954">
     <span class='ocr_line' id='line_1_2' title="bbox 62 472 1719 571; baseline 0.005 -34"><span class='ocrx_word' id='word_1_7' title='bbox 62 479 127 547; x_wconf 88' lang='lat' dir='ltr'><em>litis,</em></span> <span class='ocrx_word' id='word_1_8' title='bbox 155 477 252 551; x_wconf 87' lang='lat' dir='ltr'><em>iuquit,</em></span> <span class='ocrx_word' id='word_1_9' title='bbox 278 476 368 548; x_wconf 79' lang='lat' dir='ltr'><em>Moysi</em></span> <span class='ocrx_word' id='word_1_10' title='bbox 392 482 450 533; x_wconf 91' lang='lat' dir='ltr'><em>tttm</em></span> <span class='ocrx_word' id='word_1_11' title='bbox 473 475 499 514; x_wconf 83' lang='grc'><em>33</em></span> <span class='ocrx_word' id='word_1_12' title='bbox 523 474 556 529; x_wconf 90' lang='lat' dir='ltr'><em>ab</em></span> <span class='ocrx_word' id='word_1_13' title='bbox 583 474 681 546; x_wconf 86' lang='lat' dir='ltr'><em>angelo</em></span> <span class='ocrx_word' id='word_1_14' title='bbox 706 472 868 546; x_wconf 84' lang='lat' dir='ltr'><em>praeiocatns</em></span> <span class='ocrx_word' id='word_1_15' title='bbox 882 491 905 571; x_wconf 60' lang='lat' dir='ltr'><em>q</em></span> <span class='ocrx_word' id='word_1_16' title='bbox 920 476 977 546; x_wconf 79' lang='lat' dir='ltr'><em>filil</em></span> <span class='ocrx_word' id='word_1_17' title='bbox 989 478 1135 545; x_wconf 86' lang='lat' dir='ltr'><em>scelerati,</em></span> <span class='ocrx_word' id='word_1_18' title='bbox 1152 478 1345 553; x_wconf 72' lang='lat' dir='ltr'><em>dereliquistis</em></span> <span class='ocrx_word' id='word_1_19' title='bbox 1356 483 1456 549; x_wconf 81' lang='lat' dir='ltr'><em>Deoia,</em></span> <span class='ocrx_word' id='word_1_20' title='bbox 1467 490 1495 541; x_wconf 90' lang='lat' dir='ltr'><em>et</em></span> <span class='ocrx_word' id='word_1_21' title='bbox 1506 487 1537 542; x_wconf 86' lang='lat' dir='ltr'><em>iri</em></span> <span class='ocrx_word' id='word_1_22' title='bbox 1548 486 1719 558; x_wconf 82' lang='lat' dir='ltr'><em>iridiqiietio</em></span> 
     </span>
     <span class='ocr_line' id='line_1_3' title="bbox 64 562 1714 649; baseline 0.004 -24"><span class='ocrx_word' id='word_1_23' title='bbox 64 567 172 633; x_wconf 81' lang='lat' dir='ltr'><em>inisset,</em></span> <span class='ocrx_word' id='word_1_24' title='bbox 190 567 214 623; x_wconf 91' lang='lat' dir='ltr'><em>si</em></span> <span class='ocrx_word' id='word_1_25' title='bbox 229 582 285 624; x_wconf 92' lang='lat' dir='ltr'><em>non</em></span> <span class='ocrx_word' id='word_1_26' title='bbox 300 564 410 622; x_wconf 78' lang='lat' dir='ltr'><strong>Seffora</strong></span> <span class='ocrx_word' id='word_1_27' title='bbox 424 564 577 634; x_wconf 84' lang='lat' dir='ltr'><em>materejus</em></span> <span class='ocrx_word' id='word_1_28' title='bbox 587 562 692 620; x_wconf 89' lang='lat' dir='ltr'><em>calculo</em></span> <span class='ocrx_word' id='word_1_29' title='bbox 705 563 866 635; x_wconf 77' lang='lat' dir='ltr'><em>praeputium</em></span> <span class='ocrx_word' id='word_1_30' title='bbox 920 580 985 622; x_wconf 83' lang='lat' dir='ltr'><em>riom</em></span> <span class='ocrx_word' id='word_1_31' title='bbox 1000 567 1121 623; x_wconf 87' lang='lat' dir='ltr'><em>misistis</em></span> <span class='ocrx_word' id='word_1_32' title='bbox 1134 565 1157 604; x_wconf 74' lang='grc'><em>33</em></span> <span class='ocrx_word' id='word_1_33' title='bbox 1171 567 1309 626; x_wconf 78' lang='lat' dir='ltr'><em>squatum</em></span> <span class='ocrx_word' id='word_1_34' title='bbox 1320 569 1495 640; x_wconf 84' lang='lat' dir='ltr'><em>lsrael(lbid.</em></span> <span class='ocrx_word' id='word_1_35' title='bbox 1506 572 1544 644; x_wconf 82' lang='lat' dir='ltr'><em>l).</em></span> <span class='ocrx_word' id='word_1_36' title='bbox 1559 574 1714 649; x_wconf 86' lang='lat' dir='ltr'><em>Haecigitur</em></span> 
     </span>
     <span class='ocr_line' id='line_1_4' title="bbox 66 652 1715 728; baseline 0.004 -14"><span class='ocrx_word' id='word_1_37' title='bbox 66 657 183 714; x_wconf 82' lang='lat' dir='ltr'><em>infantis</em></span> <span class='ocrx_word' id='word_1_38' title='bbox 202 655 418 715; x_wconf 82' lang='lat' dir='ltr'><em>circumcidisset</em></span> <span class='ocrx_word' id='word_1_39' title='bbox 447 654 546 726; x_wconf 71' lang='lat' dir='ltr'><em>(deod.</em></span> <span class='ocrx_word' id='word_1_40' title='bbox 567 669 606 721; x_wconf 87' lang='lat' dir='ltr'><em>iv,</em></span> <span class='ocrx_word' id='word_1_41' title='bbox 634 655 679 719; x_wconf 86' lang='lat' dir='ltr'><em>ai,</em></span> <span class='ocrx_word' id='word_1_42' title='bbox 700 652 755 723; x_wconf 77' lang='lat' dir='ltr'><em>iii).</em></span> <span class='ocrx_word' id='word_1_43' title='bbox 777 653 866 722; x_wconf 88' lang='lat' dir='ltr'><em>Unde,</em></span> <span class='ocrx_word' id='word_1_44' title='bbox 920 653 969 710; x_wconf 83' lang='lat' dir='ltr'><em>Dei</em></span> <span class='ocrx_word' id='word_1_45' title='bbox 982 655 1152 728; x_wconf 82' lang='lat' dir='ltr'><em>prouidentia</em></span> <span class='ocrx_word' id='word_1_46' title='bbox 1166 655 1217 715; x_wconf 88' lang='lat' dir='ltr'><em>init</em></span> <span class='ocrx_word' id='word_1_47' title='bbox 1235 657 1315 713; x_wconf 88' lang='lat' dir='ltr'><em>dandi</em></span> <span class='ocrx_word' id='word_1_48' title='bbox 1336 656 1566 717; x_wconf 82' lang='lat' dir='ltr'><em>circumcisionem</em></span> <span class='ocrx_word' id='word_1_49' title='bbox 1582 663 1663 721; x_wconf 89' lang='lat' dir='ltr'><em>lsrael</em></span> <span class='ocrx_word' id='word_1_50' title='bbox 1688 666 1715 721; x_wconf 92' lang='lat' dir='ltr'><em>in</em></span> 
     </span>
     <span class='ocr_line' id='line_1_5' title="bbox 64 741 1714 819; baseline 0.005 -17"><span class='ocrx_word' id='word_1_51' title='bbox 64 746 166 819; x_wconf 86' lang='lat' dir='ltr'><em>inquit,</em></span> <span class='ocrx_word' id='word_1_52' title='bbox 191 744 376 801; x_wconf 80' lang='lat' dir='ltr'><em>maximum³³</em></span> <span class='ocrx_word' id='word_1_53' title='bbox 407 743 557 815; x_wconf 90' lang='lat' dir='ltr'><em>periculum</em></span> <span class='ocrx_word' id='word_1_54' title='bbox 580 750 631 807; x_wconf 89' lang='lat' dir='ltr'><em>est,</em></span> <span class='ocrx_word' id='word_1_55' title='bbox 665 741 687 796; x_wconf 93' lang='lat' dir='ltr'><em>si</em></span> <span class='ocrx_word' id='word_1_56' title='bbox 704 741 867 811; x_wconf 82' lang='lat' dir='ltr'><em>praeputium</em></span> <span class='ocrx_word' id='word_1_57' title='bbox 920 741 1028 814; x_wconf 85' lang='lat' dir='ltr'><em>signum</em></span> <span class='ocrx_word' id='word_1_58' title='bbox 1046 745 1115 800; x_wconf 86' lang='lat' dir='ltr'><em>unde</em></span> <span class='ocrx_word' id='word_1_59' title='bbox 1132 745 1257 817; x_wconf 82' lang='lat' dir='ltr'><em>dignosci</em></span> <span class='ocrx_word' id='word_1_60' title='bbox 1276 756 1375 817; x_wconf 88' lang='lat' dir='ltr'><em>posset,</em></span> <span class='ocrx_word' id='word_1_61' title='bbox 1395 765 1456 804; x_wconf 89' lang='lat' dir='ltr'><em>cum</em></span> <span class='ocrx_word' id='word_1_62' title='bbox 1485 751 1625 809; x_wconf 86' lang='lat' dir='ltr'><em>adueniret</em></span> <span class='ocrx_word' id='word_1_63' title='bbox 1643 764 1714 810; x_wconf 89' lang='lat' dir='ltr'><em>tem-</em></span> 
     </span>
     <span class='ocr_line' id='line_1_6' title="bbox 67 829 1717 906; baseline 0.002 -14"><span class='ocrx_word' id='word_1_64' title='bbox 67 833 156 892; x_wconf 82' lang='lat' dir='ltr'><em>carnis</em></span> <span class='ocrx_word' id='word_1_65' title='bbox 189 833 250 906; x_wconf 88' lang='lat' dir='ltr'><em>quis</em></span> <span class='ocrx_word' id='word_1_66' title='bbox 274 847 329 889; x_wconf 93' lang='lat' dir='ltr'><em>non</em></span> <span class='ocrx_word' id='word_1_67' title='bbox 356 831 565 889; x_wconf 78' lang='lat' dir='ltr'><em>circumciderit.</em></span> <span class='ocrx_word' id='word_1_68' title='bbox 582 831 616 885; x_wconf 89' lang='lat' dir='ltr'><em>Et</em></span> <span class='ocrx_word' id='word_1_69' title='bbox 635 829 698 884; x_wconf 87' lang='lat' dir='ltr'><em>ideo</em></span> <span class='ocrx_word' id='word_1_70' title='bbox 713 830 738 869; x_wconf 84' lang='lat'><em>³⁰</em></span> <span class='ocrx_word' id='word_1_71' title='bbox 751 830 773 884; x_wconf 86' lang='lat' dir='ltr'><em>si</em></span> <span class='ocrx_word' id='word_1_72' title='bbox 792 831 867 884; x_wconf 90' lang='lat' dir='ltr'><em>salu·</em></span> <span class='ocrx_word' id='word_1_73' title='bbox 922 846 974 901; x_wconf 89' lang='lat' dir='ltr'><em>pus</em></span> <span class='ocrx_word' id='word_1_74' title='bbox 988 849 1043 902; x_wconf 87' lang='lat' dir='ltr'><em>quo</em></span> <span class='ocrx_word' id='word_1_75' title='bbox 1057 834 1158 889; x_wconf 88' lang='lat' dir='ltr'><em>meritis</em></span> <span class='ocrx_word' id='word_1_76' title='bbox 1173 833 1230 890; x_wconf 90' lang='lat' dir='ltr'><em>suis</em></span> <span class='ocrx_word' id='word_1_77' title='bbox 1244 850 1324 905; x_wconf 88' lang='lat' dir='ltr'><em>supra</em></span> <span class='ocrx_word' id='word_1_78' title='bbox 1344 835 1422 892; x_wconf 90' lang='lat' dir='ltr'><em>dictis</em></span> <span class='ocrx_word' id='word_1_79' title='bbox 1446 838 1473 892; x_wconf 91' lang='lat' dir='ltr'><em>iu</em></span> <span class='ocrx_word' id='word_1_80' title='bbox 1498 839 1646 895; x_wconf 84' lang='lat' dir='ltr'><em>ierusalem</em></span> <span class='ocrx_word' id='word_1_81' title='bbox 1666 843 1717 896; x_wconf 90' lang='lat' dir='ltr'><em>ad-</em></span> 
     </span>
     <span class='ocr_line' id='line_1_7' title="bbox 67 918 1715 998; baseline 0.004 -19"><span class='ocrx_word' id='word_1_82' title='bbox 67 931 122 979; x_wconf 90' lang='lat' dir='ltr'><em>tem</em></span> <span class='ocrx_word' id='word_1_83' title='bbox 136 920 308 978; x_wconf 89' lang='lat' dir='ltr'><em>circumcisio</em></span> <span class='ocrx_word' id='word_1_84' title='bbox 329 921 388 991; x_wconf 79' lang='lat' dir='ltr'><em>(ill</em></span> <span class='ocrx_word' id='word_1_85' title='bbox 404 918 496 977; x_wconf 70' lang='lat'><em>008</em></span> <span class='ocrx_word' id='word_1_86' title='bbox 515 918 589 975; x_wconf 90' lang='lat' dir='ltr'><em>omni</em></span> <span class='ocrx_word' id='word_1_87' title='bbox 604 920 686 974; x_wconf 91' lang='lat' dir='ltr'><em>modo</em></span> <span class='ocrx_word' id='word_1_88' title='bbox 700 919 817 974; x_wconf 83' lang='lat' dir='ltr'><em>anteiret</em></span> <span class='ocrx_word' id='word_1_89' title='bbox 831 918 866 985; x_wconf 87' lang='lat'><em>³¹,</em></span> <span class='ocrx_word' id='word_1_90' title='bbox 921 920 990 975; x_wconf 89' lang='lat' dir='ltr'><em>miili</em></span> <span class='ocrx_word' id='word_1_91' title='bbox 1020 922 1242 991; x_wconf 76' lang='lat' dir='ltr'><em>prohiberetur:</em></span> <span class='ocrx_word' id='word_1_92' title='bbox 1271 924 1343 995; x_wconf 90' lang='lat' dir='ltr'><em>quod</em></span> <span class='ocrx_word' id='word_1_93' title='bbox 1372 931 1400 981; x_wconf 88' lang='lat' dir='ltr'><em>el</em></span> <span class='ocrx_word' id='word_1_94' title='bbox 1422 925 1486 998; x_wconf 91' lang='lat' dir='ltr'><em>qnia</em></span> <span class='ocrx_word' id='word_1_95' title='bbox 1513 926 1632 983; x_wconf 84' lang='lat' dir='ltr'><em>futurum</em></span> <span class='ocrx_word' id='word_1_96' title='bbox 1649 940 1715 996; x_wconf 87' lang='lat' dir='ltr'><em>erat,</em></span> 
     </span>
     <span class='ocr_line' id='line_1_8' title="bbox 68 1006 1718 1090; baseline 0.004 -22"><span class='ocrx_word' id='word_1_97' title='bbox 68 1011 149 1068; x_wconf 89' lang='lat' dir='ltr'><em>etiam</em></span> <span class='ocrx_word' id='word_1_98' title='bbox 165 1009 226 1080; x_wconf 86' lang='lat' dir='ltr'><em>ipae</em></span> <span class='ocrx_word' id='word_1_99' title='bbox 246 1008 399 1080; x_wconf 66' lang='lat' dir='ltr'><em>Moysesin</em></span> <span class='ocrx_word' id='word_1_100' title='bbox 426 1007 483 1065; x_wconf 86' lang='lat' dir='ltr'><em>filio</em></span> <span class='ocrx_word' id='word_1_101' title='bbox 510 1023 561 1063; x_wconf 92' lang='lat' dir='ltr'><em>sno</em></span> <span class='ocrx_word' id='word_1_102' title='bbox 589 1021 644 1063; x_wconf 94' lang='lat' dir='ltr'><em>non</em></span> <span class='ocrx_word' id='word_1_103' title='bbox 667 1006 868 1074; x_wconf 87' lang='lat' dir='ltr'><em>intermisisset,</em></span> <span class='ocrx_word' id='word_1_104' title='bbox 922 1010 1104 1077; x_wconf 76' lang='lat' dir='ltr'><em>nuntiabatur,</em></span> <span class='ocrx_word' id='word_1_105' title='bbox 1133 1020 1160 1068; x_wconf 88' lang='lat' dir='ltr'><em>et</em></span> <span class='ocrx_word' id='word_1_106' title='bbox 1187 1012 1251 1084; x_wconf 89' lang='lat' dir='ltr'><em>quia</em></span> <span class='ocrx_word' id='word_1_107' title='bbox 1269 1011 1369 1069; x_wconf 88' lang='lat' dir='ltr'><em>iactum</em></span> <span class='ocrx_word' id='word_1_108' title='bbox 1393 1014 1526 1086; x_wconf 87' lang='lat' dir='ltr'><em>ridemus,</em></span> <span class='ocrx_word' id='word_1_109' title='bbox 1544 1019 1718 1090; x_wconf 86' lang='lat' dir='ltr'><em>recognosci-</em></span> 
     </span>
     <span class='ocr_line' id='line_1_9' title="bbox 68 1093 1718 1178; baseline 0.005 -24"><span class='ocrx_word' id='word_1_110' title='bbox 68 1096 216 1171; x_wconf 87' lang='lat' dir='ltr'><em>qnominus</em></span> <span class='ocrx_word' id='word_1_111' title='bbox 245 1105 339 1154; x_wconf 82' lang='lat' dir='ltr'><em>octata</em></span> <span class='ocrx_word' id='word_1_112' title='bbox 367 1096 412 1151; x_wconf 93' lang='lat' dir='ltr'><em>die</em></span> <span class='ocrx_word' id='word_1_113' title='bbox 433 1095 640 1152; x_wconf 85' lang='lat' dir='ltr'><em>circumcideret</em></span> <span class='ocrx_word' id='word_1_114' title='bbox 660 1110 733 1162; x_wconf 89' lang='lat' dir='ltr'><em>cum,</em></span> <span class='ocrx_word' id='word_1_115' title='bbox 761 1093 869 1167; x_wconf 90' lang='lat' dir='ltr'><em>quando</em></span> <span class='ocrx_word' id='word_1_116' title='bbox 922 1114 993 1153; x_wconf 86' lang='lat' dir='ltr'><em>mns.</em></span> <span class='ocrx_word' id='word_1_117' title='bbox 1010 1098 1085 1156; x_wconf 84' lang='lat' dir='ltr'><em>Sicut</em></span> <span class='ocrx_word' id='word_1_118' title='bbox 1098 1114 1163 1173; x_wconf 84' lang='lat' dir='ltr'><em>ergo</em></span> <span class='ocrx_word' id='word_1_119' title='bbox 1178 1100 1346 1157; x_wconf 84' lang='lat' dir='ltr'><em>circumcisio</em></span> <span class='ocrx_word' id='word_1_120' title='bbox 1360 1102 1488 1175; x_wconf 85' lang='lat' dir='ltr'><em>carnalis,</em></span> <span class='ocrx_word' id='word_1_121' title='bbox 1504 1120 1565 1176; x_wconf 82' lang='lat' dir='ltr'><em>quos</em></span> <span class='ocrx_word' id='word_1_122' title='bbox 1581 1115 1718 1178; x_wconf 88' lang='lat' dir='ltr'><em>tempori-</em></span> 
     </span>
     <span class='ocr_line' id='line_1_10' title="bbox 68 1181 1720 1262; baseline 0.003 -17"><span class='ocrx_word' id='word_1_123' title='bbox 68 1192 174 1245; x_wconf 83' lang='lat' dir='ltr'><em>constet</em></span> <span class='ocrx_word' id='word_1_124' title='bbox 204 1184 339 1241; x_wconf 88' lang='lat' dir='ltr'><em>Seiioram</em></span> <span class='ocrx_word' id='word_1_125' title='bbox 366 1192 487 1241; x_wconf 87' lang='lat' dir='ltr'><em>coactam</em></span> <span class='ocrx_word' id='word_1_126' title='bbox 516 1183 549 1238; x_wconf 89' lang='lat' dir='ltr'><em>ab</em></span> <span class='ocrx_word' id='word_1_127' title='bbox 564 1182 660 1255; x_wconf 87' lang='lat' dir='ltr'><em>angelo</em></span> <span class='ocrx_word' id='word_1_128' title='bbox 676 1183 701 1238; x_wconf 92' lang='lat' dir='ltr'><em>id</em></span> <span class='ocrx_word' id='word_1_129' title='bbox 725 1181 822 1238; x_wconf 88' lang='lat' dir='ltr'><em>iecisse</em></span> <span class='ocrx_word' id='word_1_130' title='bbox 841 1182 869 1238; x_wconf 94' lang='lat' dir='ltr'><em>in</em></span> <span class='ocrx_word' id='word_1_131' title='bbox 922 1184 956 1239; x_wconf 89' lang='lat' dir='ltr'><em>lis</em></span> <span class='ocrx_word' id='word_1_132' title='bbox 970 1196 1036 1252; x_wconf 85' lang='lat' dir='ltr'><em>erat,</em></span> <span class='ocrx_word' id='word_1_133' title='bbox 1053 1187 1151 1244; x_wconf 89' lang='lat' dir='ltr'><em>tributa</em></span> <span class='ocrx_word' id='word_1_134' title='bbox 1164 1194 1205 1243; x_wconf 88' lang='lat' dir='ltr'><em>est</em></span> <span class='ocrx_word' id='word_1_135' title='bbox 1219 1189 1245 1243; x_wconf 92' lang='lat' dir='ltr'><em>in</em></span> <span class='ocrx_word' id='word_1_136' title='bbox 1261 1188 1368 1262; x_wconf 87' lang='lat' dir='ltr'><em>signum</em></span> <span class='ocrx_word' id='word_1_137' title='bbox 1383 1191 1485 1262; x_wconf 90' lang='lat' dir='ltr'><em>populo</em></span> <span class='ocrx_word' id='word_1_138' title='bbox 1504 1194 1666 1260; x_wconf 80' lang='lat' dir='ltr'><em>contumaci,</em></span> <span class='ocrx_word' id='word_1_139' title='bbox 1683 1193 1720 1251; x_wconf 86' lang='lat' dir='ltr'><em>iti</em></span> 
     </span>
     <span class='ocr_line' id='line_1_11' title="bbox 69 1271 1717 1352; baseline 0.004 -20"><span class='ocrx_word' id='word_1_140' title='bbox 69 1275 178 1339; x_wconf 86' lang='lat' dir='ltr'><em>itinere.</em></span> <span class='ocrx_word' id='word_1_141' title='bbox 205 1273 417 1330; x_wconf 80' lang='lat' dir='ltr'><em>Consideremus</em></span> <span class='ocrx_word' id='word_1_142' title='bbox 446 1272 536 1344; x_wconf 88' lang='lat' dir='ltr'><em>itaque</em></span> <span class='ocrx_word' id='word_1_143' title='bbox 563 1271 636 1343; x_wconf 90' lang='lat' dir='ltr'><em>quod</em></span> <span class='ocrx_word' id='word_1_144' title='bbox 667 1286 721 1327; x_wconf 93' lang='lat' dir='ltr'><em>nou</em></span> <span class='ocrx_word' id='word_1_145' title='bbox 750 1271 867 1343; x_wconf 89' lang='lat' dir='ltr'><em>potuerit</em></span> <span class='ocrx_word' id='word_1_146' title='bbox 922 1275 1051 1346; x_wconf 89' lang='lat' dir='ltr'><em>spiritalis</em></span> <span class='ocrx_word' id='word_1_147' title='bbox 1065 1275 1126 1332; x_wconf 92' lang='lat' dir='ltr'><em>data</em></span> <span class='ocrx_word' id='word_1_148' title='bbox 1140 1277 1219 1333; x_wconf 86' lang='lat' dir='ltr'><em>estin</em></span> <span class='ocrx_word' id='word_1_149' title='bbox 1235 1278 1351 1334; x_wconf 87' lang='lat' dir='ltr'><em>salutem</em></span> <span class='ocrx_word' id='word_1_150' title='bbox 1365 1283 1468 1352; x_wconf 90' lang='lat' dir='ltr'><em>populo</em></span> <span class='ocrx_word' id='word_1_151' title='bbox 1487 1282 1653 1348; x_wconf 80' lang='lat' dir='ltr'><em>obaudienti,</em></span> <span class='ocrx_word' id='word_1_152' title='bbox 1676 1284 1717 1339; x_wconf 92' lang='lat' dir='ltr'><em>di-</em></span> 
     </span>
     <span class='ocr_line' id='line_1_12' title="bbox 70 1359 1716 1441; baseline 0.009 -27"><span class='ocrx_word' id='word_1_153' title='bbox 70 1367 152 1422; x_wconf 77' lang='lat' dir='ltr'><em>uniua</em></span> <span class='ocrx_word' id='word_1_154' title='bbox 183 1362 294 1420; x_wconf 76' lang='lat' dir='ltr'><em>insaniis</em></span> <span class='ocrx_word' id='word_1_155' title='bbox 333 1370 426 1420; x_wconf 83' lang='lat' dir='ltr'><em>coacta</em></span> <span class='ocrx_word' id='word_1_156' title='bbox 461 1361 629 1418; x_wconf 85' lang='lat' dir='ltr'><em>circumcisio</em></span> <span class='ocrx_word' id='word_1_157' title='bbox 665 1361 739 1417; x_wconf 88' lang='lat' dir='ltr'><em>omni</em></span> <span class='ocrx_word' id='word_1_158' title='bbox 768 1359 869 1433; x_wconf 90' lang='lat' dir='ltr'><em>populo</em></span> <span class='ocrx_word' id='word_1_159' title='bbox 922 1365 1419 1436; x_wconf 80' lang='lat' dir='ltr'><em>conteprophetalcremiaihiriovote</em></span> <span class='ocrx_word' id='word_1_160' title='bbox 1433 1368 1716 1441; x_wconf 70' lang='lat' dir='ltr'><em>oobhnooitotem³⁵‚</em></span> 
     </span>
     <span class='ocr_line' id='line_1_13' title="bbox 71 1448 1721 1530; baseline 0.005 -19"><span class='ocrx_word' id='word_1_161' title='bbox 71 1452 256 1528; x_wconf 70' lang='lat' dir='ltr'><em>prescribere,</em></span> <span class='ocrx_word' id='word_1_162' title='bbox 272 1460 300 1509; x_wconf 88' lang='lat' dir='ltr'><em>el</em></span> <span class='ocrx_word' id='word_1_163' title='bbox 314 1451 391 1525; x_wconf 87' lang='lat' dir='ltr'><em>quasi</em></span> <span class='ocrx_word' id='word_1_164' title='bbox 405 1451 496 1526; x_wconf 87' lang='lat' dir='ltr'><em>legam</em></span> <span class='ocrx_word' id='word_1_165' title='bbox 518 1451 600 1522; x_wconf 86' lang='lat' dir='ltr'><em>hujus</em></span> <span class='ocrx_word' id='word_1_166' title='bbox 619 1451 747 1522; x_wconf 79' lang='lat' dir='ltr'><em>precepti</em></span> <span class='ocrx_word' id='word_1_167' title='bbox 768 1448 870 1508; x_wconf 84' lang='lat' dir='ltr'><em>cende-</em></span> <span class='ocrx_word' id='word_1_168' title='bbox 922 1458 950 1509; x_wconf 90' lang='lat' dir='ltr'><em>et</em></span> <span class='ocrx_word' id='word_1_169' title='bbox 962 1454 1051 1512; x_wconf 81' lang='lat' dir='ltr'><em>nolite</em></span> <span class='ocrx_word' id='word_1_170' title='bbox 1064 1457 1206 1513; x_wconf 83' lang='lat' dir='ltr'><em>semitiora</em></span> <span class='ocrx_word' id='word_1_171' title='bbox 1215 1458 1248 1512; x_wconf 83' lang='lat' dir='ltr'><em>iri</em></span> <span class='ocrx_word' id='word_1_172' title='bbox 1257 1457 1355 1530; x_wconf 80' lang='lat' dir='ltr'><em>spinis.</em></span> <span class='ocrx_word' id='word_1_173' title='bbox 1367 1458 1611 1518; x_wconf 80' lang='lat' dir='ltr'><em>Circumcidiriiirei</em></span> <span class='ocrx_word' id='word_1_174' title='bbox 1620 1463 1683 1528; x_wconf 84' lang='lat' dir='ltr'><em>Deo,</em></span> <span class='ocrx_word' id='word_1_175' title='bbox 1693 1467 1721 1519; x_wconf 91' lang='lat' dir='ltr'><em>et</em></span> 
     </span>
     <span class='ocr_line' id='line_1_14' title="bbox 71 1538 1720 1619; baseline 0.003 -18"><span class='ocrx_word' id='word_1_176' title='bbox 71 1559 112 1601; x_wconf 86' lang='lat' dir='ltr'><em>rc.</em></span> <span class='ocrx_word' id='word_1_177' title='bbox 137 1543 210 1600; x_wconf 83' lang='lat' dir='ltr'><em>Nara</em></span> <span class='ocrx_word' id='word_1_178' title='bbox 238 1542 383 1615; x_wconf 84' lang='lat' dir='ltr'><em>providens</em></span> <span class='ocrx_word' id='word_1_179' title='bbox 400 1541 476 1597; x_wconf 89' lang='lat' dir='ltr'><em>Deus</em></span> <span class='ocrx_word' id='word_1_180' title='bbox 502 1540 576 1611; x_wconf 87' lang='lat' dir='ltr'><em>quod</em></span> <span class='ocrx_word' id='word_1_181' title='bbox 600 1541 670 1595; x_wconf 90' lang='lat' dir='ltr'><em>hanc</em></span> <span class='ocrx_word' id='word_1_182' title='bbox 684 1538 869 1596; x_wconf 88' lang='lat' dir='ltr'><em>circumcisio-</em></span> <span class='ocrx_word' id='word_1_183' title='bbox 922 1544 1119 1600; x_wconf 83' lang='lat' dir='ltr'><em>circumcidite</em></span> <span class='ocrx_word' id='word_1_184' title='bbox 1127 1547 1301 1616; x_wconf 85' lang='lat' dir='ltr'><em>praeputium</em></span> <span class='ocrx_word' id='word_1_185' title='bbox 1316 1546 1408 1603; x_wconf 85' lang='lat' dir='ltr'><em>cordis</em></span> <span class='ocrx_word' id='word_1_186' title='bbox 1418 1549 1505 1604; x_wconf 87' lang='lat' dir='ltr'><em>uestri</em></span> <span class='ocrx_word' id='word_1_187' title='bbox 1513 1546 1625 1619; x_wconf 81' lang='lat' dir='ltr'><em>(ierem.</em></span> <span class='ocrx_word' id='word_1_188' title='bbox 1637 1564 1677 1613; x_wconf 88' lang='lat' dir='ltr'><em>tv,</em></span> <span class='ocrx_word' id='word_1_189' title='bbox 1692 1555 1720 1617; x_wconf 87' lang='grc'><em>3,</em></span> 
     </span>
     <span class='ocr_line' id='line_1_15' title="bbox 72 1628 1722 1706; baseline 0.003 -18"><span class='ocrx_word' id='word_1_190' title='bbox 72 1649 134 1690; x_wconf 88' lang='lat' dir='ltr'><em>nem</em></span> <span class='ocrx_word' id='word_1_191' title='bbox 156 1633 185 1688; x_wconf 92' lang='lat' dir='ltr'><em>in</em></span> <span class='ocrx_word' id='word_1_192' title='bbox 217 1630 335 1706; x_wconf 89' lang='lat' dir='ltr'><em>signum,</em></span> <span class='ocrx_word' id='word_1_193' title='bbox 354 1645 410 1686; x_wconf 92' lang='lat' dir='ltr'><em>non</em></span> <span class='ocrx_word' id='word_1_194' title='bbox 433 1628 460 1685; x_wconf 94' lang='lat' dir='ltr'><em>in</em></span> <span class='ocrx_word' id='word_1_195' title='bbox 475 1628 587 1684; x_wconf 89' lang='lat' dir='ltr'><em>salutem</em></span> <span class='ocrx_word' id='word_1_196' title='bbox 603 1636 677 1685; x_wconf 91' lang='lat' dir='ltr'><em>essct</em></span> <span class='ocrx_word' id='word_1_197' title='bbox 690 1628 803 1684; x_wconf 87' lang='lat' dir='ltr'><em>daturus</em></span> <span class='ocrx_word' id='word_1_198' title='bbox 818 1643 869 1700; x_wconf 92' lang='lat' dir='ltr'><em>po·</em></span> <span class='ocrx_word' id='word_1_199' title='bbox 923 1630 962 1701; x_wconf 77' lang='lat' dir='ltr'><em>h).</em></span> <span class='ocrx_word' id='word_1_200' title='bbox 977 1631 1011 1686; x_wconf 83' lang='lat' dir='ltr'><em>Et</em></span> <span class='ocrx_word' id='word_1_201' title='bbox 1021 1630 1073 1686; x_wconf 91' lang='lat' dir='ltr'><em>alio</em></span> <span class='ocrx_word' id='word_1_202' title='bbox 1089 1630 1150 1687; x_wconf 88' lang='lat' dir='ltr'><em>loco</em></span> <span class='ocrx_word' id='word_1_203' title='bbox 1164 1631 1228 1686; x_wconf 91' lang='lat' dir='ltr'><em>dicit</em></span> <span class='ocrx_word' id='word_1_204' title='bbox 1242 1647 1250 1690; x_wconf 81' lang='lat' dir='ltr'><em>i</em></span> <span class='ocrx_word' id='word_1_205' title='bbox 1266 1635 1335 1689; x_wconf 81' lang='lat' dir='ltr'><em>Eece</em></span> <span class='ocrx_word' id='word_1_206' title='bbox 1349 1636 1426 1691; x_wconf 84' lang='lat' dir='ltr'><em>enim</em></span> <span class='ocrx_word' id='word_1_207' title='bbox 1440 1635 1499 1693; x_wconf 87' lang='lat' dir='ltr'><em>dies</em></span> <span class='ocrx_word' id='word_1_208' title='bbox 1508 1637 1638 1702; x_wconf 81' lang='lat' dir='ltr'><em>venierit,</em></span> <span class='ocrx_word' id='word_1_209' title='bbox 1650 1637 1722 1693; x_wconf 90' lang='lat' dir='ltr'><em>dicit</em></span> 
     </span>
     <span class='ocr_line' id='line_1_16' title="bbox 75 1716 1720 1794; baseline 0.004 -17"><span class='ocrx_word' id='word_1_210' title='bbox 75 1723 140 1794; x_wconf 89' lang='lat' dir='ltr'><em>pulo</em></span> <span class='ocrx_word' id='word_1_211' title='bbox 155 1720 249 1786; x_wconf 83' lang='lat' dir='ltr'><em>lsrael,</em></span> <span class='ocrx_word' id='word_1_212' title='bbox 265 1720 366 1777; x_wconf 91' lang='lat' dir='ltr'><em>idcirco</em></span> <span class='ocrx_word' id='word_1_213' title='bbox 380 1717 464 1775; x_wconf 88' lang='lat' dir='ltr'><em>lilium</em></span> <span class='ocrx_word' id='word_1_214' title='bbox 475 1717 562 1790; x_wconf 82' lang='lat' dir='ltr'><em>hloysi</em></span> <span class='ocrx_word' id='word_1_215' title='bbox 576 1717 652 1774; x_wconf 90' lang='lat' dir='ltr'><em>ducis</em></span> <span class='ocrx_word' id='word_1_216' title='bbox 662 1716 746 1774; x_wconf 82' lang='lat' dir='ltr'><em>futuri</em></span> <span class='ocrx_word' id='word_1_217' title='bbox 755 1717 869 1791; x_wconf 85' lang='lat' dir='ltr'><em>instigat</em></span> <span class='ocrx_word' id='word_1_218' title='bbox 922 1721 1068 1783; x_wconf 78' lang='lat' dir='ltr'><em>Domitius,</em></span> <span class='ocrx_word' id='word_1_219' title='bbox 1088 1724 1117 1776; x_wconf 86' lang='lat' dir='ltr'><em>et</em></span> <span class='ocrx_word' id='word_1_220' title='bbox 1128 1720 1275 1792; x_wconf 83' lang='lat' dir='ltr'><em>disponam</em></span> <span class='ocrx_word' id='word_1_221' title='bbox 1289 1720 1385 1778; x_wconf 72' lang='lat' dir='ltr'><em>domm</em></span> <span class='ocrx_word' id='word_1_222' title='bbox 1399 1723 1473 1779; x_wconf 78' lang='lat' dir='ltr'><em>doda</em></span> <span class='ocrx_word' id='word_1_223' title='bbox 1486 1727 1515 1782; x_wconf 88' lang='lat' dir='ltr'><em>et</em></span> <span class='ocrx_word' id='word_1_224' title='bbox 1528 1724 1625 1783; x_wconf 74' lang='lat' dir='ltr'><em>domm</em></span> <span class='ocrx_word' id='word_1_225' title='bbox 1639 1725 1720 1783; x_wconf 82' lang='lat' dir='ltr'><em>loeol</em></span> 
     </span>
     <span class='ocr_line' id='line_1_17' title="bbox 75 1777 1722 1886; baseline 0.002 -18"><span class='ocrx_word' id='word_1_226' title='bbox 75 1811 241 1879; x_wconf 86' lang='lat' dir='ltr'><em>circumcidi,</em></span> <span class='ocrx_word' id='word_1_227' title='bbox 268 1817 298 1867; x_wconf 89' lang='lat' dir='ltr'><em>ut</em></span> <span class='ocrx_word' id='word_1_228' title='bbox 320 1825 381 1865; x_wconf 90' lang='lat' dir='ltr'><em>cum</em></span> <span class='ocrx_word' id='word_1_229' title='bbox 403 1809 531 1879; x_wconf 88' lang='lat' dir='ltr'><em>coepisset</em></span> <span class='ocrx_word' id='word_1_230' title='bbox 546 1822 595 1878; x_wconf 87' lang='lat' dir='ltr'><em>pei·</em></span> <span class='ocrx_word' id='word_1_231' title='bbox 617 1809 679 1862; x_wconf 87' lang='lat' dir='ltr'><em>eum</em></span> <span class='ocrx_word' id='word_1_232' title='bbox 693 1807 793 1879; x_wconf 92' lang='lat' dir='ltr'><em>populo</em></span> <span class='ocrx_word' id='word_1_233' title='bbox 806 1806 870 1863; x_wconf 88' lang='lat' dir='ltr'><em>dare</em></span> <span class='ocrx_word' id='word_1_234' title='bbox 886 1777 908 1855; x_wconf 69' lang='grc' dir='ltr'><strong><em>Β</em></strong></span> <span class='ocrx_word' id='word_1_235' title='bbox 925 1812 1129 1867; x_wconf 83' lang='lat' dir='ltr'><em>testamentarii</em></span> <span class='ocrx_word' id='word_1_236' title='bbox 1139 1826 1255 1877; x_wconf 83' lang='lat' dir='ltr'><em>nouam,</em></span> <span class='ocrx_word' id='word_1_237' title='bbox 1265 1807 1354 1866; x_wconf 72' lang='grc'><em>604</em></span> <span class='ocrx_word' id='word_1_238' title='bbox 1364 1827 1421 1869; x_wconf 84' lang='lat' dir='ltr'><em>nori</em></span> <span class='ocrx_word' id='word_1_239' title='bbox 1431 1813 1489 1870; x_wconf 84' lang='lat' dir='ltr'><em>tole</em></span> <span class='ocrx_word' id='word_1_240' title='bbox 1498 1813 1580 1884; x_wconf 82' lang='lat' dir='ltr'><em>quote</em></span> <span class='ocrx_word' id='word_1_241' title='bbox 1585 1815 1649 1886; x_wconf 81' lang='lat' dir='ltr'><em>jam</em></span> <span class='ocrx_word' id='word_1_242' title='bbox 1658 1814 1722 1872; x_wconf 88' lang='lat' dir='ltr'><em>dedi</em></span> 
     </span>
     <span class='ocr_line' id='line_1_18' title="bbox 79 1898 1766 1976; baseline 0 -18"><span class='ocrx_word' id='word_1_243' title='bbox 79 1912 241 1974; x_wconf 79' lang='lat' dir='ltr'><em>praeceptum</em></span> <span class='ocrx_word' id='word_1_244' title='bbox 258 1898 481 1965; x_wconf 85' lang='lat' dir='ltr'><em>circumcisionis,</em></span> <span class='ocrx_word' id='word_1_245' title='bbox 503 1912 557 1954; x_wconf 92' lang='lat' dir='ltr'><em>non</em></span> <span class='ocrx_word' id='word_1_246' title='bbox 571 1905 765 1967; x_wconf 81' lang='lat' dir='ltr'><em>aspernaretur</em></span> <span class='ocrx_word' id='word_1_247' title='bbox 780 1911 869 1967; x_wconf 89' lang='lat' dir='ltr'><em>popu·</em></span> <span class='ocrx_word' id='word_1_248' title='bbox 925 1898 1053 1970; x_wconf 81' lang='lat' dir='ltr'><em>putridam</em></span> <span class='ocrx_word' id='word_1_249' title='bbox 1066 1901 1205 1957; x_wconf 84' lang='lat' dir='ltr'><em>eorumiie</em></span> <span class='ocrx_word' id='word_1_250' title='bbox 1220 1899 1265 1956; x_wconf 90' lang='lat' dir='ltr'><em>die</em></span> <span class='ocrx_word' id='word_1_251' title='bbox 1279 1899 1724 1976; x_wconf 79' lang='lat' dir='ltr'><em>qooeoseduetdeterroAEqqq·</em></span> <span class='ocrx_word' id='word_1_252' title='bbox 1758 1910 1766 1917; x_wconf 87' lang='grc'><em>·</em></span> 
     </span>
     <span class='ocr_line' id='line_1_19' title="bbox 79 1984 1724 2063; baseline 0 -18"><span class='ocrx_word' id='word_1_253' title='bbox 79 1990 136 2057; x_wconf 86' lang='lat' dir='ltr'><em>lns,</em></span> <span class='ocrx_word' id='word_1_254' title='bbox 164 1987 258 2046; x_wconf 88' lang='lat' dir='ltr'><em>ridens</em></span> <span class='ocrx_word' id='word_1_255' title='bbox 281 1989 434 2060; x_wconf 84' lang='lat' dir='ltr'><em>exemplum</em></span> <span class='ocrx_word' id='word_1_256' title='bbox 463 1986 535 2043; x_wconf 89' lang='lat' dir='ltr'><em>istud</em></span> <span class='ocrx_word' id='word_1_257' title='bbox 560 1985 589 2041; x_wconf 90' lang='lat' dir='ltr'><em>in</em></span> <span class='ocrx_word' id='word_1_258' title='bbox 616 1985 694 2042; x_wconf 88' lang='lat' dir='ltr'><em>ducis</em></span> <span class='ocrx_word' id='word_1_259' title='bbox 707 1984 763 2042; x_wconf 89' lang='lat' dir='ltr'><em>filio</em></span> <span class='ocrx_word' id='word_1_260' title='bbox 777 1984 802 2024; x_wconf 85' lang='lat'><em>³²</em></span> <span class='ocrx_word' id='word_1_261' title='bbox 815 1987 871 2055; x_wconf 84' lang='lat' dir='ltr'><em>jam</em></span> <span class='ocrx_word' id='word_1_262' title='bbox 926 1989 958 2043; x_wconf 90' lang='lat' dir='ltr'><em>ti.</em></span> <span class='ocrx_word' id='word_1_263' title='bbox 984 1987 1060 2043; x_wconf 85' lang='lat' dir='ltr'><em>Unde</em></span> <span class='ocrx_word' id='word_1_264' title='bbox 1090 1985 1269 2061; x_wconf 83' lang='lat' dir='ltr'><em>intelligimus</em></span> <span class='ocrx_word' id='word_1_265' title='bbox 1293 1997 1321 2044; x_wconf 90' lang='lat' dir='ltr'><em>et</em></span> <span class='ocrx_word' id='word_1_266' title='bbox 1344 1988 1463 2063; x_wconf 84' lang='lat' dir='ltr'><em>priorem</em></span> <span class='ocrx_word' id='word_1_267' title='bbox 1490 1988 1724 2047; x_wconf 76' lang='lat' dir='ltr'><em>droumcisionem</em></span> 
     </span>
     <span class='ocr_line' id='line_1_20' title="bbox 74 2072 1719 2154; baseline 0.002 -21"><span class='ocrx_word' id='word_1_268' title='bbox 74 2076 251 2135; x_wconf 88' lang='lat' dir='ltr'><em>celebratum.</em></span> <span class='ocrx_word' id='word_1_269' title='bbox 265 2077 328 2134; x_wconf 89' lang='lat' dir='ltr'><em>Dari</em></span> <span class='ocrx_word' id='word_1_270' title='bbox 342 2077 414 2133; x_wconf 89' lang='lat' dir='ltr'><em>enim</em></span> <span class='ocrx_word' id='word_1_271' title='bbox 443 2075 560 2132; x_wconf 88' lang='lat' dir='ltr'><em>habebat</em></span> <span class='ocrx_word' id='word_1_272' title='bbox 581 2073 759 2140; x_wconf 88' lang='lat' dir='ltr'><em>circumcisio,</em></span> <span class='ocrx_word' id='word_1_273' title='bbox 775 2073 824 2129; x_wconf 91' lang='lat' dir='ltr'><em>sed</em></span> <span class='ocrx_word' id='word_1_274' title='bbox 842 2072 871 2128; x_wconf 91' lang='lat' dir='ltr'><em>in</em></span> <span class='ocrx_word' id='word_1_275' title='bbox 926 2084 988 2133; x_wconf 93' lang='lat' dir='ltr'><em>tunc</em></span> <span class='ocrx_word' id='word_1_276' title='bbox 1011 2077 1101 2132; x_wconf 89' lang='lat' dir='ltr'><em>datam</em></span> <span class='ocrx_word' id='word_1_277' title='bbox 1134 2086 1308 2144; x_wconf 87' lang='lat' dir='ltr'><em>cessaturam,</em></span> <span class='ocrx_word' id='word_1_278' title='bbox 1327 2086 1354 2135; x_wconf 90' lang='lat' dir='ltr'><em>et</em></span> <span class='ocrx_word' id='word_1_279' title='bbox 1381 2093 1478 2136; x_wconf 78' lang='lat' dir='ltr'><em>noran</em></span> <span class='ocrx_word' id='word_1_280' title='bbox 1495 2078 1593 2154; x_wconf 90' lang='lat' dir='ltr'><em>legam,</em></span> <span class='ocrx_word' id='word_1_281' title='bbox 1608 2093 1663 2134; x_wconf 94' lang='lat' dir='ltr'><em>non</em></span> <span class='ocrx_word' id='word_1_282' title='bbox 1676 2086 1719 2136; x_wconf 86' lang='lat' dir='ltr'><em>ta-</em></span> 
     </span>
     <span class='ocr_line' id='line_1_21' title="bbox 72 2161 1721 2239; baseline 0 -15"><span class='ocrx_word' id='word_1_283' title='bbox 72 2167 186 2239; x_wconf 81' lang='lat' dir='ltr'><em>signiim</em></span> <span class='ocrx_word' id='word_1_284' title='bbox 210 2183 217 2222; x_wconf 91' lang='lat'><strong>:</strong></span> <span class='ocrx_word' id='word_1_285' title='bbox 248 2165 320 2224; x_wconf 90' lang='lat' dir='ltr'><em>unde</em></span> <span class='ocrx_word' id='word_1_286' title='bbox 341 2165 423 2221; x_wconf 89' lang='lat' dir='ltr'><em>lsrael</em></span> <span class='ocrx_word' id='word_1_287' title='bbox 452 2165 480 2219; x_wconf 92' lang='lat' dir='ltr'><em>in</em></span> <span class='ocrx_word' id='word_1_288' title='bbox 507 2163 656 2221; x_wconf 85' lang='lat' dir='ltr'><em>notissimo</em></span> <span class='ocrx_word' id='word_1_289' title='bbox 680 2169 802 2233; x_wconf 89' lang='lat' dir='ltr'><em>tempore</em></span> <span class='ocrx_word' id='word_1_290' title='bbox 826 2161 871 2217; x_wconf 92' lang='lat' dir='ltr'><em>di-</em></span> <span class='ocrx_word' id='word_1_291' title='bbox 925 2165 976 2220; x_wconf 91' lang='lat' dir='ltr'><em>lem</em></span> <span class='ocrx_word' id='word_1_292' title='bbox 1002 2168 1109 2239; x_wconf 88' lang='lat' dir='ltr'><em>qualem</em></span> <span class='ocrx_word' id='word_1_293' title='bbox 1142 2166 1200 2237; x_wconf 86' lang='lat' dir='ltr'><em>jam</em></span> <span class='ocrx_word' id='word_1_294' title='bbox 1233 2166 1342 2222; x_wconf 89' lang='lat' dir='ltr'><em>dederat</em></span> <span class='ocrx_word' id='word_1_295' title='bbox 1371 2166 1490 2236; x_wconf 89' lang='lat' dir='ltr'><em>patribus</em></span> <span class='ocrx_word' id='word_1_296' title='bbox 1523 2182 1721 2239; x_wconf 86' lang='lat' dir='ltr'><em>processuram,</em></span> 
     </span>
     <span class='ocr_line' id='line_1_22' title="bbox 75 2250 1721 2329; baseline 0.001 -18"><span class='ocrx_word' id='word_1_297' title='bbox 75 2253 174 2328; x_wconf 90' lang='lat' dir='ltr'><em>gnosci</em></span> <span class='ocrx_word' id='word_1_298' title='bbox 193 2255 313 2320; x_wconf 86' lang='lat' dir='ltr'><em>haberet,</em></span> <span class='ocrx_word' id='word_1_299' title='bbox 339 2253 446 2326; x_wconf 89' lang='lat' dir='ltr'><em>qnando</em></span> <span class='ocrx_word' id='word_1_300' title='bbox 473 2252 625 2309; x_wconf 89' lang='lat' dir='ltr'><em>secundum</em></span> <span class='ocrx_word' id='word_1_301' title='bbox 648 2268 696 2306; x_wconf 90' lang='lat' dir='ltr'><em>sua</em></span> <span class='ocrx_word' id='word_1_302' title='bbox 723 2251 816 2307; x_wconf 89' lang='lat' dir='ltr'><em>merita</em></span> <span class='ocrx_word' id='word_1_303' title='bbox 842 2250 871 2305; x_wconf 92' lang='lat' dir='ltr'><em>in</em></span> <span class='ocrx_word' id='word_1_304' title='bbox 926 2254 1088 2325; x_wconf 87' lang='lat' dir='ltr'><em>annuntiari,</em></span> <span class='ocrx_word' id='word_1_305' title='bbox 1103 2254 1171 2312; x_wconf 89' lang='lat' dir='ltr'><em>sicut</em></span> <span class='ocrx_word' id='word_1_306' title='bbox 1194 2254 1277 2311; x_wconf 88' lang='lat' dir='ltr'><em>isaias</em></span> <span class='ocrx_word' id='word_1_307' title='bbox 1296 2254 1450 2325; x_wconf 79' lang='lat' dir='ltr'><em>praedicarit</em></span> <span class='ocrx_word' id='word_1_308' title='bbox 1471 2254 1575 2323; x_wconf 88' lang='lat' dir='ltr'><em>dicens,</em></span> <span class='ocrx_word' id='word_1_309' title='bbox 1602 2257 1676 2329; x_wconf 91' lang='lat' dir='ltr'><em>quod</em></span> <span class='ocrx_word' id='word_1_310' title='bbox 1693 2257 1721 2313; x_wconf 92' lang='lat' dir='ltr'><em>in</em></span> 
     </span>
     <span class='ocr_line' id='line_1_23' title="bbox 73 2340 1721 2417; baseline 0.003 -20"><span class='ocrx_word' id='word_1_311' title='bbox 73 2351 196 2401; x_wconf 75' lang='lat' dir='ltr'><em>mncmm</em></span> <span class='ocrx_word' id='word_1_312' title='bbox 211 2343 346 2402; x_wconf 79' lang='lat' dir='ltr'><em>ciuitatem</em></span> <span class='ocrx_word' id='word_1_313' title='bbox 375 2342 482 2416; x_wconf 83' lang='lat' dir='ltr'><em>ingredi</em></span> <span class='ocrx_word' id='word_1_314' title='bbox 501 2342 703 2413; x_wconf 83' lang='lat' dir='ltr'><em>prohiberetur,</em></span> <span class='ocrx_word' id='word_1_315' title='bbox 720 2356 768 2410; x_wconf 89' lang='lat' dir='ltr'><em>per</em></span> <span class='ocrx_word' id='word_1_316' title='bbox 791 2340 872 2397; x_wconf 84' lang='lat' dir='ltr'><em>rerba</em></span> <span class='ocrx_word' id='word_1_317' title='bbox 925 2345 1088 2403; x_wconf 81' lang='lat' dir='ltr'><em>novissimis</em></span> <span class='ocrx_word' id='word_1_318' title='bbox 1107 2345 1203 2401; x_wconf 83' lang='lat' dir='ltr'><em>diebus</em></span> <span class='ocrx_word' id='word_1_319' title='bbox 1220 2346 1394 2416; x_wconf 78' lang='lat' dir='ltr'><em>manifestus</em></span> <span class='ocrx_word' id='word_1_320' title='bbox 1416 2348 1537 2417; x_wconf 71' lang='lat' dir='ltr'><em>saturus</em></span> <span class='ocrx_word' id='word_1_321' title='bbox 1552 2349 1624 2404; x_wconf 82' lang='lat' dir='ltr'><em>esset</em></span> <span class='ocrx_word' id='word_1_322' title='bbox 1639 2362 1721 2405; x_wconf 87' lang='lat' dir='ltr'><em>moris</em></span> 
     </span>
     <span class='ocr_line' id='line_1_24' title="bbox 73 2429 1723 2507; baseline 0 -14"><span class='ocrx_word' id='word_1_323' title='bbox 73 2436 270 2506; x_wconf 78' lang='lat' dir='ltr'><em>prophetarum</em></span> <span class='ocrx_word' id='word_1_324' title='bbox 283 2433 448 2488; x_wconf 66' lang='lat' dir='ltr'><em>timentium:</em></span> <span class='ocrx_word' id='word_1_325' title='bbox 464 2433 546 2489; x_wconf 73' lang='lat' dir='ltr'><em>Tetra</em></span> <span class='ocrx_word' id='word_1_326' title='bbox 555 2435 649 2488; x_wconf 70' lang='lat' dir='ltr'><em>vetita</em></span> <span class='ocrx_word' id='word_1_327' title='bbox 663 2429 784 2494; x_wconf 70' lang='lat' dir='ltr'><em>deterit,</em></span> <span class='ocrx_word' id='word_1_328' title='bbox 800 2430 871 2486; x_wconf 71' lang='lat' dir='ltr'><em>tivi·</em></span> <span class='ocrx_word' id='word_1_329' title='bbox 925 2437 1048 2500; x_wconf 83' lang='lat' dir='ltr'><em>Domini,</em></span> <span class='ocrx_word' id='word_1_330' title='bbox 1068 2438 1097 2491; x_wconf 87' lang='lat' dir='ltr'><em>et</em></span> <span class='ocrx_word' id='word_1_331' title='bbox 1110 2433 1210 2491; x_wconf 84' lang='lat' dir='ltr'><em>domus</em></span> <span class='ocrx_word' id='word_1_332' title='bbox 1220 2435 1270 2490; x_wconf 85' lang='lat' dir='ltr'><em>Dei</em></span> <span class='ocrx_word' id='word_1_333' title='bbox 1286 2451 1372 2507; x_wconf 87' lang='lat' dir='ltr'><em>super</em></span> <span class='ocrx_word' id='word_1_334' title='bbox 1387 2436 1504 2491; x_wconf 86' lang='lat' dir='ltr'><em>vertices</em></span> <span class='ocrx_word' id='word_1_335' title='bbox 1518 2436 1663 2492; x_wconf 83' lang='lat' dir='ltr'><em>incutiam</em></span> <span class='ocrx_word' id='word_1_336' title='bbox 1675 2457 1684 2493; x_wconf 76' lang='grc' dir='ltr'><strong><em>ε</em></strong></span> <span class='ocrx_word' id='word_1_337' title='bbox 1695 2441 1723 2493; x_wconf 89' lang='lat' dir='ltr'><em>et</em></span> 
     </span>
     <span class='ocr_line' id='line_1_25' title="bbox 75 2518 1723 2595; baseline 0.001 -16"><span class='ocrx_word' id='word_1_338' title='bbox 75 2527 150 2580; x_wconf 87' lang='lat' dir='ltr'><em>tetes</em></span> <span class='ocrx_word' id='word_1_339' title='bbox 159 2526 263 2582; x_wconf 79' lang='lat' dir='ltr'><em>vestrae</em></span> <span class='ocrx_word' id='word_1_340' title='bbox 273 2522 335 2594; x_wconf 85' lang='lat' dir='ltr'><em>i&#39;qrii</em></span> <span class='ocrx_word' id='word_1_341' title='bbox 342 2527 463 2590; x_wconf 77' lang='lat' dir='ltr'><em>causta,</em></span> <span class='ocrx_word' id='word_1_342' title='bbox 476 2522 621 2592; x_wconf 73' lang='lat' dir='ltr'><em>reqiomiri</em></span> <span class='ocrx_word' id='word_1_343' title='bbox 630 2524 754 2577; x_wconf 86' lang='lat' dir='ltr'><em>vestram</em></span> <span class='ocrx_word' id='word_1_344' title='bbox 764 2518 795 2574; x_wconf 84' lang='lat' dir='ltr'><em>iri</em></span> <span class='ocrx_word' id='word_1_345' title='bbox 805 2533 873 2574; x_wconf 87' lang='lat' dir='ltr'><em>cori·</em></span> <span class='ocrx_word' id='word_1_346' title='bbox 926 2523 1111 2588; x_wconf 77' lang='lat' dir='ltr'><em>exaltabitur,</em></span> <span class='ocrx_word' id='word_1_347' title='bbox 1123 2521 1218 2594; x_wconf 88' lang='lat' dir='ltr'><em>iuquit,</em></span> <span class='ocrx_word' id='word_1_348' title='bbox 1229 2522 1538 2594; x_wconf 72' lang='lat' dir='ltr'><em>sapei-colleaoeoleot</em></span> <span class='ocrx_word' id='word_1_349' title='bbox 1547 2525 1723 2595; x_wconf 80' lang='lat' dir='ltr'><em>superillitus</em></span> 
     </span>
     <span class='ocr_line' id='line_1_26' title="bbox 72 2605 1723 2685; baseline -0.001 -16"><span class='ocrx_word' id='word_1_350' title='bbox 72 2616 174 2685; x_wconf 81' lang='lat' dir='ltr'><em>spectat</em></span> <span class='ocrx_word' id='word_1_351' title='bbox 184 2611 375 2670; x_wconf 84' lang='lat' dir='ltr'><em>uestroolierii</em></span> <span class='ocrx_word' id='word_1_352' title='bbox 384 2609 732 2675; x_wconf 85' lang='lat' dir='ltr'><em>comederit‚eidesertoet</em></span> <span class='ocrx_word' id='word_1_353' title='bbox 742 2605 873 2664; x_wconf 79' lang='lat' dir='ltr'><em>subversa</em></span> <span class='ocrx_word' id='word_1_354' title='bbox 925 2627 1020 2668; x_wconf 81' lang='lat' dir='ltr'><em>opines</em></span> <span class='ocrx_word' id='word_1_355' title='bbox 1033 2615 1139 2683; x_wconf 83' lang='lat' dir='ltr'><em>qerites,</em></span> <span class='ocrx_word' id='word_1_356' title='bbox 1155 2613 1183 2667; x_wconf 90' lang='lat' dir='ltr'><em>et</em></span> <span class='ocrx_word' id='word_1_357' title='bbox 1198 2608 1492 2677; x_wconf 79' lang='lat' dir='ltr'><em>amtoulentmulti,</em></span> <span class='ocrx_word' id='word_1_358' title='bbox 1509 2611 1662 2670; x_wconf 84' lang='lat' dir='ltr'><em>etdi&#39;eerit:</em></span> <span class='ocrx_word' id='word_1_359' title='bbox 1679 2614 1723 2672; x_wconf 84' lang='lat' dir='ltr'><em>re-</em></span> 
     </span>
     <span class='ocr_line' id='line_1_27' title="bbox 74 2695 1724 2774; baseline -0.001 -16"><span class='ocrx_word' id='word_1_360' title='bbox 74 2717 94 2758; x_wconf 85' lang='lat' dir='ltr'><em>o</em></span> <span class='ocrx_word' id='word_1_361' title='bbox 103 2701 220 2774; x_wconf 81' lang='lat' dir='ltr'><em>populis</em></span> <span class='ocrx_word' id='word_1_362' title='bbox 234 2700 390 2765; x_wconf 80' lang='lat' dir='ltr'><em>extraneis,</em></span> <span class='ocrx_word' id='word_1_363' title='bbox 410 2699 624 2769; x_wconf 79' lang='lat' dir='ltr'><em>derelinquetur</em></span> <span class='ocrx_word' id='word_1_364' title='bbox 640 2697 702 2768; x_wconf 70' lang='lat' dir='ltr'><em>iliu</em></span> <span class='ocrx_word' id='word_1_365' title='bbox 717 2697 784 2753; x_wconf 81' lang='lat' dir='ltr'><em>Sion</em></span> <span class='ocrx_word' id='word_1_366' title='bbox 798 2695 873 2751; x_wconf 85' lang='lat' dir='ltr'><em>sicot</em></span> <span class='ocrx_word' id='word_1_367' title='bbox 926 2702 998 2765; x_wconf 88' lang='lat' dir='ltr'><em>reite,</em></span> <span class='ocrx_word' id='word_1_368' title='bbox 1014 2698 1199 2754; x_wconf 79' lang='lat' dir='ltr'><em>ascendamus</em></span> <span class='ocrx_word' id='word_1_369' title='bbox 1209 2699 1242 2753; x_wconf 88' lang='lat' dir='ltr'><em>iri</em></span> <span class='ocrx_word' id='word_1_370' title='bbox 1255 2699 1382 2754; x_wconf 82' lang='lat' dir='ltr'><em>montem</em></span> <span class='ocrx_word' id='word_1_371' title='bbox 1398 2700 1519 2764; x_wconf 72' lang='lat' dir='ltr'><em>domim,</em></span> <span class='ocrx_word' id='word_1_372' title='bbox 1531 2702 1559 2754; x_wconf 93' lang='lat' dir='ltr'><em>et</em></span> <span class='ocrx_word' id='word_1_373' title='bbox 1568 2701 1600 2755; x_wconf 85' lang='lat' dir='ltr'><em>iii</em></span> <span class='ocrx_word' id='word_1_374' title='bbox 1610 2699 1724 2759; x_wconf 84' lang='lat' dir='ltr'><em>domam</em></span> 
     </span>
     <span class='ocr_line' id='line_1_28' title="bbox 76 2784 1723 2859; baseline -0.002 -13"><span class='ocrx_word' id='word_1_375' title='bbox 76 2805 144 2846; x_wconf 83' lang='lat' dir='ltr'><em>ceso</em></span> <span class='ocrx_word' id='word_1_376' title='bbox 153 2792 185 2846; x_wconf 86' lang='lat' dir='ltr'><em>iri</em></span> <span class='ocrx_word' id='word_1_377' title='bbox 191 2790 286 2859; x_wconf 73' lang='lat' dir='ltr'><em>muco,</em></span> <span class='ocrx_word' id='word_1_378' title='bbox 295 2793 323 2845; x_wconf 88' lang='lat' dir='ltr'><em>cl</em></span> <span class='ocrx_word' id='word_1_379' title='bbox 332 2789 406 2845; x_wconf 82' lang='lat' dir='ltr'><em>sicid</em></span> <span class='ocrx_word' id='word_1_380' title='bbox 415 2786 622 2846; x_wconf 85' lang='lat' dir='ltr'><em>custodiarium</em></span> <span class='ocrx_word' id='word_1_381' title='bbox 628 2785 871 2852; x_wconf 80' lang='lat' dir='ltr'><em>iocosamerario,</em></span> <span class='ocrx_word' id='word_1_382' title='bbox 927 2790 976 2845; x_wconf 87' lang='lat' dir='ltr'><em>Dei</em></span> <span class='ocrx_word' id='word_1_383' title='bbox 989 2789 1071 2844; x_wconf 80' lang='lat' dir='ltr'><em>locet</em></span> <span class='ocrx_word' id='word_1_384' title='bbox 1086 2788 1154 2858; x_wconf 84' lang='lat' dir='ltr'><em>(iso.</em></span> <span class='ocrx_word' id='word_1_385' title='bbox 1170 2803 1201 2854; x_wconf 89' lang='lat' dir='ltr'><em>ii,</em></span> <span class='ocrx_word' id='word_1_386' title='bbox 1217 2787 1244 2854; x_wconf 78' lang='lat'><em>2,</em></span> <span class='ocrx_word' id='word_1_387' title='bbox 1257 2785 1282 2854; x_wconf 85' lang='grc'><em>3)</em></span> <span class='ocrx_word' id='word_1_388' title='bbox 1294 2803 1300 2844; x_wconf 93' lang='lat'>:</span> <span class='ocrx_word' id='word_1_389' title='bbox 1312 2800 1367 2841; x_wconf 96' lang='lat' dir='ltr'><em>non</em></span> <span class='ocrx_word' id='word_1_390' title='bbox 1381 2784 1409 2840; x_wconf 91' lang='lat' dir='ltr'><em>in</em></span> <span class='ocrx_word' id='word_1_391' title='bbox 1423 2785 1493 2841; x_wconf 79' lang='lat' dir='ltr'><em>Esau</em></span> <span class='ocrx_word' id='word_1_392' title='bbox 1513 2787 1610 2856; x_wconf 88' lang='lat' dir='ltr'><em>prioris</em></span> <span class='ocrx_word' id='word_1_393' title='bbox 1624 2787 1673 2842; x_wconf 89' lang='lat' dir='ltr'><em>lilii</em></span> <span class='ocrx_word' id='word_1_394' title='bbox 1690 2789 1723 2853; x_wconf 76' lang='lat'><em>³⁶,</em></span> 
     </span>
     <span class='ocr_line' id='line_1_29' title="bbox 77 2873 1725 2954; baseline -0.001 -18"><span class='ocrx_word' id='word_1_395' title='bbox 77 2884 107 2936; x_wconf 89' lang='lat' dir='ltr'><em>et</em></span> <span class='ocrx_word' id='word_1_396' title='bbox 130 2882 212 2954; x_wconf 81' lang='lat' dir='ltr'><em>quasi</em></span> <span class='ocrx_word' id='word_1_397' title='bbox 226 2881 328 2936; x_wconf 85' lang='lat' dir='ltr'><em>civitas</em></span> <span class='ocrx_word' id='word_1_398' title='bbox 342 2894 403 2950; x_wconf 74' lang='lat' dir='ltr'><em>qua&gt;</em></span> <span class='ocrx_word' id='word_1_399' title='bbox 416 2880 602 2950; x_wconf 78' lang='lat' dir='ltr'><em>eapoqoatur</em></span> <span class='ocrx_word' id='word_1_400' title='bbox 621 2877 687 2945; x_wconf 84' lang='lat' dir='ltr'><em>(lso.</em></span> <span class='ocrx_word' id='word_1_401' title='bbox 711 2889 731 2939; x_wconf 91' lang='lat' dir='ltr'><em>t,</em></span> <span class='ocrx_word' id='word_1_402' title='bbox 745 2877 773 2946; x_wconf 84' lang='lat' dir='ltr'><em>&#39;l,</em></span> <span class='ocrx_word' id='word_1_403' title='bbox 789 2877 824 2942; x_wconf 84' lang='grc'><em>8).</em></span> <span class='ocrx_word' id='word_1_404' title='bbox 840 2873 875 2929; x_wconf 85' lang='grc' dir='ltr'><em>Ει</em></span> <span class='ocrx_word' id='word_1_405' title='bbox 928 2876 975 2932; x_wconf 89' lang='lat' dir='ltr'><em>sod</em></span> <span class='ocrx_word' id='word_1_406' title='bbox 993 2876 1022 2930; x_wconf 91' lang='lat' dir='ltr'><em>iu</em></span> <span class='ocrx_word' id='word_1_407' title='bbox 1042 2875 1125 2931; x_wconf 87' lang='lat' dir='ltr'><em>Jacob</em></span> <span class='ocrx_word' id='word_1_408' title='bbox 1142 2876 1289 2948; x_wconf 86' lang='lat' dir='ltr'><em>sequentis,</em></span> <span class='ocrx_word' id='word_1_409' title='bbox 1306 2874 1334 2929; x_wconf 92' lang='lat' dir='ltr'><em>id</em></span> <span class='ocrx_word' id='word_1_410' title='bbox 1356 2885 1397 2933; x_wconf 90' lang='lat' dir='ltr'><em>est</em></span> <span class='ocrx_word' id='word_1_411' title='bbox 1424 2875 1516 2948; x_wconf 90' lang='lat' dir='ltr'><em>populi</em></span> <span class='ocrx_word' id='word_1_412' title='bbox 1532 2875 1628 2949; x_wconf 86' lang='lat' dir='ltr'><em>nostri,</em></span> <span class='ocrx_word' id='word_1_413' title='bbox 1645 2879 1725 2949; x_wconf 86' lang='lat' dir='ltr'><em>cujus</em></span> 
     </span>
    </p>
   </div>
   <div class='ocr_carea' id='block_1_3' title="bbox 81 2961 1726 3057">
    <p class='ocr_par' dir='ltr' id='par_1_3' title="bbox 81 2961 1726 3057">
     <span class='ocr_line' id='line_1_30' title="bbox 81 2961 1726 3057; baseline -0.001 -31"><span class='ocrx_word' id='word_1_414' title='bbox 81 2971 145 3026; x_wconf 89' lang='lat' dir='ltr'><em>ideo</em></span> <span class='ocrx_word' id='word_1_415' title='bbox 161 2969 328 3040; x_wconf 87' lang='lat' dir='ltr'><em>subsequens</em></span> <span class='ocrx_word' id='word_1_416' title='bbox 341 2982 429 3023; x_wconf 88' lang='lat' dir='ltr'><em>sermo</em></span> <span class='ocrx_word' id='word_1_417' title='bbox 455 2967 593 3038; x_wconf 82' lang='lat' dir='ltr'><em>prophetie</em></span> <span class='ocrx_word' id='word_1_418' title='bbox 611 2963 756 3035; x_wconf 90' lang='lat' dir='ltr'><em>exprobrat</em></span> <span class='ocrx_word' id='word_1_419' title='bbox 774 2961 814 3018; x_wconf 90' lang='lat' dir='ltr'><em>eis</em></span> <span class='ocrx_word' id='word_1_420' title='bbox 828 2962 873 3016; x_wconf 89' lang='lat' dir='ltr'><em>di-</em></span> <span class='ocrx_word' id='word_1_421' title='bbox 890 2977 913 3057; x_wconf 67' lang='lat' dir='ltr'>c</span> <span class='ocrx_word' id='word_1_422' title='bbox 929 2979 1007 3020; x_wconf 90' lang='lat' dir='ltr'><em>mous</em></span> <span class='ocrx_word' id='word_1_423' title='bbox 1025 2963 1147 3020; x_wconf 84' lang='lat' dir='ltr'><em>Christus</em></span> <span class='ocrx_word' id='word_1_424' title='bbox 1162 2963 1279 3020; x_wconf 89' lang='lat' dir='ltr'><em>estsine</em></span> <span class='ocrx_word' id='word_1_425' title='bbox 1295 2962 1419 3019; x_wconf 89' lang='lat' dir='ltr'><em>manibus</em></span> <span class='ocrx_word' id='word_1_426' title='bbox 1434 2965 1636 3023; x_wconf 90' lang='lat' dir='ltr'><em>concidentium</em></span> <span class='ocrx_word' id='word_1_427' title='bbox 1652 2983 1726 3039; x_wconf 81' lang='lat' dir='ltr'><em>prie-</em></span> 
     </span>
    </p>
   </div>
   <div class='ocr_carea' id='block_1_4' title="bbox 80 3051 1727 3128">
    <p class='ocr_par' dir='ltr' id='par_1_4' title="bbox 80 3051 1727 3128">
     <span class='ocr_line' id='line_1_31' title="bbox 80 3051 1727 3128; baseline -0.003 -12"><span class='ocrx_word' id='word_1_428' title='bbox 80 3074 164 3116; x_wconf 88' lang='lat' dir='ltr'><em>cens:</em></span> <span class='ocrx_word' id='word_1_429' title='bbox 180 3059 266 3115; x_wconf 81' lang='lat' dir='ltr'><em>Filios</em></span> <span class='ocrx_word' id='word_1_430' title='bbox 274 3057 407 3128; x_wconf 81' lang='lat' dir='ltr'><em>qeneroiri</em></span> <span class='ocrx_word' id='word_1_431' title='bbox 420 3059 447 3111; x_wconf 90' lang='lat' dir='ltr'><em>et</em></span> <span class='ocrx_word' id='word_1_432' title='bbox 466 3053 604 3119; x_wconf 78' lang='lat' dir='ltr'><em>eaoltooi,</em></span> <span class='ocrx_word' id='word_1_433' title='bbox 617 3053 672 3124; x_wconf 88' lang='lat' dir='ltr'><em>ipsi</em></span> <span class='ocrx_word' id='word_1_434' title='bbox 682 3054 779 3108; x_wconf 84' lang='lat' dir='ltr'><em>autem</em></span> <span class='ocrx_word' id='word_1_435' title='bbox 793 3066 874 3123; x_wconf 84' lang='lat' dir='ltr'><em>spre—</em></span> <span class='ocrx_word' id='word_1_436' title='bbox 929 3067 1013 3118; x_wconf 88' lang='lat' dir='ltr'><em>cisns,</em></span> <span class='ocrx_word' id='word_1_437' title='bbox 1029 3051 1145 3123; x_wconf 86' lang='lat' dir='ltr'><em>implens</em></span> <span class='ocrx_word' id='word_1_438' title='bbox 1162 3066 1272 3108; x_wconf 88' lang='lat' dir='ltr'><em>omnem</em></span> <span class='ocrx_word' id='word_1_439' title='bbox 1294 3058 1404 3117; x_wconf 90' lang='lat' dir='ltr'><em>terram,</em></span> <span class='ocrx_word' id='word_1_440' title='bbox 1419 3052 1491 3122; x_wconf 91' lang='lat' dir='ltr'><em>apud</em></span> <span class='ocrx_word' id='word_1_441' title='bbox 1518 3053 1656 3110; x_wconf 86' lang='lat' dir='ltr'><em>Danielem</em></span> <span class='ocrx_word' id='word_1_442' title='bbox 1681 3070 1727 3111; x_wconf 87' lang='lat' dir='ltr'><em>os·</em></span> 
     </span>
    </p>
   </div>
   <div class='ocr_carea' id='block_1_5' title="bbox 80 3138 1840 3216">
    <p class='ocr_par' dir='ltr' id='par_1_5' title="bbox 80 3138 1840 3216">
     <span class='ocr_line' id='line_1_32' title="bbox 80 3138 1840 3216; baseline -0.003 -13"><span class='ocrx_word' id='word_1_443' title='bbox 80 3143 426 3216; x_wconf 52' lang='lat' dir='ltr'><em>amntmeaellbiddl.</em></span> <span class='ocrx_word' id='word_1_444' title='bbox 441 3142 586 3198; x_wconf 86' lang='lat' dir='ltr'><em>Etiterum</em></span> <span class='ocrx_word' id='word_1_445' title='bbox 602 3159 609 3199; x_wconf 76' lang='grc' dir='ltr'>ι</span> <span class='ocrx_word' id='word_1_446' title='bbox 626 3140 878 3198; x_wconf 79' lang='lat' dir='ltr'><em>Etsieaeterideri·</em></span> <span class='ocrx_word' id='word_1_447' title='bbox 930 3147 1023 3197; x_wconf 91' lang='lat' dir='ltr'><em>tensus</em></span> <span class='ocrx_word' id='word_1_448' title='bbox 1051 3142 1134 3211; x_wconf 82' lang='lat' dir='ltr'><em>(Dan.</em></span> <span class='ocrx_word' id='word_1_449' title='bbox 1162 3153 1193 3208; x_wconf 91' lang='grc' dir='ltr'>ιι,</span> <span class='ocrx_word' id='word_1_450' title='bbox 1223 3141 1268 3205; x_wconf 75' lang='grc'><em>33,</em></span> <span class='ocrx_word' id='word_1_451' title='bbox 1284 3140 1343 3211; x_wconf 82' lang='lat' dir='ltr'><em>at).</em></span> <span class='ocrx_word' id='word_1_452' title='bbox 1371 3138 1503 3212; x_wconf 85' lang='lat' dir='ltr'><em>Denique,</em></span> <span class='ocrx_word' id='word_1_453' title='bbox 1519 3156 1553 3197; x_wconf 84' lang='lat' dir='ltr'><em>ex</em></span> <span class='ocrx_word' id='word_1_454' title='bbox 1572 3144 1623 3199; x_wconf 88' lang='lat' dir='ltr'><em>hac</em></span> <span class='ocrx_word' id='word_1_455' title='bbox 1645 3143 1727 3201; x_wconf 90' lang='lat' dir='ltr'><em>domo</em></span> <span class='ocrx_word' id='word_1_456' title='bbox 1837 3184 1840 3188; x_wconf 29' lang='lat'><em>⁷</em></span> 
     </span>
    </p>
   </div>
   <div class='ocr_carea' id='block_1_6' title="bbox 79 3228 1732 3575">
    <p class='ocr_par' dir='ltr' id='par_1_6' title="bbox 79 3228 1732 3575">
     <span class='ocr_line' id='line_1_33' title="bbox 81 3228 1727 3304; baseline -0.005 -11"><span class='ocrx_word' id='word_1_457' title='bbox 81 3239 120 3293; x_wconf 82' lang='lat' dir='ltr'><em>tis</em></span> <span class='ocrx_word' id='word_1_458' title='bbox 146 3251 263 3304; x_wconf 73' lang='lat' dir='ltr'><em>maiis,</em></span> <span class='ocrx_word' id='word_1_459' title='bbox 280 3238 408 3292; x_wconf 85' lang='lat' dir='ltr'><em>avertam</em></span> <span class='ocrx_word' id='word_1_460' title='bbox 424 3233 530 3304; x_wconf 78' lang='lat' dir='ltr'><em>sociem</em></span> <span class='ocrx_word' id='word_1_461' title='bbox 545 3247 638 3289; x_wconf 85' lang='lat' dir='ltr'><em>meam</em></span> <span class='ocrx_word' id='word_1_462' title='bbox 653 3247 672 3287; x_wconf 85' lang='lat' dir='ltr'><em>u</em></span> <span class='ocrx_word' id='word_1_463' title='bbox 686 3231 782 3288; x_wconf 66' lang='lat' dir='ltr'><em>veih:</em></span> <span class='ocrx_word' id='word_1_464' title='bbox 801 3229 878 3287; x_wconf 87' lang='lat' dir='ltr'><em>etsi</em></span> <span class='ocrx_word' id='word_1_465' title='bbox 932 3229 981 3285; x_wconf 89' lang='lat' dir='ltr'><em>Dei</em></span> <span class='ocrx_word' id='word_1_466' title='bbox 1008 3230 1102 3302; x_wconf 84' lang='lat' dir='ltr'><em>ticoh,</em></span> <span class='ocrx_word' id='word_1_467' title='bbox 1130 3228 1210 3285; x_wconf 89' lang='lat' dir='ltr'><em>etiam</em></span> <span class='ocrx_word' id='word_1_468' title='bbox 1235 3229 1322 3299; x_wconf 81' lang='lat' dir='ltr'><em>legem</em></span> <span class='ocrx_word' id='word_1_469' title='bbox 1349 3242 1446 3284; x_wconf 88' lang='lat' dir='ltr'><em>novam</em></span> <span class='ocrx_word' id='word_1_470' title='bbox 1467 3242 1653 3299; x_wconf 83' lang='lat' dir='ltr'><em>processuram</em></span> <span class='ocrx_word' id='word_1_471' title='bbox 1684 3246 1727 3287; x_wconf 86' lang='lat' dir='ltr'><em>se·</em></span> 
     </span>
     <span class='ocr_line' id='line_1_34' title="bbox 81 3315 1729 3398; baseline -0.003 -18"><span class='ocrx_word' id='word_1_472' title='bbox 81 3324 346 3398; x_wconf 81' lang='lat' dir='ltr'><em>multiplicaveritis</em></span> <span class='ocrx_word' id='word_1_473' title='bbox 351 3337 458 3395; x_wconf 86' lang='lat' dir='ltr'><em>precer,</em></span> <span class='ocrx_word' id='word_1_474' title='bbox 469 3339 528 3379; x_wconf 82' lang='lat' dir='ltr'><em>nori</em></span> <span class='ocrx_word' id='word_1_475' title='bbox 538 3321 692 3380; x_wconf 63' lang='lat' dir='ltr'><em>moedicia</em></span> <span class='ocrx_word' id='word_1_476' title='bbox 702 3336 766 3389; x_wconf 77' lang='lat' dir='ltr'><em>cos:</em></span> <span class='ocrx_word' id='word_1_477' title='bbox 776 3335 879 3376; x_wconf 80' lang='lat' dir='ltr'><em>moniis</em></span> <span class='ocrx_word' id='word_1_478' title='bbox 933 3320 1076 3390; x_wconf 87' lang='lat' dir='ltr'><em>quentibus</em></span> <span class='ocrx_word' id='word_1_479' title='bbox 1099 3317 1188 3376; x_wconf 83' lang='lat' dir='ltr'><em>uerbis</em></span> <span class='ocrx_word' id='word_1_480' title='bbox 1216 3315 1356 3372; x_wconf 88' lang='lat' dir='ltr'><em>annuntiat</em></span> <span class='ocrx_word' id='word_1_481' title='bbox 1369 3315 1464 3372; x_wconf 86' lang='lat' dir='ltr'><em>Esaias</em></span> <span class='ocrx_word' id='word_1_482' title='bbox 1478 3317 1636 3374; x_wconf 68' lang='lat' dir='ltr'><em>dieensmte</em></span> <span class='ocrx_word' id='word_1_483' title='bbox 1661 3319 1729 3376; x_wconf 85' lang='lat' dir='ltr'><em>Siori</em></span> 
     </span>
     <span class='ocr_line' id='line_1_35' title="bbox 80 3405 1729 3482; baseline -0.005 -10"><span class='ocrx_word' id='word_1_484' title='bbox 80 3416 162 3472; x_wconf 81' lang='lat' dir='ltr'><em>esim</em></span> <span class='ocrx_word' id='word_1_485' title='bbox 175 3415 277 3472; x_wconf 81' lang='lat' dir='ltr'><em>cestria</em></span> <span class='ocrx_word' id='word_1_486' title='bbox 286 3411 423 3481; x_wconf 79' lang='lat' dir='ltr'><em>sanquine</em></span> <span class='ocrx_word' id='word_1_487' title='bbox 429 3410 524 3482; x_wconf 77' lang='lat' dir='ltr'><em>pieria</em></span> <span class='ocrx_word' id='word_1_488' title='bbox 537 3413 606 3466; x_wconf 85' lang='lat' dir='ltr'><em>sunt</em></span> <span class='ocrx_word' id='word_1_489' title='bbox 620 3406 698 3479; x_wconf 83' lang='lat' dir='ltr'><em>(thid.</em></span> <span class='ocrx_word' id='word_1_490' title='bbox 712 3409 768 3477; x_wconf 80' lang='lat' dir='ltr'><em>lh).</em></span> <span class='ocrx_word' id='word_1_491' title='bbox 780 3408 814 3463; x_wconf 81' lang='lat' dir='ltr'><em>Et</em></span> <span class='ocrx_word' id='word_1_492' title='bbox 827 3408 879 3464; x_wconf 91' lang='lat' dir='ltr'><em>ite·</em></span> <span class='ocrx_word' id='word_1_493' title='bbox 934 3410 1006 3464; x_wconf 91' lang='lat' dir='ltr'><em>enim</em></span> <span class='ocrx_word' id='word_1_494' title='bbox 1021 3410 1098 3465; x_wconf 80' lang='lat' dir='ltr'><em>exiet</em></span> <span class='ocrx_word' id='word_1_495' title='bbox 1107 3407 1131 3446; x_wconf 76' lang='grc'><em>33</em></span> <span class='ocrx_word' id='word_1_496' title='bbox 1142 3408 1200 3474; x_wconf 82' lang='lat' dir='ltr'><em>lec,</em></span> <span class='ocrx_word' id='word_1_497' title='bbox 1211 3409 1240 3465; x_wconf 92' lang='lat' dir='ltr'><em>et</em></span> <span class='ocrx_word' id='word_1_498' title='bbox 1249 3405 1363 3464; x_wconf 75' lang='lat' dir='ltr'><em>umbem</em></span> <span class='ocrx_word' id='word_1_499' title='bbox 1372 3406 1486 3464; x_wconf 83' lang='lat' dir='ltr'><em>llomirri</em></span> <span class='ocrx_word' id='word_1_500' title='bbox 1495 3421 1531 3462; x_wconf 83' lang='lat' dir='ltr'><em>cic</em></span> <span class='ocrx_word' id='word_1_501' title='bbox 1540 3407 1729 3476; x_wconf 80' lang='lat' dir='ltr'><em>Hierusalem,</em></span> 
     </span>
     <span class='ocr_line' id='line_1_36' title="bbox 79 3494 1732 3575; baseline -0.004 -14"><span class='ocrx_word' id='word_1_502' title='bbox 79 3519 143 3561; x_wconf 88' lang='lat' dir='ltr'><em>runi</em></span> <span class='ocrx_word' id='word_1_503' title='bbox 163 3519 172 3559; x_wconf 78' lang='lat' dir='ltr'><em>i</em></span> <span class='ocrx_word' id='word_1_504' title='bbox 188 3502 241 3573; x_wconf 85' lang='lat' dir='ltr'><em>Vae,</em></span> <span class='ocrx_word' id='word_1_505' title='bbox 251 3517 318 3574; x_wconf 83' lang='lat' dir='ltr'><em>qens</em></span> <span class='ocrx_word' id='word_1_506' title='bbox 330 3502 487 3575; x_wconf 70' lang='lat' dir='ltr'><em>pecccata,</em></span> <span class='ocrx_word' id='word_1_507' title='bbox 500 3499 732 3574; x_wconf 82' lang='lat' dir='ltr'><em>popaluspte‘iiiis</em></span> <span class='ocrx_word' id='word_1_508' title='bbox 743 3499 878 3571; x_wconf 64' lang='lat' dir='ltr'><em>peccaui,</em></span> <span class='ocrx_word' id='word_1_509' title='bbox 935 3502 963 3554; x_wconf 89' lang='lat' dir='ltr'><em>et</em></span> <span class='ocrx_word' id='word_1_510' title='bbox 973 3496 1116 3569; x_wconf 82' lang='lat' dir='ltr'><em>judicabit</em></span> <span class='ocrx_word' id='word_1_511' title='bbox 1129 3498 1309 3569; x_wconf 85' lang='lat' dir='ltr'><em>interqerrtes</em></span> <span class='ocrx_word' id='word_1_512' title='bbox 1324 3494 1390 3568; x_wconf 83' lang='lat' dir='ltr'><em>(leo.</em></span> <span class='ocrx_word' id='word_1_513' title='bbox 1410 3511 1440 3563; x_wconf 91' lang='grc' dir='ltr'><em>ιι,</em></span> <span class='ocrx_word' id='word_1_514' title='bbox 1456 3497 1493 3566; x_wconf 81' lang='lat' dir='ltr'><em>l),</em></span> <span class='ocrx_word' id='word_1_515' title='bbox 1511 3494 1539 3552; x_wconf 93' lang='lat' dir='ltr'><em>id</em></span> <span class='ocrx_word' id='word_1_516' title='bbox 1551 3495 1672 3554; x_wconf 88' lang='lat' dir='ltr'><em>estinter</em></span> <span class='ocrx_word' id='word_1_517' title='bbox 1682 3511 1732 3554; x_wconf 87' lang='lat' dir='ltr'><em>sos</em></span> 
     </span>
    </p>
   </div>
   <div class='ocr_carea' id='block_1_7' title="bbox 765 3618 1041 3686">
    <p class='ocr_par' dir='ltr' id='par_1_7' title="bbox 765 3618 1041 3686">
     <span class='ocr_line' id='line_1_37' title="bbox 765 3618 1041 3686; baseline 0 -3"><span class='ocrx_word' id='word_1_518' title='bbox 765 3621 863 3685; x_wconf 78' lang='lat' dir='ltr'><em>Varias</em></span> <span class='ocrx_word' id='word_1_519' title='bbox 886 3618 1041 3686; x_wconf 89' lang='lat' dir='ltr'><em>lectiones.</em></span> 
     </span>
    </p>
   </div>
   <div class='ocr_carea' id='block_1_8' title="bbox 83 3726 1731 3941">
    <p class='ocr_par' dir='ltr' id='par_1_8' title="bbox 83 3726 1731 3941">
     <span class='ocr_line' id='line_1_38' title="bbox 120 3726 1729 3802; baseline -0.001 -13"><span class='ocrx_word' id='word_1_520' title='bbox 120 3732 148 3772; x_wconf 82' lang='lat'><em>³⁸</em></span> <span class='ocrx_word' id='word_1_521' title='bbox 160 3731 229 3789; x_wconf 90' lang='lat' dir='ltr'><em>Cum</em></span> <span class='ocrx_word' id='word_1_522' title='bbox 239 3731 324 3789; x_wconf 83' lang='lat' dir='ltr'><em>Semi.</em></span> <span class='ocrx_word' id='word_1_523' title='bbox 343 3730 369 3770; x_wconf 81' lang='grc'><em>33</em></span> <span class='ocrx_word' id='word_1_524' title='bbox 380 3728 598 3787; x_wconf 87' lang='lat' dir='ltr'><em>Circumcisionis</em></span> <span class='ocrx_word' id='word_1_525' title='bbox 612 3727 758 3785; x_wconf 79' lang='lat' dir='ltr'><em>marimum</em></span> <span class='ocrx_word' id='word_1_526' title='bbox 774 3728 853 3785; x_wconf 85' lang='lat' dir='ltr'><em>Parii.</em></span> <span class='ocrx_word' id='word_1_527' title='bbox 871 3727 956 3786; x_wconf 87' lang='lat' dir='ltr'><em>Semi.</em></span> <span class='ocrx_word' id='word_1_528' title='bbox 972 3726 997 3768; x_wconf 88' lang='lat'><em>³⁰</em></span> <span class='ocrx_word' id='word_1_529' title='bbox 1009 3729 1108 3802; x_wconf 81' lang='lat' dir='ltr'><em>Atquin</em></span> <span class='ocrx_word' id='word_1_530' title='bbox 1123 3729 1182 3787; x_wconf 88' lang='lat' dir='ltr'><em>cod.</em></span> <span class='ocrx_word' id='word_1_531' title='bbox 1205 3731 1284 3788; x_wconf 77' lang='lat' dir='ltr'><em>rota.</em></span> <span class='ocrx_word' id='word_1_532' title='bbox 1308 3729 1368 3802; x_wconf 86' lang='lat' dir='ltr'><em>lliq.</em></span> <span class='ocrx_word' id='word_1_533' title='bbox 1383 3727 1406 3767; x_wconf 86' lang='lat'><em>³¹</em></span> <span class='ocrx_word' id='word_1_534' title='bbox 1421 3726 1515 3784; x_wconf 78' lang='lat' dir='ltr'><em>Adfert</em></span> <span class='ocrx_word' id='word_1_535' title='bbox 1540 3731 1621 3786; x_wconf 85' lang='lat' dir='ltr'><em>Pom.</em></span> <span class='ocrx_word' id='word_1_536' title='bbox 1641 3731 1729 3788; x_wconf 79' lang='lat' dir='ltr'><em>illisa.</em></span> 
     </span>
     <span class='ocr_line' id='line_1_39' title="bbox 83 3797 1731 3876; baseline -0.001 -17"><span class='ocrx_word' id='word_1_537' title='bbox 83 3805 110 3845; x_wconf 88' lang='grc'><em>33</em></span> <span class='ocrx_word' id='word_1_538' title='bbox 138 3801 243 3860; x_wconf 79' lang='lat' dir='ltr'><em>luiticis</em></span> <span class='ocrx_word' id='word_1_539' title='bbox 270 3802 355 3858; x_wconf 87' lang='lat' dir='ltr'><em>filiam</em></span> <span class='ocrx_word' id='word_1_540' title='bbox 387 3803 475 3859; x_wconf 83' lang='lat' dir='ltr'><em>llheo.</em></span> <span class='ocrx_word' id='word_1_541' title='bbox 505 3801 613 3859; x_wconf 82' lang='lat' dir='ltr'><em>oberti.</em></span> <span class='ocrx_word' id='word_1_542' title='bbox 643 3800 668 3840; x_wconf 88' lang='grc'><em>33</em></span> <span class='ocrx_word' id='word_1_543' title='bbox 694 3801 914 3873; x_wconf 84' lang='lat' dir='ltr'><em>Reprobaverunt</em></span> <span class='ocrx_word' id='word_1_544' title='bbox 938 3815 980 3856; x_wconf 90' lang='lat' dir='ltr'><em>me</em></span> <span class='ocrx_word' id='word_1_545' title='bbox 1002 3801 1062 3858; x_wconf 90' lang='lat' dir='ltr'><em>cod.</em></span> <span class='ocrx_word' id='word_1_546' title='bbox 1090 3801 1170 3858; x_wconf 82' lang='lat' dir='ltr'><em>Fuld.</em></span> <span class='ocrx_word' id='word_1_547' title='bbox 1200 3801 1224 3840; x_wconf 78' lang='grc'><em>33</em></span> <span class='ocrx_word' id='word_1_548' title='bbox 1256 3801 1297 3856; x_wconf 82' lang='lat' dir='ltr'><em>Ad</em></span> <span class='ocrx_word' id='word_1_549' title='bbox 1324 3797 1535 3872; x_wconf 73' lang='lat' dir='ltr'><em>indignationem</em></span> <span class='ocrx_word' id='word_1_550' title='bbox 1561 3802 1731 3876; x_wconf 82' lang='lat' dir='ltr'><em>provocastis</em></span> 
     </span>
     <span class='ocr_line' id='line_1_40' title="bbox 84 3870 1337 3941; baseline -0.006 -6"><span class='ocrx_word' id='word_1_551' title='bbox 84 3875 136 3935; x_wconf 82' lang='lat' dir='ltr'><em>cod</em></span> <span class='ocrx_word' id='word_1_552' title='bbox 146 3875 230 3934; x_wconf 73' lang='lat' dir='ltr'><em>told</em></span> <span class='ocrx_word' id='word_1_553' title='bbox 251 3873 276 3914; x_wconf 87' lang='lat'><em>³⁵</em></span> <span class='ocrx_word' id='word_1_554' title='bbox 290 3875 444 3931; x_wconf 87' lang='lat' dir='ltr'><em>Novitatem</em></span> <span class='ocrx_word' id='word_1_555' title='bbox 464 3872 541 3931; x_wconf 84' lang='lat' dir='ltr'><em>obest</em></span> <span class='ocrx_word' id='word_1_556' title='bbox 552 3889 570 3928; x_wconf 87' lang='lat' dir='ltr'><em>o</em></span> <span class='ocrx_word' id='word_1_557' title='bbox 582 3871 642 3931; x_wconf 89' lang='lat' dir='ltr'><em>cod.</em></span> <span class='ocrx_word' id='word_1_558' title='bbox 658 3872 738 3928; x_wconf 83' lang='lat' dir='ltr'><em>Fald.</em></span> <span class='ocrx_word' id='word_1_559' title='bbox 755 3871 780 3911; x_wconf 82' lang='grc'><em>33</em></span> <span class='ocrx_word' id='word_1_560' title='bbox 792 3870 885 3941; x_wconf 82' lang='lat' dir='ltr'><em>Populi</em></span> <span class='ocrx_word' id='word_1_561' title='bbox 901 3873 1011 3931; x_wconf 85' lang='lat' dir='ltr'><em>Olerth.</em></span> <span class='ocrx_word' id='word_1_562' title='bbox 1038 3873 1124 3932; x_wconf 85' lang='lat' dir='ltr'><em>Semi.</em></span> <span class='ocrx_word' id='word_1_563' title='bbox 1140 3871 1164 3913; x_wconf 77' lang='grc'><em>33</em></span> <span class='ocrx_word' id='word_1_564' title='bbox 1177 3873 1235 3929; x_wconf 89' lang='lat' dir='ltr'><em>Erit</em></span> <span class='ocrx_word' id='word_1_565' title='bbox 1250 3875 1337 3929; x_wconf 79' lang='lat' dir='ltr'><em>Fran.</em></span> 
     </span>
    </p>
   </div>
   <div class='ocr_carea' id='block_1_9' title="bbox 776 3967 1026 4036">
    <p class='ocr_par' dir='ltr' id='par_1_9' title="bbox 776 3967 1026 4036">
     <span class='ocr_line' id='line_1_41' title="bbox 776 3967 1026 4036; baseline 0.02 -5"><span class='ocrx_word' id='word_1_566' title='bbox 776 3967 1026 4036; x_wconf 79' lang='lat' dir='ltr'><em>Commentarius.</em></span> 
     </span>
    </p>
   </div>
   <div class='ocr_carea' id='block_1_10' title="bbox 84 4072 1771 5657">
    <p class='ocr_par' dir='ltr' id='par_1_10' title="bbox 84 4072 1771 4793">
     <span class='ocr_line' id='line_1_42' title="bbox 84 4072 1734 4150; baseline 0.001 -15"><span class='ocrx_word' id='word_1_567' title='bbox 84 4077 160 4136; x_wconf 90' lang='lat' dir='ltr'><em>istud</em></span> <span class='ocrx_word' id='word_1_568' title='bbox 196 4075 392 4134; x_wconf 85' lang='lat' dir='ltr'><em>Eucharistiaiii</em></span> <span class='ocrx_word' id='word_1_569' title='bbox 429 4073 596 4150; x_wconf 84' lang='lat' dir='ltr'><em>significasse</em></span> <span class='ocrx_word' id='word_1_570' title='bbox 638 4074 747 4130; x_wconf 91' lang='lat' dir='ltr'><em>tradunt</em></span> <span class='ocrx_word' id='word_1_571' title='bbox 782 4073 885 4146; x_wconf 89' lang='lat' dir='ltr'><em>antiqui</em></span> <span class='ocrx_word' id='word_1_572' title='bbox 939 4083 994 4132; x_wconf 91' lang='lat' dir='ltr'><em>lum</em></span> <span class='ocrx_word' id='word_1_573' title='bbox 1014 4077 1086 4133; x_wconf 92' lang='lat' dir='ltr'><em>hunc</em></span> <span class='ocrx_word' id='word_1_574' title='bbox 1103 4073 1325 4132; x_wconf 86' lang='lat' dir='ltr'><em>ludaicumnihil</em></span> <span class='ocrx_word' id='word_1_575' title='bbox 1343 4072 1506 4131; x_wconf 88' lang='lat' dir='ltr'><em>adsalutem</em></span> <span class='ocrx_word' id='word_1_576' title='bbox 1529 4075 1734 4144; x_wconf 71' lang='lat' dir='ltr'><em>consecracir-</em></span> 
     </span>
     <span class='ocr_line' id='line_1_43' title="bbox 86 4145 1735 4222; baseline -0.002 -16"><span class='ocrx_word' id='word_1_577' title='bbox 86 4165 198 4216; x_wconf 86' lang='lat' dir='ltr'><em>omnes;</em></span> <span class='ocrx_word' id='word_1_578' title='bbox 221 4148 331 4222; x_wconf 91' lang='lat' dir='ltr'><em>quibus,</em></span> <span class='ocrx_word' id='word_1_579' title='bbox 361 4157 460 4221; x_wconf 88' lang='lat' dir='ltr'><em>practer</em></span> <span class='ocrx_word' id='word_1_580' title='bbox 479 4163 528 4202; x_wconf 92' lang='lat' dir='ltr'><em>eos</em></span> <span class='ocrx_word' id='word_1_581' title='bbox 550 4162 618 4219; x_wconf 89' lang='lat' dir='ltr'><em>qnos</em></span> <span class='ocrx_word' id='word_1_582' title='bbox 643 4147 723 4202; x_wconf 89' lang='lat' dir='ltr'><em>hahet</em></span> <span class='ocrx_word' id='word_1_583' title='bbox 738 4145 882 4218; x_wconf 83' lang='lat' dir='ltr'><em>Rigaltius,</em></span> <span class='ocrx_word' id='word_1_584' title='bbox 938 4148 1269 4218; x_wconf 86' lang='lat' dir='ltr'><em>cumcisioneminquiens</em></span> <span class='ocrx_word' id='word_1_585' title='bbox 1287 4146 1369 4201; x_wconf 90' lang='lat' dir='ltr'><em>aDeo</em></span> <span class='ocrx_word' id='word_1_586' title='bbox 1382 4145 1473 4202; x_wconf 85' lang='lat' dir='ltr'><em>datam</em></span> <span class='ocrx_word' id='word_1_587' title='bbox 1491 4147 1523 4202; x_wconf 87' lang='lat' dir='ltr'><em>iit</em></span> <span class='ocrx_word' id='word_1_588' title='bbox 1537 4150 1660 4217; x_wconf 79' lang='lat' dir='ltr'><em>siquam,</em></span> <span class='ocrx_word' id='word_1_589' title='bbox 1675 4166 1735 4207; x_wconf 77' lang='lat' dir='ltr'><em>nori</em></span> 
     </span>
     <span class='ocr_line' id='line_1_44' title="bbox 89 4215 1737 4290; baseline -0.002 -14"><span class='ocrx_word' id='word_1_590' title='bbox 89 4219 341 4277; x_wconf 85' lang='lat' dir='ltr'><em>addoctemeniem</em></span> <span class='ocrx_word' id='word_1_591' title='bbox 356 4220 502 4276; x_wconf 76' lang='lat' dir='ltr'><em>Alexandr.</em></span> <span class='ocrx_word' id='word_1_592' title='bbox 519 4220 624 4276; x_wconf 86' lang='lat' dir='ltr'><em>Strom.</em></span> <span class='ocrx_word' id='word_1_593' title='bbox 644 4233 682 4272; x_wconf 82' lang='lat' dir='ltr'><em>vi.</em></span> <span class='ocrx_word' id='word_1_594' title='bbox 702 4216 808 4272; x_wconf 87' lang='lat' dir='ltr'><em>Dicitur</em></span> <span class='ocrx_word' id='word_1_595' title='bbox 823 4217 885 4272; x_wconf 87' lang='lat' dir='ltr'><em>hiel·</em></span> <span class='ocrx_word' id='word_1_596' title='bbox 938 4219 1126 4286; x_wconf 74' lang='lat' dir='ltr'><em>insolutemq</em></span> <span class='ocrx_word' id='word_1_597' title='bbox 1157 4219 1237 4290; x_wconf 93' lang='lat' dir='ltr'><em>paulo</em></span> <span class='ocrx_word' id='word_1_598' title='bbox 1257 4215 1383 4286; x_wconf 91' lang='lat' dir='ltr'><em>superius</em></span> <span class='ocrx_word' id='word_1_599' title='bbox 1410 4215 1531 4272; x_wconf 86' lang='lat' dir='ltr'><em>dixerat:</em></span> <span class='ocrx_word' id='word_1_600' title='bbox 1556 4218 1737 4290; x_wconf 70' lang='lat' dir='ltr'><em>«Acceperat</em></span> 
     </span>
     <span class='ocr_line' id='line_1_45' title="bbox 88 4287 1736 4363; baseline -0.002 -14"><span class='ocrx_word' id='word_1_601' title='bbox 88 4291 233 4350; x_wconf 78' lang='lat' dir='ltr'><em>chisedech</em></span> <span class='ocrx_word' id='word_1_602' title='bbox 249 4309 295 4348; x_wconf 84' lang='lat' dir='ltr'><em>rex</em></span> <span class='ocrx_word' id='word_1_603' title='bbox 310 4292 402 4357; x_wconf 82' lang='lat' dir='ltr'><em>luisse,</em></span> <span class='ocrx_word' id='word_1_604' title='bbox 419 4289 483 4363; x_wconf 90' lang='lat' dir='ltr'><em>quia</em></span> <span class='ocrx_word' id='word_1_605' title='bbox 506 4290 577 4361; x_wconf 91' lang='lat' dir='ltr'><em>apud</em></span> <span class='ocrx_word' id='word_1_606' title='bbox 592 4289 680 4346; x_wconf 84' lang='lat' dir='ltr'><em>varias</em></span> <span class='ocrx_word' id='word_1_607' title='bbox 712 4297 786 4344; x_wconf 75' lang='lat' dir='ltr'><em>sums</em></span> <span class='ocrx_word' id='word_1_608' title='bbox 805 4301 884 4360; x_wconf 87' lang='lat' dir='ltr'><em>reges</em></span> <span class='ocrx_word' id='word_1_609' title='bbox 940 4289 1097 4360; x_wconf 74' lang='lat' dir='ltr'><em>(Abraham)</em></span> <span class='ocrx_word' id='word_1_610' title='bbox 1120 4288 1352 4345; x_wconf 88' lang='lat' dir='ltr'><em>circumcisionem</em></span> <span class='ocrx_word' id='word_1_611' title='bbox 1387 4288 1415 4341; x_wconf 93' lang='lat' dir='ltr'><em>in</em></span> <span class='ocrx_word' id='word_1_612' title='bbox 1442 4287 1596 4359; x_wconf 89' lang='lat' dir='ltr'><em>signum...,</em></span> <span class='ocrx_word' id='word_1_613' title='bbox 1629 4304 1683 4347; x_wconf 93' lang='lat' dir='ltr'><em>non</em></span> <span class='ocrx_word' id='word_1_614' title='bbox 1707 4292 1736 4348; x_wconf 89' lang='lat' dir='ltr'><em>iii</em></span> 
     </span>
     <span class='ocr_line' id='line_1_46' title="bbox 86 4304 1736 4440; baseline 0 -22"><span class='ocrx_word' id='word_1_615' title='bbox 86 4365 142 4434; x_wconf 79' lang='lat' dir='ltr'><em>ipsi</em></span> <span class='ocrx_word' id='word_1_616' title='bbox 168 4363 323 4420; x_wconf 86' lang='lat' dir='ltr'><em>sacerdotes</em></span> <span class='ocrx_word' id='word_1_617' title='bbox 351 4370 428 4418; x_wconf 89' lang='lat' dir='ltr'><em>arant</em></span> <span class='ocrx_word' id='word_1_618' title='bbox 451 4370 478 4418; x_wconf 88' lang='lat' dir='ltr'><em>ot</em></span> <span class='ocrx_word' id='word_1_619' title='bbox 504 4358 656 4440; x_wconf 61' lang='lat' dir='ltr'><em>sacrificuli.</em></span> <span class='ocrx_word' id='word_1_620' title='bbox 690 4304 731 4416; x_wconf 53' lang='lat' dir='ltr'><em>fia</em></span> <span class='ocrx_word' id='word_1_621' title='bbox 756 4357 885 4440; x_wconf 68' lang='lat' dir='ltr'><em>itomanis</em></span> <span class='ocrx_word' id='word_1_622' title='bbox 941 4359 1034 4417; x_wconf 89' lang='lat' dir='ltr'><em>salutis</em></span> <span class='ocrx_word' id='word_1_623' title='bbox 1067 4359 1283 4433; x_wconf 75' lang='lat' dir='ltr'><em>praerogativam.</em></span> <span class='ocrx_word' id='word_1_624' title='bbox 1306 4375 1320 4409; x_wconf 82' lang='lat' dir='ltr'><em>a</em></span> <span class='ocrx_word' id='word_1_625' title='bbox 1342 4356 1469 4438; x_wconf 64' lang='lat' dir='ltr'><em>hamilem</em></span> <span class='ocrx_word' id='word_1_626' title='bbox 1498 4357 1655 4437; x_wconf 84' lang='lat' dir='ltr'><em>opinionem</em></span> <span class='ocrx_word' id='word_1_627' title='bbox 1676 4377 1736 4418; x_wconf 89' lang='lat' dir='ltr'><em>ani·</em></span> 
     </span>
     <span class='ocr_line' id='line_1_47' title="bbox 87 4427 1736 4506; baseline -0.001 -14"><span class='ocrx_word' id='word_1_628' title='bbox 87 4435 273 4492; x_wconf 88' lang='lat' dir='ltr'><em>certissimum</em></span> <span class='ocrx_word' id='word_1_629' title='bbox 288 4434 342 4502; x_wconf 86' lang='lat' dir='ltr'><em>;ad</em></span> <span class='ocrx_word' id='word_1_630' title='bbox 363 4448 444 4506; x_wconf 89' lang='lat' dir='ltr'><em>quem</em></span> <span class='ocrx_word' id='word_1_631' title='bbox 467 4447 568 4489; x_wconf 90' lang='lat' dir='ltr'><em>morem</em></span> <span class='ocrx_word' id='word_1_632' title='bbox 584 4429 733 4502; x_wconf 81' lang='lat' dir='ltr'><em>respiciens</em></span> <span class='ocrx_word' id='word_1_633' title='bbox 746 4429 884 4501; x_wconf 76' lang='lat' dir='ltr'><em>Virgilius,</em></span> <span class='ocrx_word' id='word_1_634' title='bbox 940 4432 1039 4504; x_wconf 78' lang='lat' dir='ltr'><em>pietati</em></span> <span class='ocrx_word' id='word_1_635' title='bbox 1062 4440 1126 4488; x_wconf 89' lang='lat' dir='ltr'><em>sunt</em></span> <span class='ocrx_word' id='word_1_636' title='bbox 1149 4446 1243 4486; x_wconf 83' lang='lat' dir='ltr'><em>ornnes</em></span> <span class='ocrx_word' id='word_1_637' title='bbox 1265 4427 1441 4484; x_wconf 86' lang='lat' dir='ltr'><em>ecclesiastici</em></span> <span class='ocrx_word' id='word_1_638' title='bbox 1454 4440 1598 4498; x_wconf 77' lang='lat' dir='ltr'><em>scriptores</em></span> <span class='ocrx_word' id='word_1_639' title='bbox 1611 4433 1657 4504; x_wconf 85' lang='lat' dir='ltr'><em>qui</em></span> <span class='ocrx_word' id='word_1_640' title='bbox 1671 4443 1736 4490; x_wconf 88' lang='lat' dir='ltr'><em>ante</em></span> 
     </span>
     <span class='ocr_line' id='line_1_48' title="bbox 86 4497 1737 4586; baseline -0.002 -22"><span class='ocrx_word' id='word_1_641' title='bbox 86 4507 154 4564; x_wconf 79' lang='lat' dir='ltr'><em>AEri.</em></span> <span class='ocrx_word' id='word_1_642' title='bbox 164 4522 208 4575; x_wconf 92' lang='grc' dir='ltr'>ιιι,</span> <span class='ocrx_word' id='word_1_643' title='bbox 224 4507 280 4562; x_wconf 88' lang='lat' dir='ltr'><em>ait:</em></span> <span class='ocrx_word' id='word_1_644' title='bbox 943 4503 1129 4586; x_wconf 73' lang='lat' dir='ltr'><em>augustinum</em></span> <span class='ocrx_word' id='word_1_645' title='bbox 1140 4502 1264 4557; x_wconf 83' lang='lat' dir='ltr'><em>floruere.</em></span> <span class='ocrx_word' id='word_1_646' title='bbox 1277 4498 1380 4581; x_wconf 70' lang='lat' dir='ltr'><em>Primus</em></span> <span class='ocrx_word' id='word_1_647' title='bbox 1394 4499 1465 4579; x_wconf 81' lang='lat' dir='ltr'><em>enim</em></span> <span class='ocrx_word' id='word_1_648' title='bbox 1480 4497 1658 4581; x_wconf 77' lang='lat' dir='ltr'><em>interamnae</em></span> <span class='ocrx_word' id='word_1_649' title='bbox 1674 4505 1737 4574; x_wconf 86' lang='lat' dir='ltr'><em>Hip·</em></span> 
     </span>
     <span class='ocr_line' id='line_1_49' title="bbox 296 4588 1736 4720; baseline -0.007 -10.32"><span class='ocrx_word' id='word_1_650' title='bbox 296 4626 421 4680; x_wconf 87' lang='grc' dir='ltr'>ιι</span> <span class='ocrx_word' id='word_1_651' title='bbox 942 4588 1234 4720; x_wconf 69' lang='lat' dir='ltr'><em>,it</em></span> <span class='ocrx_word' id='word_1_652' title='bbox 1249 4589 1736 4700; x_wconf 66' lang='lat' dir='ltr'><em>s</em></span> 
     </span>
     <span class='ocr_line' id='line_1_50' title="bbox 713 4703 1771 4793; baseline -0.009 -16"><span class='ocrx_word' id='word_1_653' title='bbox 713 4705 749 4758; x_wconf 68' lang='lat'><em>¹⁴³</em></span> <span class='ocrx_word' id='word_1_654' title='bbox 763 4703 808 4754; x_wconf 59' lang='lat' dir='ltr'><em>PR·</em></span> <span class='ocrx_word' id='word_1_655' title='bbox 942 4717 1092 4788; x_wconf 77' lang='lat' dir='ltr'><em>Gregorius</em></span> <span class='ocrx_word' id='word_1_656' title='bbox 1106 4717 1219 4789; x_wconf 83' lang='lat' dir='ltr'><em>uagnus</em></span> <span class='ocrx_word' id='word_1_657' title='bbox 1238 4712 1347 4793; x_wconf 66' lang='lat' dir='ltr'><em>litaret.</em></span> <span class='ocrx_word' id='word_1_658' title='bbox 1367 4713 1399 4769; x_wconf 83' lang='lat' dir='ltr'><em>iri</em></span> <span class='ocrx_word' id='word_1_659' title='bbox 1422 4711 1480 4777; x_wconf 82' lang='lat' dir='ltr'><em>iet,</em></span> <span class='ocrx_word' id='word_1_660' title='bbox 1495 4710 1545 4767; x_wconf 90' lang='lat' dir='ltr'><em>lib.</em></span> <span class='ocrx_word' id='word_1_661' title='bbox 1564 4728 1603 4778; x_wconf 89' lang='lat' dir='ltr'><em>iv,</em></span> <span class='ocrx_word' id='word_1_662' title='bbox 1619 4727 1677 4782; x_wconf 89' lang='lat' dir='ltr'><em>cap.</em></span> <span class='ocrx_word' id='word_1_663' title='bbox 1695 4713 1735 4786; x_wconf 87' lang='grc'><em>3),</em></span> <span class='ocrx_word' id='word_1_664' title='bbox 1769 4748 1771 4753; x_wconf 91' lang='grc'>-</span> 
     </span>
    </p>

    <p class='ocr_par' dir='ltr' id='par_1_11' title="bbox 88 4781 1745 5657">
     <span class='ocr_line' id='line_1_51' title="bbox 127 4781 1736 4874; baseline -0.011 -17"><span class='ocrx_word' id='word_1_665' title='bbox 127 4803 187 4874; x_wconf 76' lang='lat' dir='ltr'><em>lli)</em></span> <span class='ocrx_word' id='word_1_666' title='bbox 203 4801 312 4858; x_wconf 78' lang='lat' dir='ltr'><em>Etideo</em></span> <span class='ocrx_word' id='word_1_667' title='bbox 327 4802 352 4858; x_wconf 85' lang='lat' dir='ltr'><em>si</em></span> <span class='ocrx_word' id='word_1_668' title='bbox 365 4801 490 4858; x_wconf 85' lang='lat' dir='ltr'><em>salutern</em></span> <span class='ocrx_word' id='word_1_669' title='bbox 504 4792 889 4857; x_wconf 79' lang='lat' dir='ltr'><em>circumcisiobmamluissa</em></span> <span class='ocrx_word' id='word_1_670' title='bbox 942 4788 970 4845; x_wconf 91' lang='lat' dir='ltr'><em>S.</em></span> <span class='ocrx_word' id='word_1_671' title='bbox 996 4787 1160 4863; x_wconf 81' lang='lat' dir='ltr'><em>Fulgentius,</em></span> <span class='ocrx_word' id='word_1_672' title='bbox 1192 4785 1358 4866; x_wconf 80' lang='lat' dir='ltr'><em>Venerabilis</em></span> <span class='ocrx_word' id='word_1_673' title='bbox 1398 4781 1497 4865; x_wconf 39' lang='lat' dir='ltr'><em>Bella·</em></span> <span class='ocrx_word' id='word_1_674' title='bbox 1519 4782 1561 4864; x_wconf 88' lang='lat' dir='ltr'><em>S.</em></span> <span class='ocrx_word' id='word_1_675' title='bbox 1584 4783 1736 4866; x_wconf 78' lang='lat' dir='ltr'><em>bernardus</em></span> 
     </span>
     <span class='ocr_line' id='line_1_52' title="bbox 88 4854 1736 4942; baseline -0.01 -14"><span class='ocrx_word' id='word_1_676' title='bbox 88 4872 327 4930; x_wconf 89' lang='lat' dir='ltr'><em>circumcisionem</em></span> <span class='ocrx_word' id='word_1_677' title='bbox 353 4873 380 4926; x_wconf 92' lang='lat' dir='ltr'><em>in</em></span> <span class='ocrx_word' id='word_1_678' title='bbox 413 4874 521 4942; x_wconf 87' lang='lat' dir='ltr'><em>signum</em></span> <span class='ocrx_word' id='word_1_679' title='bbox 550 4870 675 4942; x_wconf 85' lang='lat' dir='ltr'><em>baptismi</em></span> <span class='ocrx_word' id='word_1_680' title='bbox 696 4870 889 4924; x_wconf 88' lang='lat' dir='ltr'><em>tueaturuou·</em></span> <span class='ocrx_word' id='word_1_681' title='bbox 942 4859 1266 4941; x_wconf 29' lang='lat' dir='ltr'><em>(possim),·1nnoceulius</em></span> <span class='ocrx_word' id='word_1_682' title='bbox 1280 4856 1325 4923; x_wconf 90' lang='lat' dir='ltr'><em>ltl,</em></span> <span class='ocrx_word' id='word_1_683' title='bbox 1340 4861 1367 4911; x_wconf 92' lang='lat' dir='ltr'><em>et</em></span> <span class='ocrx_word' id='word_1_684' title='bbox 1379 4854 1499 4934; x_wconf 86' lang='lat' dir='ltr'><em>theologi</em></span> <span class='ocrx_word' id='word_1_685' title='bbox 1513 4871 1563 4912; x_wconf 90' lang='lat' dir='ltr'><em>viri</em></span> <span class='ocrx_word' id='word_1_686' title='bbox 1578 4871 1632 4911; x_wconf 95' lang='lat' dir='ltr'><em>non</em></span> <span class='ocrx_word' id='word_1_687' title='bbox 1648 4871 1736 4929; x_wconf 87' lang='lat' dir='ltr'><em>pauet.</em></span> 
     </span>
     <span class='ocr_line' id='line_1_53' title="bbox 89 4927 1738 5016; baseline -0.011 -16"><span class='ocrx_word' id='word_1_688' title='bbox 89 4944 177 5016; x_wconf 82' lang='lat' dir='ltr'><em>nulli3</em></span> <span class='ocrx_word' id='word_1_689' title='bbox 208 4943 252 4999; x_wconf 91' lang='lat' dir='ltr'><em>hic</em></span> <span class='ocrx_word' id='word_1_690' title='bbox 280 4959 345 5000; x_wconf 87' lang='lat' dir='ltr'><em>vero</em></span> <span class='ocrx_word' id='word_1_691' title='bbox 372 4943 479 4999; x_wconf 78' lang='lat' dir='ltr'><em>Auctor</em></span> <span class='ocrx_word' id='word_1_692' title='bbox 507 4942 572 4996; x_wconf 87' lang='lat' dir='ltr'><em>illud</em></span> <span class='ocrx_word' id='word_1_693' title='bbox 596 4957 656 4996; x_wconf 92' lang='lat' dir='ltr'><em>cum</em></span> <span class='ocrx_word' id='word_1_694' title='bbox 685 4941 775 5011; x_wconf 91' lang='lat' dir='ltr'><em>aliquo</em></span> <span class='ocrx_word' id='word_1_695' title='bbox 793 4934 890 4993; x_wconf 90' lang='lat' dir='ltr'><em>discri·</em></span> <span class='ocrx_word' id='word_1_696' title='bbox 943 4933 972 4988; x_wconf 93' lang='lat' dir='ltr'><em>ln</em></span> <span class='ocrx_word' id='word_1_697' title='bbox 1001 4933 1154 5004; x_wconf 86' lang='lat' dir='ltr'><em>oppositam</em></span> <span class='ocrx_word' id='word_1_698' title='bbox 1186 4930 1310 4984; x_wconf 90' lang='lat' dir='ltr'><em>abierunt</em></span> <span class='ocrx_word' id='word_1_699' title='bbox 1347 4932 1504 5008; x_wconf 80' lang='lat' dir='ltr'><em>sententiam</em></span> <span class='ocrx_word' id='word_1_700' title='bbox 1527 4927 1556 4982; x_wconf 86' lang='lat' dir='ltr'><em>S.</em></span> <span class='ocrx_word' id='word_1_701' title='bbox 1572 4928 1610 5009; x_wconf 71' lang='lat' dir='ltr'><em>.J·</em></span> <span class='ocrx_word' id='word_1_702' title='bbox 1649 4928 1738 5001; x_wconf 80' lang='lat' dir='ltr'><em>Chry·</em></span> 
     </span>
     <span class='ocr_line' id='line_1_54' title="bbox 88 4998 1736 5083; baseline -0.008 -12"><span class='ocrx_word' id='word_1_703' title='bbox 88 5015 167 5072; x_wconf 91' lang='lat' dir='ltr'><em>mine</em></span> <span class='ocrx_word' id='word_1_704' title='bbox 192 5013 300 5070; x_wconf 88' lang='lat' dir='ltr'><em>asserit.</em></span> <span class='ocrx_word' id='word_1_705' title='bbox 335 5016 365 5069; x_wconf 91' lang='lat' dir='ltr'><em>hi</em></span> <span class='ocrx_word' id='word_1_706' title='bbox 393 5014 599 5070; x_wconf 86' lang='lat' dir='ltr'><em>circumcisione</em></span> <span class='ocrx_word' id='word_1_707' title='bbox 627 5010 734 5083; x_wconf 87' lang='lat' dir='ltr'><em>quidem</em></span> <span class='ocrx_word' id='word_1_708' title='bbox 768 5011 890 5065; x_wconf 87' lang='lat' dir='ltr'><em>remitte·</em></span> <span class='ocrx_word' id='word_1_709' title='bbox 944 5001 1139 5082; x_wconf 67' lang='lat' dir='ltr'><em>soslomusliri</em></span> <span class='ocrx_word' id='word_1_710' title='bbox 1157 5002 1224 5058; x_wconf 83' lang='lat' dir='ltr'><em>Gerr.</em></span> <span class='ocrx_word' id='word_1_711' title='bbox 1242 5001 1313 5079; x_wconf 81' lang='lat' dir='ltr'><em>hom.</em></span> <span class='ocrx_word' id='word_1_712' title='bbox 1331 5000 1388 5080; x_wconf 78' lang='grc'><em>39),</em></span> <span class='ocrx_word' id='word_1_713' title='bbox 1404 4998 1432 5053; x_wconf 90' lang='lat' dir='ltr'><em>S.</em></span> <span class='ocrx_word' id='word_1_714' title='bbox 1450 4999 1613 5080; x_wconf 76' lang='lat' dir='ltr'><em>hpiphanius</em></span> <span class='ocrx_word' id='word_1_715' title='bbox 1628 5000 1736 5070; x_wconf 84' lang='lat' dir='ltr'><em>(haeres.</em></span> 
     </span>
     <span class='ocr_line' id='line_1_55' title="bbox 88 5068 1737 5158; baseline -0.008 -15"><span class='ocrx_word' id='word_1_716' title='bbox 88 5087 173 5143; x_wconf 80' lang='lat' dir='ltr'><em>batur</em></span> <span class='ocrx_word' id='word_1_717' title='bbox 197 5085 314 5158; x_wconf 89' lang='lat' dir='ltr'><em>originis</em></span> <span class='ocrx_word' id='word_1_718' title='bbox 335 5093 486 5157; x_wconf 87' lang='lat' dir='ltr'><em>peccalum,</em></span> <span class='ocrx_word' id='word_1_719' title='bbox 504 5085 553 5140; x_wconf 89' lang='lat' dir='ltr'><em>sed</em></span> <span class='ocrx_word' id='word_1_720' title='bbox 571 5099 623 5138; x_wconf 89' lang='lat' dir='ltr'><em>non</em></span> <span class='ocrx_word' id='word_1_721' title='bbox 644 5098 692 5152; x_wconf 86' lang='lat' dir='ltr'><em>per</em></span> <span class='ocrx_word' id='word_1_722' title='bbox 706 5079 892 5136; x_wconf 90' lang='lat' dir='ltr'><em>circumcisio·</em></span> <span class='ocrx_word' id='word_1_723' title='bbox 944 5077 1001 5145; x_wconf 88' lang='grc'><em>30),</em></span> <span class='ocrx_word' id='word_1_724' title='bbox 1016 5073 1044 5130; x_wconf 92' lang='lat' dir='ltr'><em>S.</em></span> <span class='ocrx_word' id='word_1_725' title='bbox 1072 5074 1252 5143; x_wconf 83' lang='lat' dir='ltr'><em>Hieronymus</em></span> <span class='ocrx_word' id='word_1_726' title='bbox 1266 5070 1327 5142; x_wconf 78' lang='lat' dir='ltr'><em>(lib,</em></span> <span class='ocrx_word' id='word_1_727' title='bbox 1342 5085 1352 5124; x_wconf 96' lang='grc' dir='ltr'>ι</span> <span class='ocrx_word' id='word_1_728' title='bbox 1367 5071 1436 5125; x_wconf 84' lang='lat' dir='ltr'><em>iriE</em></span> <span class='ocrx_word' id='word_1_729' title='bbox 1455 5072 1503 5124; x_wconf 87' lang='lat' dir='ltr'><em>ist.</em></span> <span class='ocrx_word' id='word_1_730' title='bbox 1527 5068 1691 5153; x_wconf 74' lang='lat' dir='ltr'><em>adiiciat),</em></span> <span class='ocrx_word' id='word_1_731' title='bbox 1706 5071 1737 5128; x_wconf 86' lang='lat' dir='ltr'><em>S.</em></span> 
     </span>
     <span class='ocr_line' id='line_1_56' title="bbox 89 5139 1739 5228; baseline -0.008 -15"><span class='ocrx_word' id='word_1_732' title='bbox 89 5172 154 5213; x_wconf 90' lang='lat' dir='ltr'><em>nem</em></span> <span class='ocrx_word' id='word_1_733' title='bbox 170 5164 200 5212; x_wconf 93' lang='lat' dir='ltr'><em>ut</em></span> <span class='ocrx_word' id='word_1_734' title='bbox 215 5174 267 5228; x_wconf 88' lang='lat' dir='ltr'><em>per</em></span> <span class='ocrx_word' id='word_1_735' title='bbox 295 5155 555 5225; x_wconf 71' lang='lat' dir='ltr'><em>baptismum-quia</em></span> <span class='ocrx_word' id='word_1_736' title='bbox 584 5162 649 5209; x_wconf 91' lang='lat' dir='ltr'><em>tunc</em></span> <span class='ocrx_word' id='word_1_737' title='bbox 675 5152 702 5207; x_wconf 93' lang='lat' dir='ltr'><em>id</em></span> <span class='ocrx_word' id='word_1_738' title='bbox 717 5150 797 5206; x_wconf 84' lang='lat' dir='ltr'><em>fiebat</em></span> <span class='ocrx_word' id='word_1_739' title='bbox 810 5166 843 5205; x_wconf 86' lang='lat' dir='ltr'><em>ei</em></span> <span class='ocrx_word' id='word_1_740' title='bbox 865 5147 892 5204; x_wconf 83' lang='lat' dir='ltr'><em>vi</em></span> <span class='ocrx_word' id='word_1_741' title='bbox 943 5146 1063 5201; x_wconf 87' lang='lat' dir='ltr'><em>Joaiincs</em></span> <span class='ocrx_word' id='word_1_742' title='bbox 1085 5144 1269 5224; x_wconf 84' lang='lat' dir='ltr'><em>Damascenus</em></span> <span class='ocrx_word' id='word_1_743' title='bbox 1289 5139 1414 5222; x_wconf 69' lang='lat' dir='ltr'><em>[adelide¹</em></span> <span class='ocrx_word' id='word_1_744' title='bbox 1463 5139 1537 5200; x_wconf 89' lang='lat' dir='ltr'><em>thod.</em></span> <span class='ocrx_word' id='word_1_745' title='bbox 1555 5143 1611 5225; x_wconf 34' lang='lat' dir='ltr'><em>lit..</em></span> <span class='ocrx_word' id='word_1_746' title='bbox 1624 5159 1663 5212; x_wconf 85' lang='lat' dir='ltr'><em>iv,</em></span> <span class='ocrx_word' id='word_1_747' title='bbox 1676 5158 1739 5216; x_wconf 88' lang='lat' dir='ltr'><em>cap.</em></span> 
     </span>
     <span class='ocr_line' id='line_1_57' title="bbox 90 5213 1741 5300; baseline -0.008 -16"><span class='ocrx_word' id='word_1_748' title='bbox 90 5227 197 5300; x_wconf 83' lang='lat' dir='ltr'><em>poetis</em></span> <span class='ocrx_word' id='word_1_749' title='bbox 226 5230 282 5284; x_wconf 88' lang='lat' dir='ltr'><em>Deo</em></span> <span class='ocrx_word' id='word_1_750' title='bbox 305 5227 365 5282; x_wconf 91' lang='lat' dir='ltr'><em>initi</em></span> <span class='ocrx_word' id='word_1_751' title='bbox 387 5244 450 5282; x_wconf 88' lang='lat' dir='ltr'><em>coni</em></span> <span class='ocrx_word' id='word_1_752' title='bbox 469 5227 578 5282; x_wconf 84' lang='lat' dir='ltr'><em>ludaeis.</em></span> <span class='ocrx_word' id='word_1_753' title='bbox 594 5225 623 5279; x_wconf 93' lang='lat' dir='ltr'><em>lu</em></span> <span class='ocrx_word' id='word_1_754' title='bbox 662 5240 698 5278; x_wconf 93' lang='lat' dir='ltr'><em>uo</em></span> <span class='ocrx_word' id='word_1_755' title='bbox 712 5221 892 5279; x_wconf 86' lang='lat' dir='ltr'><em>Tertullianus</em></span> <span class='ocrx_word' id='word_1_756' title='bbox 945 5216 1004 5290; x_wconf 82' lang='lat'><em>25),</em></span> <span class='ocrx_word' id='word_1_757' title='bbox 1021 5225 1100 5288; x_wconf 86' lang='lat' dir='ltr'><em>atque</em></span> <span class='ocrx_word' id='word_1_758' title='bbox 1118 5213 1427 5294; x_wconf 58' lang='lat' dir='ltr'><em>ahitheologiieperitt,</em></span> <span class='ocrx_word' id='word_1_759' title='bbox 1443 5220 1582 5268; x_wconf 71' lang='lat' dir='ltr'><em>nomuon</em></span> <span class='ocrx_word' id='word_1_760' title='bbox 1604 5214 1741 5270; x_wconf 80' lang='lat' dir='ltr'><em>inferioris</em></span> 
     </span>
     <span class='ocr_line' id='line_1_58' title="bbox 90 5241 1741 5372; baseline -0.008 -19"><span class='ocrx_word' id='word_1_761' title='bbox 90 5298 216 5372; x_wconf 85' lang='lat' dir='ltr'><em>seqnitur</em></span> <span class='ocrx_word' id='word_1_762' title='bbox 233 5301 394 5370; x_wconf 78' lang='lat' dir='ltr'><em>Apostolum</em></span> <span class='ocrx_word' id='word_1_763' title='bbox 422 5298 457 5354; x_wconf 89' lang='lat' dir='ltr'><em>ad</em></span> <span class='ocrx_word' id='word_1_764' title='bbox 489 5299 567 5354; x_wconf 87' lang='lat' dir='ltr'><em>ilom.</em></span> <span class='ocrx_word' id='word_1_765' title='bbox 587 5311 625 5352; x_wconf 90' lang='lat' dir='ltr'><em>tv.</em></span> <span class='ocrx_word' id='word_1_766' title='bbox 642 5241 749 5349; x_wconf 61' lang='lat' dir='ltr'><em>icti.</em></span> <span class='ocrx_word' id='word_1_767' title='bbox 766 5292 894 5347; x_wconf 85' lang='lat' dir='ltr'><em>—Erret</em></span> <span class='ocrx_word' id='word_1_768' title='bbox 946 5304 996 5345; x_wconf 87' lang='lat' dir='ltr'><em>uec</em></span> <span class='ocrx_word' id='word_1_769' title='bbox 1018 5302 1132 5367; x_wconf 78' lang='lat' dir='ltr'><em>numero</em></span> <span class='ocrx_word' id='word_1_770' title='bbox 1157 5284 1336 5358; x_wconf 89' lang='lat' dir='ltr'><em>despiciendi.</em></span> <span class='ocrx_word' id='word_1_771' title='bbox 1349 5283 1425 5364; x_wconf 31' lang='lat' dir='ltr'><em>&#39;Addi</em></span> <span class='ocrx_word' id='word_1_772' title='bbox 1438 5290 1527 5364; x_wconf 80' lang='lat' dir='ltr'><em>potest</em></span> <span class='ocrx_word' id='word_1_773' title='bbox 1540 5285 1658 5366; x_wconf 55' lang='lat' dir='ltr'><em>quamsi</em></span> <span class='ocrx_word' id='word_1_774' title='bbox 1672 5301 1741 5367; x_wconf 74' lang='lat' dir='ltr'><em>pec·</em></span> 
     </span>
     <span class='ocr_line' id='line_1_59' title="bbox 92 5354 1740 5438; baseline -0.009 -13"><span class='ocrx_word' id='word_1_775' title='bbox 92 5368 215 5427; x_wconf 62' lang='lat' dir='ltr'><em>formasa</em></span> <span class='ocrx_word' id='word_1_776' title='bbox 239 5371 275 5426; x_wconf 81' lang='lat' dir='ltr'><em>Le</em></span> <span class='ocrx_word' id='word_1_777' title='bbox 299 5370 392 5426; x_wconf 85' lang='lat' dir='ltr'><em>Ptieur</em></span> <span class='ocrx_word' id='word_1_778' title='bbox 418 5385 542 5426; x_wconf 89' lang='lat' dir='ltr'><em>asserens</em></span> <span class='ocrx_word' id='word_1_779' title='bbox 570 5365 764 5422; x_wconf 87' lang='lat' dir='ltr'><em>Tertullianum</em></span> <span class='ocrx_word' id='word_1_780' title='bbox 788 5364 815 5420; x_wconf 93' lang='lat' dir='ltr'><em>in</em></span> <span class='ocrx_word' id='word_1_781' title='bbox 842 5375 893 5418; x_wconf 86' lang='lat' dir='ltr'><em>eo·</em></span> <span class='ocrx_word' id='word_1_782' title='bbox 946 5371 1036 5417; x_wconf 90' lang='lat' dir='ltr'><em>catum</em></span> <span class='ocrx_word' id='word_1_783' title='bbox 1059 5359 1190 5431; x_wconf 77' lang='lat' dir='ltr'><em>originale</em></span> <span class='ocrx_word' id='word_1_784' title='bbox 1214 5357 1313 5413; x_wconf 88' lang='lat' dir='ltr'><em>deleret</em></span> <span class='ocrx_word' id='word_1_785' title='bbox 1333 5369 1511 5438; x_wconf 75' lang='lat' dir='ltr'><em>circumcisio,</em></span> <span class='ocrx_word' id='word_1_786' title='bbox 1526 5354 1570 5411; x_wconf 88' lang='lat' dir='ltr'><em>ulti</em></span> <span class='ocrx_word' id='word_1_787' title='bbox 1601 5355 1740 5410; x_wconf 83' lang='lat' dir='ltr'><em>nihilomi-</em></span> 
     </span>
     <span class='ocr_line' id='line_1_60' title="bbox 91 5424 1742 5513; baseline -0.011 -16"><span class='ocrx_word' id='word_1_788' title='bbox 91 5456 156 5497; x_wconf 87' lang='lat' dir='ltr'><em>rnm</em></span> <span class='ocrx_word' id='word_1_789' title='bbox 179 5439 268 5499; x_wconf 84' lang='lat' dir='ltr'><em>luisse</em></span> <span class='ocrx_word' id='word_1_790' title='bbox 295 5441 439 5507; x_wconf 86' lang='lat' dir='ltr'><em>sentemia,</em></span> <span class='ocrx_word' id='word_1_791' title='bbox 470 5441 516 5513; x_wconf 93' lang='lat' dir='ltr'><em>qui</em></span> <span class='ocrx_word' id='word_1_792' title='bbox 545 5435 741 5495; x_wconf 89' lang='lat' dir='ltr'><em>circumcisioni</em></span> <span class='ocrx_word' id='word_1_793' title='bbox 766 5431 893 5507; x_wconf 87' lang='lat' dir='ltr'><em>baptismi</em></span> <span class='ocrx_word' id='word_1_794' title='bbox 947 5449 1000 5487; x_wconf 90' lang='lat' dir='ltr'><em>nus</em></span> <span class='ocrx_word' id='word_1_795' title='bbox 1027 5439 1125 5504; x_wconf 85' lang='lat' dir='ltr'><em>praesto</em></span> <span class='ocrx_word' id='word_1_796' title='bbox 1140 5431 1298 5486; x_wconf 84' lang='lat' dir='ltr'><em>erantritus</em></span> <span class='ocrx_word' id='word_1_797' title='bbox 1323 5442 1401 5499; x_wconf 78' lang='lat' dir='ltr'><em>teque</em></span> <span class='ocrx_word' id='word_1_798' title='bbox 1429 5424 1561 5491; x_wconf 85' lang='lat' dir='ltr'><em>eilicaces,</em></span> <span class='ocrx_word' id='word_1_799' title='bbox 1586 5441 1654 5497; x_wconf 77' lang='lat' dir='ltr'><em>ug.</em></span> <span class='ocrx_word' id='word_1_800' title='bbox 1672 5424 1742 5485; x_wconf 85' lang='lat' dir='ltr'><em>fides</em></span> 
     </span>
     <span class='ocr_line' id='line_1_61' title="bbox 91 5496 1745 5628; baseline -0.008 -59"><span class='ocrx_word' id='word_1_801' title='bbox 91 5512 221 5569; x_wconf 90' lang='lat' dir='ltr'><em>tribuunt</em></span> <span class='ocrx_word' id='word_1_802' title='bbox 234 5512 349 5570; x_wconf 85' lang='lat' dir='ltr'><em>eiiactus</em></span> <span class='ocrx_word' id='word_1_803' title='bbox 363 5514 503 5578; x_wconf 88' lang='lat' dir='ltr'><em>salutares,</em></span> <span class='ocrx_word' id='word_1_804' title='bbox 520 5510 584 5566; x_wconf 90' lang='lat' dir='ltr'><em>licet</em></span> <span class='ocrx_word' id='word_1_805' title='bbox 602 5526 667 5566; x_wconf 86' lang='lat' dir='ltr'><em>cum</em></span> <span class='ocrx_word' id='word_1_806' title='bbox 682 5508 723 5565; x_wconf 86' lang='lat' dir='ltr'><em>oli</em></span> <span class='ocrx_word' id='word_1_807' title='bbox 740 5523 775 5565; x_wconf 83' lang='lat' dir='ltr'><em>iio</em></span> <span class='ocrx_word' id='word_1_808' title='bbox 797 5505 897 5587; x_wconf 55' lang='lat' dir='ltr'><em>disen-</em></span> <span class='ocrx_word' id='word_1_809' title='bbox 949 5514 1101 5628; x_wconf 69' lang='lat' dir='ltr'><em>quioniam,</em></span> <span class='ocrx_word' id='word_1_810' title='bbox 1136 5499 1280 5583; x_wconf 64' lang='lat' dir='ltr'><em>sacrificiaj</em></span> <span class='ocrx_word' id='word_1_811' title='bbox 1300 5497 1417 5569; x_wconf 86' lang='lat' dir='ltr'><em>alioquin</em></span> <span class='ocrx_word' id='word_1_812' title='bbox 1431 5504 1528 5579; x_wconf 69' lang='lat' dir='ltr'><em>¹actum</em></span> <span class='ocrx_word' id='word_1_813' title='bbox 1560 5502 1633 5550; x_wconf 85' lang='lat' dir='ltr'><em>essct</em></span> <span class='ocrx_word' id='word_1_814' title='bbox 1654 5496 1688 5552; x_wconf 88' lang='lat' dir='ltr'><em>de</em></span> <span class='ocrx_word' id='word_1_815' title='bbox 1701 5513 1745 5584; x_wconf 56' lang='lat' dir='ltr'><em>sag</em></span> 
     </span>
     <span class='ocr_line' id='line_1_62' title="bbox 90 5525 1745 5657; baseline -0.011 -15"><span class='ocrx_word' id='word_1_816' title='bbox 90 5588 187 5646; x_wconf 79' lang='lat' dir='ltr'><em>mine.</em></span> <span class='ocrx_word' id='word_1_817' title='bbox 205 5591 235 5640; x_wconf 90' lang='lat' dir='ltr'><em>ttt</em></span> <span class='ocrx_word' id='word_1_818' title='bbox 250 5584 312 5657; x_wconf 90' lang='lat' dir='ltr'><em>ipse</em></span> <span class='ocrx_word' id='word_1_819' title='bbox 327 5584 373 5640; x_wconf 85' lang='lat' dir='ltr'><em>ait.</em></span> <span class='ocrx_word' id='word_1_820' title='bbox 395 5587 503 5642; x_wconf 78' lang='lat' dir='ltr'><em>Attente</em></span> <span class='ocrx_word' id='word_1_821' title='bbox 529 5581 602 5638; x_wconf 84' lang='lat' dir='ltr'><em>enim</em></span> <span class='ocrx_word' id='word_1_822' title='bbox 627 5590 707 5653; x_wconf 88' lang='lat' dir='ltr'><em>caput</em></span> <span class='ocrx_word' id='word_1_823' title='bbox 722 5525 774 5634; x_wconf 64' lang='lat' dir='ltr'><em>ios</em></span> <span class='ocrx_word' id='word_1_824' title='bbox 788 5585 895 5633; x_wconf 78' lang='lat' dir='ltr'><em>ceruum</em></span> <span class='ocrx_word' id='word_1_825' title='bbox 961 5582 1005 5631; x_wconf 91' lang='lat' dir='ltr'><em>itte</em></span> <span class='ocrx_word' id='word_1_826' title='bbox 1030 5573 1187 5630; x_wconf 80' lang='lat' dir='ltr'><em>feminarum</em></span> <span class='ocrx_word' id='word_1_827' title='bbox 1201 5584 1334 5638; x_wconf 87' lang='lat' dir='ltr'><em>omnium,</em></span> <span class='ocrx_word' id='word_1_828' title='bbox 1350 5583 1383 5624; x_wconf 89' lang='lat' dir='ltr'><em>ac</em></span> <span class='ocrx_word' id='word_1_829' title='bbox 1402 5577 1482 5622; x_wconf 87' lang='lat' dir='ltr'><em>etiam</em></span> <span class='ocrx_word' id='word_1_830' title='bbox 1505 5565 1685 5624; x_wconf 87' lang='lat' dir='ltr'><em>masculorum</em></span> <span class='ocrx_word' id='word_1_831' title='bbox 1698 5586 1745 5644; x_wconf 84' lang='lat' dir='ltr'><em>qui</em></span> 
     </span>
    </p>
   </div>
   <div class='ocr_carea' id='block_1_11' title="bbox 92 5635 1583 5729">
    <p class='ocr_par' dir='ltr' id='par_1_12' title="bbox 92 5635 1583 5729">
     <span class='ocr_line' id='line_1_63' title="bbox 92 5635 1583 5729; baseline -0.014 -16"><span class='ocrx_word' id='word_1_832' title='bbox 92 5657 255 5729; x_wconf 85' lang='lat' dir='ltr'><em>perlegenti</em></span> <span class='ocrx_word' id='word_1_833' title='bbox 281 5659 381 5728; x_wconf 80' lang='lat' dir='ltr'><em>patebit</em></span> <span class='ocrx_word' id='word_1_834' title='bbox 398 5661 545 5713; x_wconf 76' lang='lat' dir='ltr'><em>humorem</em></span> <span class='ocrx_word' id='word_1_835' title='bbox 564 5652 653 5725; x_wconf 85' lang='lat' dir='ltr'><em>potius</em></span> <span class='ocrx_word' id='word_1_836' title='bbox 671 5650 840 5710; x_wconf 82' lang='lat' dir='ltr'><em>existimasse</em></span> <span class='ocrx_word' id='word_1_837' title='bbox 858 5645 895 5702; x_wconf 90' lang='lat' dir='ltr'><em>ri·</em></span> <span class='ocrx_word' id='word_1_838' title='bbox 953 5645 987 5701; x_wconf 90' lang='lat' dir='ltr'><em>ad</em></span> <span class='ocrx_word' id='word_1_839' title='bbox 1001 5644 1208 5700; x_wconf 88' lang='lat' dir='ltr'><em>dismoctaitim</em></span> <span class='ocrx_word' id='word_1_840' title='bbox 1222 5656 1277 5698; x_wconf 91' lang='lat' dir='ltr'><em>non</em></span> <span class='ocrx_word' id='word_1_841' title='bbox 1294 5637 1495 5710; x_wconf 85' lang='lat' dir='ltr'><em>pervenissent.</em></span> <span class='ocrx_word' id='word_1_842' title='bbox 1510 5635 1583 5693; x_wconf 77' lang='lat' dir='ltr'><em>Eun.</em></span> 
     </span>
    </p>
   </div>
   <div class='ocr_carea' id='block_1_12' title="bbox 0 0 1950 6132">
    <p class='ocr_par' dir='ltr' id='par_1_13' title="bbox 0 0 1950 6132">
     <span class='ocr_line' id='line_1_64' title="bbox 0 0 1950 6132; baseline 0 0"><span class='ocrx_word' id='word_1_843' title='bbox 0 0 1950 6132; x_wconf 95' lang='lat' dir='ltr'><em> </em></span> 
     </span>
    </p>
   </div>
  </div>
 </body>
</html>
