3840 6134
127 304 181 366 ros
288 329 292 336 ·
486 299 703 363 4004004000
721 266 855 363 004000
873 299 957 363 4400
976 303 1011 368 tl.
1030 332 1066 350 -
1082 300 1425 377 emmerammum.
1522 368 1525 373 ,
1720 298 1776 360 404

127 427 266 487 ricationis
280 436 386 500 0040ος
403 442 465 486 0004
489 441 520 483 00
540 441 557 483 0
574 425 715 484 daemoniis
735 427 810 499 quasi
826 427 921 483 Filium
937 415 962 496 Α
977 429 1020 487 040
1034 428 1139 487 delictis
1161 427 1363 496 commaculati,
1379 443 1441 484 cum
1463 426 1589 499 qualibus
1607 430 1636 481 ot
1660 424 1778 498 aposto·

126 518 263 575 creatoris
286 518 431 575 sustineret
458 514 556 580 timeri,
585 523 616 572 ut
641 517 699 588 jam
726 531 782 573 non
811 519 921 590 propria
974 519 1017 576 lus
1032 518 1058 591 (4
1078 521 1140 578 Cor.
1155 534 1185 586 0,
1201 517 1679 589 lt)cv'dnmquoquevetatsomere
1693 531 1776 587 :par-

127 614 258 680 potestate
283 604 428 677 expelleret
460 603 604 672 daemonia,
636 605 684 660 sed
712 621 760 679 per
787 604 922 662 Crantoris
976 607 1084 680 ticipari
1098 607 1172 665 enim
1192 607 1319 680 stigmata
1341 604 1511 671 delictorum,
1531 604 1609 676 quasi
1632 620 1668 692 ⁰¹.
1683 615 1777 661 oouta·

127 695 323 752 auctoritatem.
362 692 392 747 ln
419 691 593 747 solitudinem
622 692 753 763 procedit.
788 693 922 752 Solemnis
976 697 1065 768 gione,
1080 697 1103 752 si
1128 695 1189 768 quis
1211 711 1240 750 se
1264 709 1325 750 cum
1347 701 1488 765 peccatore
1507 693 1655 749 miscuerit.
1680 692 1776 767 ltaque

128 791 155 840 et
168 779 324 852 huiusmodi
339 781 413 851 regio
437 779 579 838 creatoris.
603 778 751 850 Oportebat
771 797 922 838 sermonem
978 784 1215 842 Dominusvolens
1233 782 1314 839 altius
1336 781 1450 855 intelligi
1472 783 1583 855 Legem,
1612 797 1660 852 000
1680 796 1776 838 earna-

128 870 185 925 illic
199 884 306 941 quoqne
320 867 406 924 044004
420 867 449 923 40
471 883 593 939 corpore,
610 868 655 925 ubi
674 869 924 943 egerataliquando
978 872 1015 927 lis
1042 872 1173 944 spiritalia
1198 868 1415 943 significantem,
1445 876 1472 924 04
1500 871 1552 925 hoc
1584 868 1693 926 nomine
1721 884 1777 928 non

101 946 106 955 Χ
128 966 156 1013 04
173 957 200 1012 40
225 956 308 1012 nube.
334 955 506 1028 Competebat
520 965 547 1012 04
563 956 710 1029 Evangelio
732 958 839 1014 habitus
858 957 922 1023 loci,
977 959 1128 1029 destruens,
1146 959 1194 1015 sed
1217 958 1305 1031 magis
1331 966 1472 1013 exstruens
1494 973 1575 1028 quam
1598 957 1778 1029 pertinentius

128 1045 175 1117 004
190 1044 326 1115 placuerat
340 1051 367 1098 04
383 1045 457 1114 Legi.
483 1045 583 1117 Capiat
606 1045 696 1117 itaque
710 1047 925 1118 jocunditatem
979 1048 1085 1104 volebat
1097 1048 1218 1122 agnosci,
1241 1046 1328 1120 tetigit
1350 1046 1530 1117 leprosum,a
1551 1061 1604 1117 quo
1626 1046 1676 1103 etsi
1695 1048 1778 1102 bomo

128 1133 260 1200 solitudo,
277 1134 328 1189 hoc
341 1133 424 1187 lsaias
437 1133 542 1203 (xxxv,
559 1132 583 1203 4)
607 1132 776 1204 promiserat.
792 1135 926 1190 Detentus
979 1136 1113 1207 inquinari
1136 1135 1279 1207 potuisset,
1308 1136 1381 1191 Deus
1403 1134 1495 1206 utique
1511 1148 1564 1189 non
1578 1132 1777 1206 inquinaretur,

130 1219 217 1278 874
232 1220 366 1277 aturbis:
386 1221 499 1293 Oportet
513 1236 567 1286 me,
592 1220 680 1292 iuquit
705 1222 781 1290 (tac.
805 1237 844 1289 40,
868 1221 925 1294 44),
981 1223 1225 1280 incontaminabilis
1247 1221 1360 1278 scilieet.
1388 1223 1428 1278 lta
1450 1235 1504 1277 non
1528 1220 1720 1291 praescribetur
1737 1220 1779 1277 illi

130 1300 195 1366 04440
209 1309 373 1367 civitatibus
382 1311 559 1366 0004444440νο
567 1326 684 1381 regnem
694 1311 754 1367 Dei.
765 1309 927 1368 Ostenderat
981 1312 1054 1384 quod
1072 1311 1193 1367 debuerit
1215 1310 1305 1385 legem
1328 1311 1483 1379 observare,
1499 1317 1526 1364 et
1546 1323 1599 1365 non
1621 1308 1779 1382 contingere

128 1399 184 1467 jnm
200 1397 301 1454 alieubi
327 1398 412 1453 Deum
437 1397 535 1455 suum?
550 1398 610 1453 Non
635 1406 699 1468 puto
723 1399 811 1456 adhuc
827 1414 925 1472 usque.
980 1398 1159 1466 immundum,
1173 1414 1256 1472 qoem
1276 1404 1414 1454 contactus
1436 1396 1567 1477 immundi
1592 1410 1647 1452 non
1663 1400 1723 1454 0404
1735 1397 1778 1452 in·

131 1486 184 1541 Sed
206 1487 239 1541 de
261 1485 301 1542 eis
321 1486 491 1558 loquebatur,
512 1486 559 1557 qui
584 1486 666 1544 alium
700 1503 811 1563 quoque
838 1487 926 1544 Deum
982 1488 1151 1560 quinsturus.
1176 1489 1235 1544 lloc
1252 1485 1339 1558 magis
1362 1501 1423 1542 meo
1446 1484 1553 1541 Christo
1571 1492 1726 1557 competere
1740 1485 1781 1544 040

131 1585 270 1632 00000004.
296 1575 353 1632 Νο0
376 1566 427 1632 4400
447 1574 537 1631 00040.
563 1576 637 1646 Ergo
658 1577 681 1630 si
705 1592 756 1632 nec
774 1576 822 1632 ille
846 1576 927 1632 alium
981 1576 1077 1644 doceo,
1093 1575 1158 1630 dum
1173 1581 1220 1631 tuo
1234 1589 1291 1629 non
1304 1581 1459 1643 competere
1472 1572 1639 1630 demonstro.
1655 1573 1684 1630 Si
1706 1572 1780 1629 enim

130 1662 216 1719 Deum
237 1662 398 1728 crediderat,
423 1678 472 1720 uec
492 1663 530 1718 illi
547 1671 679 1719 noverant
700 1673 797 1734 preter
815 1665 927 1721 Creato—
981 1674 1011 1719 ut
1042 1664 1155 1720 aemulus
1189 1661 1259 1736 legis
1286 1661 1373 1737 tetigit
1401 1661 1550 1733 leprosum,
1577 1660 1643 1715 nihil
1677 1659 1781 1718 4004000

130 1766 187 1808 rem
201 1751 323 1820 eiusdem
346 1749 397 1804 Dei
413 1764 526 1822 regnum
544 1750 727 1825 portendebat,
743 1769 821 1826 quem
838 1755 928 1812 solum
943 1721 965 1799 Β
981 1764 1141 1823 praeceptum
1170 1750 1257 1823 legis,
1283 1765 1334 1823 per
1367 1755 1552 1819 contemptum
1572 1746 1782 1821 inquinamenti,

131 1839 234 1896 sciebat
247 1847 340 1894 uotum
355 1836 455 1909 eisqui
471 1836 625 1893 audiebant.
981 1841 1118 1913 quomodo
1132 1850 1222 1912 posset
1236 1837 1381 1912 inquinari,
1397 1837 1443 1910 qai
1460 1852 1560 1910 corpas
1584 1851 1639 1894 nou
1662 1838 1782 1895 habebat

982 1929 1057 1999 quod
1093 1928 1298 2001 inquinaretur?
1335 1927 1493 1998 phantasma
1532 1925 1605 1982 euim
1644 1925 1782 1996 inquinari

444 1977 555 2037 CAPUT
570 1980 617 2035 IX’
981 2015 1063 2076 8⁷5
1076 2031 1131 2074 non
1147 2024 1250 2090 posset.
1274 2014 1326 2082 Qut
1350 2029 1417 2088 ergo
1448 2013 1583 2086 inquinari
1602 2029 1655 2071 noa
1674 2023 1782 2086 poterat

167 2101 207 2157 De
220 2107 260 2156 tot
274 2100 421 2175 generibus
443 2118 567 2175 operum,
584 2104 650 2176 quid
666 2105 758 2178 utiquo
780 2106 813 2162 ed
838 2107 928 2179 pisca·
981 2115 1011 2163 at
1024 2109 1190 2178 phantasma,
1204 2106 1262 2177 jam
1276 2120 1332 2161 non
1356 2104 1452 2160 virtute
1472 2103 1563 2160 diuina
1580 2103 1779 2160 incontamina-

132 2196 217 2246 turam
237 2190 365 2261 respexit,
379 2200 410 2247 ut
427 2192 461 2247 ab
476 2192 522 2249 illa
545 2193 572 2250 in
587 2195 725 2265 apostolos
745 2204 865 2253 sumeret
883 2197 928 2254 Si·
982 2197 1043 2252 bilis
1064 2195 1125 2260 erit,
1155 2194 1204 2249 sed
1224 2191 1417 2265 phantasmatis
1445 2192 1600 2248 inanitate:
1632 2207 1683 2248 aee
1715 2206 1781 2248 nou·

132 2294 239 2334 monem
262 2287 289 2335 et
311 2277 382 2336 444400
403 2282 547 2338 Zebedaei?
570 2284 714 2341 nonenim
734 2283 848 2356 simplet
871 2285 929 2343 lac·
983 2283 1128 2355 tempsisse
1141 2281 1225 2337 videri
1251 2288 1338 2351 potest
1357 2278 1600 2351 inquinamentum,
1622 2278 1702 2348 cujus
1724 2295 1781 2335 mn·

133 2373 189 2422 tum
203 2366 290 2424 videri
305 2375 402 2438 potest,
435 2370 469 2425 40
491 2385 545 2440 quo
566 2379 755 2443 argumentum
779 2387 928 2443 processu·
981 2372 1077 2428 teriam
1097 2386 1151 2427 uon
1167 2368 1308 2425 hahebat:
1339 2370 1376 2423 ita
1407 2382 1457 2424 nec
1490 2369 1579 2437 legem
1601 2366 1779 2437 destruxisse,

132 2472 192 2512 rum
207 2465 274 2524 erat,
295 2457 387 2514 dicens
408 2458 485 2529 (400.
509 2474 538 2531 0,
566 2460 610 2532 lb)
632 2460 710 2517 Petro
729 2460 872 2530 trepidanti
894 2462 929 2517 de
982 2461 1029 2532 qui
1061 2457 1292 2529 inquinamentum
1334 2471 1366 2510 04
1400 2454 1542 2512 occasione
1575 2454 1780 2527 phantasmatis,

133 2544 243 2616 copiosa
256 2544 381 2619 indagine
396 2544 511 2617 piscium
535 2547 599 2606 :Ne
624 2548 704 2614 time,
726 2548 828 2606 abhinc
852 2552 930 2610 enim
982 2564 1040 2605 noa
1071 2563 1104 2603 04
1128 2545 1312 2604 ostentatione
1338 2544 1445 2602 virtutis
1473 2552 1604 2601 evaserat.
1634 2543 1664 2601 si
1692 2553 1781 2600 autem

135 2635 260 2693 homines
280 2637 337 2693 eris
351 2638 473 2708 capiens.
490 2636 548 2692 4400
570 2634 642 2692 enim
667 2637 750 2705 dicto,
766 2635 928 2696 intellectum
982 2635 1104 2704 Elisaeus,
1141 2633 1290 2705 prophetes
1322 2632 1469 2698 Creatoris,
1504 2634 1612 2687 unicum
1642 2633 1782 2703 leprosum

133 2722 187 2778 illis
201 2722 365 2795 suggerebat
378 2722 530 2794 adimpletae
553 2722 711 2793 prophetiae,
728 2738 759 2779 00
782 2740 844 2780 eum
868 2742 930 2783 esse
982 2725 1101 2779 Naaman
1116 2739 1210 2795 syrum
1224 2739 1257 2779 ex
1281 2728 1320 2778 tot
1338 2722 1456 2793 leprosis
1477 2721 1603 2778 israelitis
1629 2721 1783 2778 emendarit

134 2810 181 2882 qui
197 2826 245 2883 per
264 2810 425 2866 hieremiam
441 2811 627 2882 pronuntiarat
641 2812 757 2883 (100004.
778 2830 838 2883 xva,
854 2814 927 2881 lbi:
984 2812 1032 2883 (tv
1060 2815 1124 2883 4400.
1152 2828 1179 2878 0,
1209 2808 1265 2881 44),
1291 2824 1342 2865 000
1365 2811 1417 2867 4400
1448 2810 1481 2864 04
1508 2810 1691 2866 diversitatem
1719 2807 1784 2866 iacit

136 2900 260 2970 Ececcqo
273 2900 388 2954 mittam
401 2900 555 2971 piscatores
569 2901 685 2967 maltos,
702 2903 730 2957 et
742 2901 930 2974 040004004ον
983 2900 1092 2968 Christi,
1117 2899 1194 2972 quasi
1214 2899 1268 2955 hoe
1296 2898 1376 2955 modo
1396 2897 1525 2964 melioris,
1547 2898 1611 2954 dum
1634 2898 1783 2955 israelitem

135 2989 216 3057 ilices
238 2987 362 3045 homines
386 2987 497 3044 scilicet.
520 2989 642 3061 Denique
671 2990 772 3046 relictis
801 2991 933 3049 naviculis
948 2994 970 3074 c
985 2986 1330 3060 400400040040004004462
1356 2996 1509 3052 extraneus,
1532 3002 1612 3058 quem
1637 3002 1705 3043 suus
1728 2986 1782 3043 do·

134 3075 222 3132 secuti
241 3084 303 3132 suut
326 3091 405 3145 eum;
423 3077 510 3147 ipsum
530 3076 722 3154 intelligentes,
745 3080 793 3152 qui
812 3089 932 3153 coeperat
985 3080 1076 3132 minus
1090 3076 1237 3134 emundare
1260 3090 1316 3131 uon
1329 3074 1464 3141 venena
1477 3075 1546 3146 Syro
1569 3073 1675 3130 facilius
1688 3089 1783 3130 eman·

136 3164 309 3239 4000000004
325 3165 454 3227 edixerat.
471 3165 554 3223 atiud
569 3175 621 3237 est,
637 3168 660 3223 si
676 3168 822 3228 adfectavit
836 3170 869 3228 de
884 3187 934 3228 aa·
986 3170 1057 3234 dato,
1075 3165 1225 3242 significato
1256 3165 1282 3203 ⁶³
1306 3179 1355 3235 per
1383 3162 1507 3231 aetiopes
1532 3161 1730 3219 emundationis
1755 3163 1783 3216 in

134 3254 322 3313 viculariorum
337 3254 453 3327 collegio
473 3254 603 3328 allegere,
617 3257 759 3314 habiturus
779 3261 932 3331 apostolum
985 3256 1092 3312 Christo
1116 3254 1214 3311 lumine
1237 3268 1339 3324 earam,
1361 3268 1421 3324 quae
1441 3260 1543 3323 septem
1568 3250 1680 3307 maculis
1706 3250 1782 3323 capi·

135 3345 297 3416 quandoque
331 3344 489 3399 nauclerum
520 3344 696 3402 Marcionem.
725 3346 932 3406 Praestruximus
985 3346 1079 3400 tolimn
1096 3343 1254 3400 delictorum
1278 3342 1335 3412 (44)
1360 3341 1511 3409 inhorrent,
1536 3340 1698 3408 idololatria,
1720 3341 1783 3396 hle-

135 3433 243 3504 quidem
258 3433 388 3489 adversus
401 3431 572 3498 Antitheses,
594 3431 661 3489 nihil
685 3433 814 3504 proficere
829 3451 932 3508 propo·
985 3432 1120 3506 aphamia,
1143 3430 1299 3498 homicidio,
1317 3430 1459 3497 adulterio,
1481 3438 1587 3502 stupro,
1613 3429 1680 3486 laiso
1703 3431 1783 3486 testi-

136 3521 189 3577 sito
213 3519 366 3587 4400040040,
382 3536 464 3592 quam
485 3527 571 3594 putat,
596 3520 779 3579 diversitatem
799 3524 881 3601 Legis
906 3533 933 3581 04
985 3521 1088 3592 monio,
1102 3519 1208 3576 400040.
1232 3518 1401 3592 0000000400
1422 3521 1524 3593 0004400
1551 3520 1629 3592 quasi
1652 3534 1703 3592 per
1728 3520 1784 3575 siu-

136 3608 287 3681 Evangelii,
300 3616 329 3664 ut
351 3615 379 3665 et
391 3609 462 3663 hanc
483 3624 498 3664 0
520 3607 647 3665 Crantore
669 3609 836 3682 dispositam,
852 3611 932 3670 deni·
986 3612 1066 3685 gulos
1080 3611 1172 3668 titulos
1186 3609 1214 3663 ia
1234 3608 1350 3665 lordaue
1365 3609 1439 3677 lavit,
1459 3608 1538 3664 simul
1563 3615 1590 3665 et
1609 3617 1640 3665 ut
1659 3609 1745 3664 totins
1759 3609 1784 3648 66

136 3712 191 3769 000
215 3696 386 3768 praedicatam
414 3697 442 3750 iu
470 3693 680 3768 repromissione
708 3711 785 3753 uovae
812 3699 880 3774 legis
907 3709 934 3757 et
986 3699 1162 3757 hebdomadis
1174 3704 1280 3769 caperet
1298 3697 1323 3736 66
1347 3696 1528 3768 expiationem
1552 3696 1595 3762 ⁶⁶3
1619 3695 1683 3769 quie
1705 3695 1786 3754 unius

136 3781 358 3855 novisermonis
378 3790 406 3836 04
430 3783 501 3841 Novi
522 3784 697 3840 testamenti.
726 3785 779 3841 Sed
806 3787 933 3860 qnoniam
957 3792 959 3795 ’
987 3788 1084 3845 4000004
1097 3787 1138 3845 040
1153 3795 1179 3844 04
1196 3786 1334 3858 040044040
1347 3785 1454 3842 Christo
1477 3786 1527 3842 soli
1545 3785 1696 3849 dicabatur,
1720 3785 1782 3841 iae-

137 3870 263 3927 attentius
286 3877 491 3940 argumentatur
526 3871 599 3944 apud
633 3870 707 3927 illum
733 3889 811 3929 suum
841 3876 934 3934 nescio
986 3887 1046 3936 turo
1070 3876 1208 3943 interris,
1232 3875 1301 3931 siout
1324 3890 1477 3931 sermonem
1501 3874 1729 3946 compendiatum,
1746 3875 1786 3930 ita

62 3996 71 4017 0
137 3974 218 4030 quem
246 3957 440 4032 euvratetcopes
464 3959 532 4034 (44)),
563 3960 591 4017 44
620 3969 662 4017 004
697 3963 933 4034 commiseronem,
987 3978 1015 4024 04
1028 3967 1173 4023 lavacrum.
1196 3966 1265 4021 Nam
1285 3971 1312 4019 et
1339 3965 1392 4021 hoc
1418 3964 1531 4037 opponit
1557 3962 1686 4028 lllarcioa,
1711 3960 1787 4020 lleli·

136 4056 163 4104 et
191 4048 397 4122 coppveebpsaov,
427 4047 454 4103 id
496 4058 545 4112 est,
584 4049 757 4118 coodibilem,
781 4054 808 4108 in
835 4054 933 4127 leprosi
987 4073 1072 4114 saum
1097 4054 1206 4128 quidem
1229 4053 1339 4111 materia
1362 4053 1476 4127 eguisse,
1497 4069 1593 4124 aquam
1616 4052 1783 4117 adhibuisse,

140 4135 340 4210 purgationem,
359 4151 414 4192 non
438 4136 541 4210 pigebit
563 4137 588 4195 ei
612 4152 765 4206 occurrere,
787 4152 814 4197 ct
831 4141 859 4197 in
880 4144 934 4212 pri·
988 4153 1084 4202 eteem
1099 4143 1219 4215 000440ος
1235 4141 1372 4199 Christum
1396 4157 1462 4197 vero
1485 4142 1569 4197 rerba
1585 4141 1653 4209 solo,
1682 4149 1711 4196 et
1732 4141 1786 4197 hoo

138 4223 190 4279 mis
203 4223 327 4298 figuratae
340 4223 410 4298 legis
424 4224 478 4281 rim
499 4224 661 4294 ostendere;
677 4242 737 4300 que
759 4227 787 4282 in
811 4232 934 4302 04004040
988 4233 1070 4289 semel
1103 4231 1224 4289 iunctum
1255 4231 1290 4299 ⁶⁷,
1319 4232 1485 4287 comtionem
1512 4229 1603 4287 statim
1634 4244 1786 4302 repraesen-

137 4312 238 4384 leprosi
253 4328 306 4369 aon
328 4312 513 4387 contingendi,
540 4313 595 4371 imo
618 4315 653 4370 ab
675 4316 749 4373 omni
773 4320 934 4377 commercio
950 4319 973 4398 n
989 4329 1069 4377 tasse.
1089 4318 1174 4390 Quasi
1190 4333 1244 4376 non
1258 4320 1370 4376 audeam
1384 4326 1411 4374 et
1424 4319 1536 4375 verbum
1563 4318 1651 4390 ipsum
1672 4317 1701 4373 in
1715 4318 1785 4374 sub·

137 4400 333 4469 submovendi,
358 4401 629 4460 communicationem
654 4405 815 4476 prohibebat
844 4408 932 4464 homi·
988 4407 1114 4465 stantiam
1137 4408 1272 4467 ereatcrts
1303 4406 1450 4465 vindicare.
1473 4406 1579 4465 Nullius
1598 4406 1636 4463 rei
1657 4421 1713 4464 aon
1737 4406 1786 4463 illo

814 4528 910 4597 Varias
923 4537 1077 4599 lectiones.

138 4639 343 4771 Fulgcffimgtau'ggt
357 4641 442 4701 serat.
454 4643 480 4684 ⁶³
494 4642 632 4718 Significat
647 4646 733 4706 Semi.
744 4645 768 4687 ⁶⁴
781 4646 872 4705 Toties
887 4649 948 4722 4440.
967 4649 1060 4708 Versat.
1075 4647 1101 4688 ⁶⁵
1115 4645 1228 4705 caneret
1246 4645 1307 4719 4440.
1324 4646 1416 4703 reat.
1432 4646 1457 4686 66
1476 4645 1509 4702 lit
1531 4647 1618 4706 inser.
1646 4646 1732 4706 Semi.
1760 4645 1786 4687 66

824 4789 1073 4856 Commentarius.

171 4925 228 5008 (40)
242 4927 322 4998 Apud
335 4926 421 4985 illem
435 4944 519 4986 sotem
541 4931 740 5005 peremptam,
756 4940 808 4987 etc.
824 4931 932 4987 Emer·
986 4931 1056 4987 rium
1068 4936 1096 4986 et
1108 4937 1232 5001 stuprum
1251 4929 1287 4983 ad
1308 4929 1453 5000 luxuriam,
1476 4929 1573 4986 falsum
1599 4928 1787 4986 testimonium

137 4997 201 5068 gine
216 5013 244 5051 au
257 5006 360 5054 textum
377 4998 543 5071 irrepserunt
565 5003 799 5073 interpretationes
820 5001 931 5059 Graeca·
984 5010 1013 5059 et
1027 5002 1100 5057 40000
1120 5001 1153 5056 04
1178 5000 1333 5065 avaritiam
1356 5002 1402 5057 sed
1422 5003 1559 5058 restabunt
1580 5011 1722 5072 praterea,
1739 5001 1785 5055 in-

75 5074 80 5081 ‘
137 5083 196 5123 rum
211 5083 317 5125 vocum.
333 5069 371 5123 La
386 5072 435 5128 Pa.
985 5072 1067 5138 04440,
1108 5072 1159 5138 040,
1171 5080 1198 5127 04
1211 5071 1314 5128 acedia.
1329 5073 1391 5128 Tria
1411 5081 1502 5129 autem
1523 5088 1556 5129 ex
1579 5073 1621 5129 his
1644 5088 1788 5128 enumera·

174 5138 231 5209 (44)
259 5140 371 5220 Septem
399 5143 520 5198 maculis
549 5144 722 5215 capitalium
750 5142 931 5201 delictorum.
987 5145 1020 5198 tis
1047 5088 1226 5209 0444400400,
1256 5142 1391 5210 fraudem,
1417 5143 1604 5206 homicidium,
1631 5143 1786 5213 Cyprianus

136 5208 229 5280 Longe
248 5210 327 5264 elram
352 5211 434 5266 habes
447 5227 529 5293 quam
551 5229 612 5282 qum
626 5213 805 5269 communiter
819 5215 933 5271 traditur
986 5214 1066 5270 etiam
1098 5216 1169 5270 inter
1189 5212 1310 5271 mortalia
1329 5213 1442 5269 crimina
1466 5213 1552 5284 ponit,
1576 5213 1620 5267 lib.
1650 5214 1684 5269 de
1708 5217 1786 5272 Bono

136 5290 238 5351 septem
247 5280 401 5351 capitalium
412 5281 573 5339 delictorum
585 5283 826 5352 enumerationem,
837 5291 932 5352 utpote
986 5287 1148 5342 Patientia.
1164 5286 1264 5342 hoctor
1276 5284 1392 5352 denique
1408 5285 1454 5340 lib.
1470 5286 1503 5342 de
1517 5285 1671 5351 Pudicitia,
1687 5286 1787 5341 eadem

137 5366 199 5406 cum
214 5351 258 5407 hie
270 5359 462 5407 enumerentur
475 5351 637 5423 idololatria,
653 5352 828 5426 blasphemia,
845 5354 933 5410 homi·
986 5356 1039 5410 ista
1052 5355 1122 5412 inter
1135 5356 1261 5428 graviora
1281 5364 1308 5412 et
1327 5355 1452 5426 exitiosa,
1467 5357 1522 5411 imo
1539 5364 1568 5413 et
1589 5355 1715 5411 mortalia
1733 5373 1787 5412 uu-

136 5421 249 5494 cidium,
273 5420 444 5487 adulterium,
463 5426 596 5492 stuprum,
611 5421 708 5478 falsum
735 5425 931 5493 testimonium,
987 5433 1081 5496 meret,
1096 5435 1196 5498 0440400
1221 5426 1317 5482 rasum
1344 5426 1538 5497 testimonium,
1557 5426 1635 5497 cujus
1663 5427 1724 5483 loco
1746 5426 1785 5482 ibi

136 5503 163 5549 et
177 5494 259 5549 lraus.
275 5491 396 5574 Quorum
409 5490 561 5574 idololatria
574 5503 602 5550 04
629 5493 797 5563 blasphemia
816 5506 933 5568 possunt
986 5498 1157 5568 negationem
1190 5497 1281 5562 addit,
1310 5496 1512 5554 fornicationem
1544 5497 1600 5553 illic
1632 5499 1785 5570 appellans,

136 5563 170 5617 ad
185 5565 340 5636 superbiam
359 5562 463 5628 4040404,
479 5564 654 5623 homicidium
672 5565 804 5641 adirem,
825 5569 933 5627 adulte·
986 5585 1067 5644 quam
1083 5571 1126 5628 hle
1141 5577 1264 5642 stuprum
1278 5583 1353 5625 more
1366 5584 1427 5625 suo.
1442 5569 1512 5627 Pata.
