3840 6134
130 302 170 361 ts
708 299 809 362 blbssl
827 300 870 361 tttl
888 296 1216 364 remaneamus.
1749 306 1785 366 26

134 432 181 481 est
193 423 239 476 ⁵⁰:
256 423 392 492 Qaoerite
407 428 437 479 et
460 425 624 491 inuenietis,
639 425 748 496 mando
771 427 935 498 quarendus
949 442 974 521 Α
987 424 1219 497 iactabatpanem
1235 423 1372 494 fiiiomrn,
1382 424 1503 480 nondum
1518 443 1552 482 tn
1564 444 1642 484 mam
1651 428 1677 466 ⁸⁹
1690 433 1784 491 natic-

137 515 227 570 66666
238 522 305 576 arat,
322 512 368 584 qui
391 513 480 569 adbuc
504 513 612 586 agnitus
633 528 689 570 non
714 520 772 570 erat
784 513 820 574 ⁶⁰.
835 515 869 571 Et
882 516 934 572 boc
988 534 1059 574 nant
1074 517 1117 573 ire
1127 513 1273 570 mandabat
1293 515 1402 584 (idatii.
1413 529 1518 581 xxrttt,
1533 518 1737 591 tinnientem
1755 520 1784 576 in

138 612 267 675 quamam
288 601 324 655 ad
345 600 470 669 iudaea,
486 601 518 655 ad
540 601 604 658 illos
628 601 701 658 anim
721 603 839 674 pertinet
863 612 936 660 totus
989 605 1042 660 line
1055 603 1235 677 praeceptam
1248 604 1378 659 vaderent
1392 603 1425 658 ed
1439 603 1783 680 docendasattinpuandae

136 704 226 746 sermo
240 687 447 761 suggillationis
468 688 555 758 istius,
570 691 616 762 qui
641 690 775 749 habebant
787 691 834 746 nbi
857 708 936 764 quaa·
988 694 1121 763 nationes,
1137 691 1307 750 consecuturi
1321 708 1382 748 mox
1402 693 1536 763 Spiritum
1555 703 1677 751 sanetum
1691 700 1782 754 Paro-

135 777 611 850 rerantcbristumdiabent,iuquit,
620 780 728 853 ldoysen
738 785 765 837 ct
774 782 867 837 liliam
877 781 936 854 (36)
989 784 1106 850 atelani,
1115 781 1162 853 qui
1173 779 1233 836 iilos
1242 780 1417 837 dedactnrns
1430 785 1502 837 esset
1517 783 1549 837 in
1559 798 1672 840 omnem
1683 787 1784 842 verita-

138 870 217 938 (666.
240 882 313 937 xri,
339 867 407 937 29),
432 867 459 922 id
482 867 635 942 astiagem
660 878 687 923 et
710 870 855 940 propbetas
878 870 935 941 (36)
989 874 1047 928 tern
1065 870 1156 940 (ioan.
1174 882 1235 932 xvi,
1253 869 1309 937 l3).
1329 867 1362 921 Et
1386 867 1437 924 boe
1460 883 1527 942 erga
1545 868 1608 924 illos
1629 868 1652 906 ¹⁰
1667 868 1729 925 iecit
1746 868 1782 930 ⁷¹.

135 958 273 1016 cbristnm
303 954 501 1025 praedicantes,
532 957 682 1013 secundum
712 958 786 1028 quod
817 967 843 1013 et
873 959 936 1015 alibi
988 958 1109 1030 Quodsi
1136 957 1291 1013 nationibus
1309 955 1335 994 '¹'
1353 957 1479 1021 destinati
1502 958 1649 1027 doctores,
1670 958 1784 1030 apostoli

135 1048 229 1117 (taen.
244 1058 274 1110 a,
298 1044 368 1113 39):
392 1043 582 1112 Scrutamini,
599 1043 696 1115 iuquit,
713 1045 888 1118 Scripturas,
903 1048 936 1102 in
987 1047 1038 1120 ipsi
1067 1062 1173 1119 qunque
1200 1047 1338 1104 doctorem
1361 1047 1529 1104 consecuturi
1556 1057 1636 1103 eraut
1661 1046 1784 1104 Paracle-

132 1132 579 1209 emmasatntensperotnnttoe
588 1134 666 1189 enim
674 1133 935 1207 damelapnuntnr.
987 1140 1055 1199 tum,
1072 1132 1258 1206 multomagis
1281 1133 1388 1189 vacabit
1400 1132 1426 1172 ⁷³
1445 1150 1510 1208 arga
1529 1149 1580 1192 nos
1594 1151 1726 1199 euenire
1744 1151 1783 1192 nr

133 1225 194 1279 iloe
216 1222 239 1260 ⁶¹
263 1221 325 1289 erit,
336 1219 486 1289 Quaeres,
501 1236 538 1277 nr
559 1236 739 1292 mmmmm
756 1238 819 1278 nam
840 1232 868 1280 at
891 1240 935 1280 aa·
988 1235 1169 1293 tarsamris,
1192 1222 1291 1295 quibus
1309 1223 1381 1279 ultro
1405 1231 1463 1278 eret
1486 1225 1636 1280 obtentura
1660 1223 1783 1280 doctrina

134 1310 287 1384 queudaia
302 1309 413 1366 ludaeos
425 1316 581 1381 competere
597 1310 770 1366 manifestum
785 1319 828 1369 est
843 1329 850 1367 ε
867 1313 935 1369 Pol·
987 1324 1036 1379 per
1049 1309 1194 1379 apostolas,
1211 1317 1238 1363 et
1251 1309 1318 1380 ipsis
1341 1311 1473 1382 apostolis
1489 1325 1538 1381 per
1556 1311 1686 1382 Spiritum
1701 1327 1782 1368 sene

136 1405 211 1467 sate,
229 1403 258 1455 ct
274 1399 423 1471 aperietur
443 1397 527 1455 vobis
543 1397 629 1454 Judaei
653 1407 726 1454 retro
747 1400 933 1470 penesllaum
988 1404 1053 1453 tum.
1069 1396 1166 1454 Omnia
1185 1396 1294 1469 quidem
1318 1397 1389 1453 dieta
1412 1398 1521 1455 Domini
1545 1400 1673 1456 omnibus
1694 1400 1784 1470 posita

136 1489 257 1553 ineman
271 1486 373 1543 debinc
395 1486 475 1556 ejecti
495 1488 531 1542 cb
555 1486 663 1558 delicta,
679 1495 754 1544 extra
766 1486 853 1544 Deum
873 1504 934 1546 ease
986 1495 1060 1551 aunt,
1075 1501 1135 1556 quae
1149 1483 1173 1523 ⁷⁴
1197 1502 1247 1557 per
1260 1501 1341 1541 aures
1362 1486 1520 1542 Judaeorum
1544 1489 1579 1542 ad
1603 1505 1653 1544 nos
1667 1489 1782 1545 transie-

136 1584 289 1647 eoeperunt.
313 1574 443 1630 Nationes
465 1589 532 1629 xero
556 1591 697 1647 nunqnam
725 1592 809 1648 penes
830 1578 933 1646 Deum,
987 1581 1065 1646 raut3
1090 1574 1138 1629 sad
1162 1575 1290 1646 pleraque
1313 1573 1340 1629 iu
1360 1591 1489 1646 personas
1507 1577 1609 1633 directa
1631 1579 1702 1647 (37),
1728 1593 1782 1634 666

136 1661 570 1731 nnistiiiicidiamdesitala,et
580 1665 850 1736 polatinensem
864 1669 934 1739 feris
969 1662 1178 1735 ,proprietatem
1211 1662 1403 1718 admonitionis
1443 1664 1523 1720 nobis
1560 1664 1780 1734 constituerunt,

136 1769 245 1825 semper
258 1753 329 1821 (iso.
342 1767 387 1820 aa,
402 1753 459 1822 tt).
476 1752 570 1823 ltaque
592 1750 650 1809 Μ
665 1752 712 1824 qui
732 1753 800 1809 loris
813 1770 932 1826 semper,
988 1750 1037 1807 aed
1050 1750 1214 1822 exemplum.

138 1841 276 1914 66666666
297 1838 418 1912 pulsabit
443 1855 477 1897 eo
498 1840 545 1895 ubi
564 1856 703 1912 nunquam
726 1840 796 1899 irriti
810 1859 892 1916 quam
907 1843 932 1883 ⁶²
949 1828 971 1907 Β
1295 1882 1407 1940 CAPUT
1422 1883 1462 1939 IX

137 1932 249 1999 ianuam
262 1929 345 1994 notit,
360 1929 389 1983 in
402 1944 482 2002 qaam
507 1930 532 1968 ⁰³
546 1945 597 1986 nec
611 1939 747 2002 receptus,
763 1946 813 1988 uec
827 1934 932 2002 ejectus
1465 1924 1472 1939 ⁹

139 2016 346 2089 aliquandolao
374 2016 458 2090 ⁶³qui
482 2017 532 2073 scit
557 2034 587 2074 se
610 2017 684 2074 intus
709 2017 794 2076 luisse
815 2028 842 2077 et
860 2020 933 2077 laras
986 1999 1064 2058 N⁰bss
1084 2003 1189 2066 “viimi
1206 1998 1524 2071 iniiammffll'mllb
1542 1999 1622 2056 “llud
1633 2015 1690 2055 '2⁰²¹
1705 2017 1780 2074 tw·

138 2114 244 2172 actum,
270 2106 293 2160 is
317 2105 407 2177 potius
429 2105 548 2176 pulsabit
575 2104 601 2141 ⁶⁸
623 2114 650 2161 et
672 2107 770 2163 ostitm
793 2108 869 2165 novit
888 2108 932 2164 666
1036 2105 1047 2122 ’
1323 2085 1454 2141 ΜΨ·

136 2196 403 2264 tiliamentum
416 2195 608 2252 sceiarsrrsai
622 2197 761 2268 competit,
774 2199 820 2269 qui
831 2198 933 2255 sciebat
1021 2192 1093 2248 Cedo
1108 2207 1181 2248 nunc
1194 2198 1292 2263 sponte
1306 2191 1340 2247 de
1355 2193 1442 2266 gradu
1455 2192 1508 2249 isto
1525 2193 1672 2250 :omnibus
1681 2193 1783 2250 dictum

136 2301 214 2356 aquo
238 2293 312 2340 esset
335 2282 528 2356 petendumtt,
552 2299 636 2358 aquo
659 2293 686 2340 et
703 2297 760 2342 erat
775 2286 875 2358 aliquid
889 2303 933 2344 re·
985 2281 1029 2350 sit,
1044 2295 1190 2351 euenire,
1202 2295 1240 2336 nr
1250 2295 1428 2348 inunxissem
1440 2287 1528 2336 umen
1542 2289 1569 2337 at
1580 2281 1624 2336 bie
1639 2282 1746 2351 expedit
1755 2279 1781 2319 ²⁵

136 2375 347 2443 promisenm3a
368 2374 426 2428 Dea
451 2373 555 2428 scilicet
577 2371 724 2442 Abrabam,
744 2373 819 2429 isaac
842 2384 870 2431 et
887 2376 932 2430 Ja-
986 2387 1067 2428 sensu
1081 2369 1106 2408 Ἰ·
1120 2378 1224 2426 certare
1238 2368 1262 2407 Ἡ
1281 2386 1342 2426 eum
1357 2370 1588 2440 interpretationis
1612 2371 1783 2444 gubernacu-

136 2462 203 2528 eob,
225 2477 307 2535 quem
339 2460 463 2517 nationes
488 2474 542 2514 non
567 2460 655 2532 magis
678 2469 830 2529 noverant,
851 2477 932 2534 quam
986 2459 1013 2517 lo
1031 2460 1086 2529 (36)
1106 2460 1174 2532 (39).
1195 2456 1253 2515 ²8
1265 2459 1344 2515 Nulla
1358 2476 1410 2516 vex
1424 2460 1514 2515 diuina
1528 2462 1586 2532 (66)
1599 2461 1635 2516 ita
1654 2460 1783 2518 dissoluta

137 2549 217 2606 ullam
240 2549 481 2622 repromissionem
505 2549 574 2619 eJ'as.
590 2551 625 2606 Et
646 2550 709 2606 ideo
732 2551 765 2605 ad
789 2552 872 2608 lsrael
887 2552 932 2608 lo·
986 2557 1027 2606 ast
1041 2557 1068 2603 et
1085 2546 1184 2604 diflusa
1198 2558 1227 2604 ut
1242 2548 1324 2604 verba
1338 2555 1440 2605 mutum
1456 2547 1643 2617 defendantur,
1663 2559 1690 2604 et
1713 2549 1782 2605 ratio
1841 2610 1844 2614 ,

133 2639 263 2712 quebatar
278 2654 287 2695 t
305 2640 366 2696 Non
380 2656 458 2708 anm,
474 2637 561 2710 inquit
577 2639 688 2708 (flatile.
704 2656 736 2708 x,
756 2642 812 2710 66),
827 2643 932 2700 mneos
986 2639 1130 2697 verborum
1143 2652 1197 2692 non
1212 2637 1399 2695 constituatur.
1411 2638 1464 2695 Sed
1475 2637 1502 2694 in
1513 2638 1608 2710 primis
1623 2640 1674 2694 boc
1684 2652 1782 2709 propo·

132 2728 228 2784 netad
237 2725 931 2801 ovespmditaadamasisraetildiondumcanibtn
986 2742 1021 2783 nu
1037 2745 1045 2781 t
1061 2741 1144 2781 unum
1156 2725 1251 2798 utique
1273 2724 1298 2763 ⁷⁸
1312 2735 1339 2782 et
1353 2735 1457 2783 certum
1480 2726 1581 2800 aliquid
1603 2726 1661 2798 (tt)
1675 2726 1783 2783 institu-
1828 2798 1832 2807 Ι

824 2827 920 2890 Varia
936 2832 1089 2891 lectiones.

164 2904 302 2961 ⁵⁹lderito
323 2920 389 2978 ergo
411 2912 476 2961 tunc
497 2903 597 2959 dictum
611 2915 651 2959 ast
665 2905 875 2964 abestoSemt.
891 2905 984 2976 ⁶⁰Qni
999 2906 1086 2960 adttuc
1114 2906 1220 2976 agnitam
1246 2921 1301 2962 uon
1331 2915 1389 2963 erat
1417 2906 1494 2963 adest
1526 2924 1543 2962 o
1573 2908 1659 2963 Semi.
1684 2906 1708 2944 ⁶¹
1734 2906 1784 2964 ilic

133 2977 217 3032 Semi.
245 2976 272 3013 ⁶²
300 2975 440 3044 Quomodo
466 2977 603 3032 licuntcn.
632 2977 658 3014 ⁸³
685 2975 744 3045 Qua
773 2978 857 3034 Semi.
886 2977 911 3015 ⁸⁴
939 2981 1038 3033 66666
1065 2979 1203 3032 ilcnman.
1233 2975 1258 3014 ⁶⁵
1285 2976 1405 3033 Poisavit
1437 2979 1528 3034 Vocet.
1555 2976 1580 3015 ⁶⁶
1608 2978 1650 3033 dd
1679 2977 1780 3033 ostium

151 3047 300 3102 uodnouit
318 3049 449 3103 lleanmn.
464 3044 488 3084 ω
516 3046 613 3119 dquu
632 3054 704 3102 esset
722 3048 868 3118 petendum
888 3048 966 3104 abest
981 3049 1098 3104 aSemi.
1113 3046 1139 3083 ⁶⁸
1166 3046 1273 3103 israelis
1303 3049 1388 3105 Semi.
1403 3047 1429 3084 ⁶⁹
1452 3047 1580 3103 Gentium
1610 3048 1653 3104 rel
1682 3051 1783 3107 inserit

131 3064 261 3196 genter.
288 3114 315 3151 Ὦ
341 3117 413 3186 Ergo
437 3118 480 3172 illo
512 3118 603 3174 Vanet.
652 3123 696 3174 oet
727 3119 806 3225 ⁸52¹?
822 3133 890 3190 ergo
918 3118 979 3173 illos
1006 3118 1122 3172 semler.
1143 3117 1167 3154 ⁷¹
1196 3118 1240 3172 lta
1262 3117 1374 3183 iunias,
1390 3119 1444 3174 alii
1473 3119 1524 3189 lep.
1555 3117 1628 3175 iacit.
1657 3117 1682 3156 ⁷²
1711 3120 1781 3190 Erga

130 3188 199 3241 illos
219 3202 243 3239 st
267 3194 361 3252 vacat,
377 3186 422 3257 qui
440 3187 593 3244 aadooibus
634 3205 746 3244 menan.
777 3191 789 3222 ³
823 3191 867 3244 lto
896 3187 1114 3254 Heuman3oiii
1136 3185 1235 3241 coloni
1258 3188 1417 3241 vacabantl
1434 3189 1479 3242 lia
1504 3191 1596 3244 Paris.
1612 3194 1675 3260 post
1693 3191 1780 3254 ¹Pam.

129 3273 195 3384 auia
209 3257 447 3385 admtsgmlimrrct.
477 3261 537 3331 ltip.
561 3258 587 3296 '¹⁵
605 3259 741 3330 Expendit
772 3261 866 3317 Vertat.
880 3258 905 3295 ⁷⁶
931 3260 1035 3316 Sensus
1064 3257 1148 3314 Semi.
1179 3258 1268 3313 Parin
1300 3257 1384 3313 Fran.
1410 3258 1434 3288 ’ἵ
1461 3256 1547 3312 Certae
1576 3260 1665 3314 Paris.
1692 3260 1780 3317 Fran.

184 3339 269 3400 taque
364 3368 371 3382 .
404 3345 458 3385 nn.

831 3400 1084 3466 Commentarius.

167 3507 349 3576 (balliebant
367 3511 397 3565 et
410 3508 520 3579 ldepren
544 3510 573 3564 et
588 3507 692 3565 liliam.
707 3506 795 3562 Etiam
810 3507 854 3564 bie
868 3524 930 3563 am·
945 3522 968 3600 c
982 3514 1026 3561 tur
1040 3506 1063 3560 si
1078 3521 1127 3562 nec
1141 3504 1249 3576 expedit
1259 3504 1285 3560 in
1301 3503 1483 3561 Christianum
1498 3506 1644 3562 conuenire
1659 3506 1781 3562 ordinem

128 3577 204 3650 plius
223 3579 320 3649 quidl
355 3579 375 3632 it
393 3593 475 3650 qaam
498 3579 628 3634 habeatur
651 3579 729 3633 Lucae
752 3579 870 3645 rv1,ubi
886 3594 931 3634 so-
984 3577 1033 3631 lilii
1059 3576 1177 3649 prodigi.
1193 3575 1273 3645 Quod
1297 3576 1320 3629 si
1344 3591 1394 3632 nee
1415 3576 1443 3631 iu
1468 3576 1590 3631 Judaeum
1615 3578 1719 3648 integre
1735 3576 1783 3633 lilii

129 3651 190 3704 lun
209 3649 307 3718 leptim
321 3593 428 3730 ‘graece
447 3658 475 3705 at
488 3649 582 3704 Latine
604 3666 612 3702 t
637 3649 745 3706 Habent
766 3650 874 3731 llopsen
902 3654 931 3706 et
985 3647 1076 3730 imago
1090 3647 1238 3730 consentit,
1255 3645 1289 3701 ad
1309 3646 1477 3729 propositum
1492 3647 1602 3704 Domini
1616 3648 1783 3730 'simpliciter

125 3719 296 3793 prophetae·
320 3718 446 3776 fortassis
468 3721 678 3793 capitanatum
703 3720 761 3775 baec
786 3719 929 3789 scriberet,
984 3717 1410 3790 interpretatsopabernabrtur.
1422 3739 1433 3766 a
1445 3718 1528 3774 Porro
1539 3733 1600 3774 mox
1614 3719 1782 3789 raimbabes,

130 3806 215 3860 snper
238 3789 409 3861 apparitione
432 3790 515 3847 llosis
530 3799 558 3845 at
580 3791 644 3846 Elim
659 3791 686 3845 in
707 3800 797 3846 monte
811 3791 929 3848 Thabor.
983 3807 1073 3875 frte.
1088 3790 1222 3858 Quaerite,
1239 3791 1267 3845 et
1277 3790 1438 3912 irsscenietis,
1449 3790 1512 3846 sine
1526 3789 1680 3872 discipline
1694 3794 1782 3873 ratio·

131 3861 227 4001 ΡΑ(136)
243 3933 362 4012 liabent,
376 3933 482 4005 iapait,
495 3932 602 4004 ldopaen
612 3937 640 3988 at
654 3933 758 3988 ettam.
770 3931 820 3988 llic
830 3947 932 3988 memo-
984 3862 1289 4012 ἕίιὲριξιξῖἵιθίξξέἔέἶίε
1313 3873 1512 4012 6616ῗέ66606ῗεῖ
1524 3870 1783 3998 ιὸωειιῗίἱεὲἓῖιιωοιίιιζ

129 4019 172 4058 rra
185 4003 282 4058 letelttt
290 4010 439 4058 auctorem.
450 4003 574 4061 Suana.
586 4003 691 4060 liabent
707 4004 815 4076 diapson
826 4008 853 4061 et
866 4020 931 4076 pro·
984 4013 1096 4065 retrone,
1108 4016 1168 4056 cum
1183 4001 1325 4071 disciplina
1335 4008 1454 4066 rationis,
1462 4017 1522 4072 quae
1531 4017 1637 4058 omnam
1647 4012 1780 4074 interpre-

129 4074 248 4144 pltetas.
261 4073 372 4129 Rauen.
985 4072 1114 4128 tationem
1122 4071 1275 4144 gubernare
1288 4071 1378 4139 debet,
1390 4080 1418 4126 et
1432 4071 1457 4125 iu
1469 4088 1502 4126 aa
1512 4089 1618 4144 semper
1628 4089 1752 4145 regnare.
1766 4095 1777 4124 ι

130 4143 479 4269 wfflttmdplerapnein
490 4159 625 4216 personas
633 4143 928 4212 directaludaeorum,
984 4143 1096 4199 Rosia.

167 4214 173 4224 '
190 4213 252 4270 'cet
268 4214 325 4271 lite.
1020 4215 1079 4284 (te)
1090 4213 1175 4270 Natta
1194 4228 1249 4270 aaa
1266 4212 1376 4268 diuina.
1396 4207 1618 4268 Similam'locum
1633 4215 1730 4287 alleget
1745 4216 1779 4271 ad

166 4285 216 4354 (38
246 4285 314 4342 Cam
335 4288 584 4358 interpretationis
603 4284 851 4358 permanentem
875 4294 927 4354 est,
983 4286 1132 4360 marginem
1155 4283 1321 4352 Quintinus,
1337 4283 1383 4355 qui
1407 4283 1433 4337 in
1461 4287 1578 4339 laceretis
1600 4287 1698 4342 citatur
1716 4302 1735 4354 t,
1751 4303 1780 4359 q.

130 4371 192 4412 eum
215 4356 337 4424 ratione,
361 4373 424 4412 cum
452 4357 595 4427 disciplina
619 4355 750 4425 rationis,
775 4372 837 4428 quae
861 4373 929 4413 sane
985 4361 1011 4424 l,
1026 4372 1052 4415 c.
1077 4356 1160 4411 Mare.
1184 4356 1244 4410 Non
1270 4365 1394 4427 putamus
1419 4355 1445 4408 iu
1465 4355 1664 4424 scripturarum
1690 4360 1782 4414 uerbis

131 4442 239 4483 omnem
254 4427 502 4498 interpretationem
527 4430 679 4498 gubernare
703 4427 796 4495 debet,
812 4437 839 4483 et
855 4428 882 4482 ia
897 4444 929 4483 ea
983 4441 1045 4483 esse
1065 4425 1250 4496 Euangelium,
1267 4424 1314 4479 aad
1337 4426 1365 4480 in
1389 4440 1484 4493 sensu3
1501 4441 1555 4481 non
1580 4428 1606 4481 in
1625 4428 1781 4498 superficie,

134 4513 242 4568 semper
264 4512 390 4571 regnare.
413 4498 490 4554 ilaue
512 4499 600 4554 lorum
616 4498 714 4553 eodem
731 4513 814 4554 sensu
828 4506 928 4555 tracta-
983 4501 1031 4554 sed
1047 4497 1217 4563 immertalis,
1234 4509 1290 4551 uun
1313 4495 1341 4550 ia
1355 4511 1511 4553 sermonum
1527 4495 1608 4562 loliis,
1624 4498 1673 4554 sed
1689 4499 1717 4554 ia
1733 4514 1780 4554 ra·

134 4577 219 4623 reret.
233 4568 355 4624 lrmoem
369 4568 415 4623 lib.
431 4583 460 4625 tt.
477 4583 539 4639 cap.
554 4568 600 4626 lo.
616 4568 680 4624 lite.
984 4568 1045 4625 dice
1060 4567 1182 4626 rationis.
1197 4566 1265 4622 Pau.

169 4639 228 4709 (39)
241 4641 382 4696 lamsaci
396 4639 678 4711 bicecpetitsensns,
689 4642 873 4696 certarecom
888 4639 930 4693 in-
1020 4640 1077 4708 (ll)
1093 4641 1184 4697 Unam
1198 4638 1295 4710 atique
1318 4639 1346 4691 et
1365 4640 1476 4691 certam
1490 4636 1609 4706 aliquid.
1625 4637 1709 4691 Recte
1730 4636 1782 4693 boc

139 4710 348 4779 terpretatiant's
362 4712 560 4782 pulmento.
574 4711 619 4765 e'ie
634 4709 701 4778 edit,
711 4711 840 4781 princeps
857 4726 864 4765 ε
881 4714 929 4766 sed
984 4709 1174 4780 interpretatur
1189 4709 1325 4762 Macareus
1338 4709 1372 4761 de
1396 4720 1448 4758 una
1471 4715 1565 4776 reputa
1588 4722 1637 4760 seu
1652 4708 1780 4776 symbolo

139 4781 249 4850 capedit
262 4794 313 4850 pro
331 4782 415 4836 verbo
438 4782 545 4852 expetit
567 4782 668 4836 liabent
686 4782 730 4836 ed.
745 4781 840 4835 ultima
854 4781 929 4837 ilbe—
956 4831 959 4835 ,
983 4777 1056 4842 iidei,
1074 4779 1153 4846 cujus
1167 4776 1354 4848 unusquisque
1378 4774 1509 4829 articulus
1530 4792 1600 4830 uirus
1624 4787 1674 4841 est,
1690 4789 1780 4834 certus

140 4850 200 4903 uani
222 4859 249 4906 et
273 4851 360 4920 prima
382 4850 551 4909 Perisiensis.
568 4852 698 4918 Praestant
720 4851 852 4906 editiones
876 4852 929 4905 Pa·
983 4849 1227 4906 etdeterminatus.
1241 4848 1336 4929 Neque
1351 4846 1422 4901 euim
1448 4844 1568 4902 Ecclesia
1592 4859 1780 4919 postaposto-

143 4921 187 4974 ris.
208 4923 327 4977 secunda
348 4929 374 4976 et
403 4920 516 4976 Francis.
544 4941 556 4972 a
591 4933 681 4978 tamen
703 4929 730 4975 et
762 4922 805 4976 bic
828 4923 931 4992 expetit
947 4909 969 4985 Ι]
985 4921 1026 4976 los
1040 4935 1139 4975 novum
1155 4918 1271 4990 aliquem
1285 4918 1347 4972 bdei
1369 4917 1510 4972 articulum
1524 4919 1689 4975 credendum
1712 4937 1779 4993 pro·
1889 4971 1893 4978 .

143 5003 230 5047 nusae
256 4999 339 5047 certae
364 4991 591 5061 interpretationis
614 4992 846 5065 gubernaculum,
867 5013 879 5044 6
905 5003 931 5049 et
984 4991 1085 5061 posuit.
1102 4990 1158 5046 Etsi
1182 4991 1254 5044 enim
1277 4988 1374 5044 clarius
1396 4987 1556 5055 explicuerit
1579 4991 1709 5061 quosdam
1732 4994 1781 5050 ob·

144 5072 328 5117 rmoeaaerunt
348 5063 417 5116 banc
442 5063 584 5117 lectionem
608 5063 702 5133 Lupus
717 5070 744 5116 at
759 5064 928 5122 Thomasius.
984 5064 1129 5128 scuriores,
1147 5061 1191 5133 qui
1217 5059 1252 5116 ob
1275 5059 1318 5114 sui
1332 5067 1378 5114 eut
1401 5061 1603 5131 obscuritatem,
1624 5071 1670 5117 aut
1689 5065 1778 5120 ambi-

144 5130 205 5186 Nam
219 5132 342 5188 ediderat
356 5132 500 5206 ltigaltius,
517 5133 649 5190 atterente
672 5132 864 5191 illudereteri
880 5149 931 5190 suo
984 5134 1131 5216 peitatem,
1158 5143 1266 5201 possent
1299 5130 1478 5187 contentionis
1511 5146 1592 5186 causa
1620 5149 1680 5188 esse
1712 5135 1781 5190 iuter

143 5202 229 5258 eodm
251 5202 422 5268 Wuuwerio,
442 5224 454 5254 a
478 5206 578 5259 Temen
601 5215 628 5260 et
648 5204 694 5260 bie
717 5204 826 5274 expedit
848 5220 930 5260 sensu
984 5206 1087 5273 bdeles,
1103 5215 1129 5259 et
1151 5200 1302 5258 distinxerit
1328 5202 1354 5255 in
1379 5201 1480 5270 plures,
1497 5202 1543 5273 qui
1568 5205 1644 5273 prius
1672 5205 1699 5260 in
1726 5221 1780 5261 uno

144 5281 315 5329 eartaroeum
330 5274 561 5345 interpretationis
584 5276 777 5356 gubernaculo.
797 5296 808 5324 ι
826 5276 930 5329 Praetu·
984 5275 1104 5345 generali
1127 5274 1239 5328 articulo
1262 5273 1559 5396 comprehendebantur
1585 5292 1592 5329 ι
1618 5290 1672 5329 666
1694 5293 1779 5344 prop-

144 5341 214 5400 lsrim
243 5361 296 5419 ego
322 5346 464 5402 lectionem
492 5345 683 5420 Rigaltianam,
709 5345 732 5401 si
762 5346 842 5401 modo
872 5345 932 5405 roci
988 5355 1062 5401 teraa
1076 5344 1203 5400 censendi
1218 5355 1281 5400 sunt
1301 5359 1391 5413 puras
1409 5343 1495 5408 reipsa
1510 5344 1615 5400 articuli
1640 5344 1711 5411 fidei,
1731 5346 1780 5400 sed

145 5431 222 5474 nasa
236 5417 364 5486 particula
386 5416 419 5474 de
438 5427 620 5487 preponatur.
634 5415 676 5470 lid
689 5431 785 5485 voces,
800 5433 867 5473 carn
882 5419 930 5472 in·
984 5415 1154 5474 distinctione
1177 5424 1203 5472 et
1235 5414 1412 5486 explicatione
1443 5415 1580 5469 duntaxat.
1605 5413 1689 5490 0666Ι
1706 5414 1804 5489 6666ι

146 5490 351 5560 terpretationt'a
358 5488 545 5560 andernacnto
560 5486 633 5560 quod
643 5486 749 5551 attinet,
765 5488 856 5544 scribit
871 5505 933 5546 aue·
984 5496 1092 5545 vetares
1115 5487 1143 5542 in
1167 5502 1265 5558 genere
1286 5495 1481 5558 cognorerunt,
1500 5501 1549 5539 nos
1572 5484 1727 5537 distinctius
1751 5495 1780 5542 at

144 5560 221 5616 tario
236 5559 285 5616 lib.
300 5559 394 5616 saode
406 5558 560 5625 Pndt'eitia,
571 5558 662 5629 capi
678 5572 687 5612 ε
706 5577 718 5607 ι
735 5558 797 5615 Plus
818 5569 861 5616 est
874 5560 930 5635 igi-
984 5557 1184 5629 particulatim,
1206 5563 1346 5615 crescente
1365 5555 1393 5610 in
1416 5557 1475 5612 dies
1499 5553 1639 5610 bominum
1660 5554 1779 5620 (baereti-
