3840 6134
133 298 1779 351 m

720 461 832 533 bouill
850 461 992 524 stertuit
1012 463 1194 525 subustus

507 636 1421 812 TERTULLIANI

610 895 931 1011 uusuuu
984 899 1180 1014 alus
1235 899 1299 1019 ιι

887 1115 1045 1159 commus

519 1255 663 1320 LIBROS
690 1255 741 1319 ab
768 1254 819 1318 stt
845 1253 920 1319 tau
946 1255 1198 1324 asomsntsun
1225 1261 1409 1328 scauros

886 1506 1042 1585 um

380 1699 520 1848 'uu
579 1736 1540 1905 PRAESCRIPTIONIBUS

730 1960 763 2023 <n
780 1957 949 2012 anmnsns
964 1957 1151 2011 nenerrcos
1167 1960 1212 2023 ur.

572 2281 601 2334 ο
625 2269 851 2338 PROOEMlUli
872 2268 1084 2335 suffosus!
1101 2269 1377 2338 Pstuotoutn.

183 2429 241 2485 Etsi
265 2425 424 2485 Tertulliani
447 2424 481 2481 de
504 2423 768 2496 Proescripticniliur
781 2422 891 2492 libram,
905 2422 978 2479 inter
1000 2422 1091 2479 omnis
1114 2422 1174 2494 ejus
1193 2424 1324 2495 opuscula
1346 2425 1428 2500 longe
1452 2429 1704 2500 praestantissimum
1727 2451 1797 2509 esse,

148 2532 240 2588 eoque
254 2530 308 2570 uuo
323 2513 378 2569 telo
393 2518 506 2569 cunctas
519 2509 641 2566 omnium
652 2518 805 2582 temporum
817 2510 934 2567 haereses
948 2518 1094 2581 prostratas
1115 2509 1296 2582 pessumdari,
1311 2527 1392 2569 nemo
1415 2513 1475 2571 ierit
1496 2514 1610 2586 inllcias,
1636 2517 1734 2594 cuique
1758 2531 1798 2578 q..

148 2622 214 2661 men
236 2612 298 2660 nota
320 2610 364 2658 est
385 2601 482 2665 ardus,
501 2613 563 2671 que
585 2598 619 2654 ab
642 2597 703 2669 ipso
722 2597 813 2668 operis
836 2613 951 2657 occursu
974 2599 1122 2666 suboritur,
1144 2599 1340 2670 controversia,
1368 2616 1485 2672 quonam
1507 2620 1603 2678 nempe
1630 2607 1799 2678 potissimum

151 2704 284 2765 tempore,
300 2707 335 2748 an
352 2700 426 2760 anm,
447 2697 542 2761 postue
564 2687 692 2743 Auctoris
712 2687 747 2744 sd
770 2687 948 2744 llontanistes
968 2686 1132 2756 discessum,
1148 2687 1256 2746 libellus
1269 2688 1320 2747 iste
1340 2689 1385 2747 rel
1398 2688 1479 2748 luerit
1492 2692 1589 2763 editus,
1602 2694 1649 2753 rel
1662 2707 1798 2757 exaratus.

851 2830 1101 2895 Commentarius.

187 2961 228 3029 (l)
252 2961 422 3014 Tractatnnm
454 2971 524 3029 quos
543 2955 595 3012 edo
630 2957 660 3026 n)
685 2954 845 3014 Tertulliani
875 2955 950 3028 prior
1004 2954 1085 3010 nonis
1099 2955 1200 3027 ubique
1218 2954 1375 3013 advocatum
1398 2956 1555 3016 diffidentiae
1577 2959 1739 3033 deputetur,
1755 2979 1802 3020 re·

150 3032 250 3087 illude
268 3031 401 3086 Oratione
422 3027 605 3083 auctoriante
638 3043 735 3099 npsum
759 3025 817 3098 ejus
831 3027 864 3081 sd
881 3026 950 3081 llan-
1004 3025 1095 3096 gulam
1119 3026 1267 3082 adversarii
1291 3027 1368 3098 prius
1389 3037 1545 3098 praetexam.
1572 3032 1641 3100 (bib.
1666 3049 1690 3101 t,
1717 3050 1741 3090 c.
1763 3036 1802 3107 l.)

150 3104 305 3157 tanismum
321 3099 429 3154 attribui
441 3099 522 3167 solet3
537 3097 588 3153 sed
612 3100 680 3153 alter
700 3097 805 3152 libellus
824 3097 857 3154 ele
871 3099 949 3152 Prnc-
1006 3096 1128 3162 «Soleo,
1140 3096 1233 3151 scribit
1254 3105 1280 3152 et
1300 3098 1379 3165 alibi,
1399 3099 1428 3154 in
1446 3102 1650 3173 prescriptione
1673 3106 1803 3160 adversus

152 3170 317 3242 scriptione
341 3170 540 3233 hereticorum,
556 3175 702 3239 propterea
723 3168 797 3238 quod
821 3168 856 3221 sb
871 3181 904 3223 eo
922 3166 949 3220 in
1003 3165 1122 3220 hereses
1139 3180 1246 3234 omncs,
1271 3168 1307 3219 de
1331 3169 1486 3226 testimonio
1510 3179 1661 3243 temporum
1676 3190 1801 3245 compen.

150 3243 223 3297 libro
237 3240 327 3310 primo
341 3254 391 3294 sno
413 3243 514 3296 contra
528 3240 698 3296 Marcionem
712 3239 818 3295 videtur
832 3239 948 3308 promis·
1002 3234 1079 3290 diurn
1101 3234 1202 3316 figere,
1224 3234 1342 3317 priorem
1373 3235 1512 3295 vindicans
1535 3241 1656 3313 regulam
1681 3255 1800 3305 nostram

152 3328 201 3369 sus
229 3312 325 3378 tuisse,
351 3326 412 3364 curn
436 3309 596 3366 llontnnista
617 3313 673 3379 jam
695 3309 782 3365 lactus
804 3318 885 3379 osset,
904 3310 947 3364 in·
1002 3306 1077 3362 omni
1093 3307 1219 3362 baerettce
1242 3314 1414 3376 pressule.»
1440 3304 1511 3379 (Lib.
1534 3326 1562 3380 v,
1580 3325 1605 3365 c.
1622 3312 1678 3382 lt.)
1705 3315 1800 3387 Neque

153 3391 194 3437 ter
220 3397 303 3454 opera
325 3382 384 3450 ejas
407 3384 557 3452 composita
582 3393 646 3452 past
666 3391 816 3452 ‘susceptos
843 3395 948 3436 errores
1001 3376 1083 3434 aliter
1109 3377 1143 3434 de
1172 3378 1221 3433 bcc
1248 3392 1277 3432 re
1306 3377 1406 3433 sentire
1434 3378 1513 3436 video
1541 3379 1631 3437 virum
1664 3385 1798 3442 eruditum

152 3451 354 3509 llontanisticcs
384 3466 576 3524 nonnunquam
598 3460 732 3521 censetur,
755 3450 843 3522 magis
868 3466 947 3521 quam
1000 3446 1133 3503 loannem
1151 3447 1234 3529 ,says
1257 3447 1475 3530 lincolniensem
1499 3451 1659 3524 episcopum
1673 3453 1702 3508 in
1716 3470 1800 3526 opere

154 3535 265 3596 propter
282 3538 427 3594 perperam
443 3523 525 3591 diets,
540 3538 602 3594 quae
616 3523 644 3578 in
658 3522 719 3594 ipso
735 3529 849 3578 tractus
865 3536 947 3591 repe-
1000 3518 1117 3591 duplica
1139 3517 1232 3588 lingua
1258 3530 1420 3590 conscripto,
1438 3520 1484 3577 cui
1508 3523 1601 3580 titulus
1624 3525 1695 3583 llist.
1720 3528 1797 3584 licet.

154 3596 267 3652 riantur.
306 3593 383 3649 Certe
410 3608 463 3668 ego
489 3593 564 3648 nulla
591 3598 702 3650 omniuo
729 3593 810 3662 baius
836 3591 947 3647 heresis
1001 3589 1069 3647 Saec.
1086 3604 1106 3645 n
1120 3596 1148 3644 et
1162 3601 1240 3670 uren
1254 3589 1374 3663 Scriptis
1392 3593 1563 3651 Tertulliani
1586 3593 1752 3665 illustrato,
1769 3614 1796 3668 p.

153 3667 267 3737 uestigia
299 3664 326 3719 in
350 3666 401 3719 boc
429 3663 561 3735 opusculo
584 3662 749 3734 deprehendi
771 3677 853 3734 posse
876 3663 947 3717 exis-
1001 3661 1044 3715 bo.
1060 3659 1202 3723 Craterum,
1219 3660 1312 3732 siquis
1325 3670 1434 3739 propter
1449 3663 1555 3720 initium
1571 3665 1749 3738 hujusipsius
1764 3669 1798 3726 de

155 3738 229 3803 timo;
245 3736 339 3791 autibi
355 3750 489 3806 apparere
511 3735 671 3806 cujusquam
695 3735 823 3790 dmtrtnae
837 3735 947 3789 semitas
999 3731 1218 3803 Proesermnone
1244 3728 1442 3789 hereticorum
1472 3733 1554 3790 libelli
1584 3737 1672 3807 ipsum
1704 3736 1796 3812 inles-

156 3809 190 3863 sb
209 3807 328 3863 Ecclesia
342 3821 397 3860 non
419 3806 546 3862 calcatas.
560 3806 647 3860 Ponss
668 3803 739 3861 enim
754 3805 947 3860 baudexstsrs
999 3800 1043 3853 λον
1062 3809 1135 3869 putet
1168 3814 1237 3864 esse,
1267 3805 1344 3871 qussi
1373 3805 1437 3858 olim
1470 3807 1643 3874 precesserint
1668 3810 1797 3868 manalis

156 3879 302 3950 quidquem
326 3876 506 3933 Montanismo
530 3875 633 3931 discors
660 3875 688 3931 in
715 3874 801 3946 copite
828 3873 871 3929 sel
900 3877 945 3942 tt,
1000 3882 1093 3953 contra
1108 3872 1226 3951 haereses
1238 3871 1341 3944 aliquot
1354 3873 1471 3954 ¹scripto,
1495 3875 1557 3933 hnic
1570 3877 1679 3950 quidem
1702 3895 1748 3939 sus
1768 3881 1795 3937 i-

157 3951 256 4015 smido,
272 3950 362 4004 omnia
382 3955 470 4004 tamen
493 3946 626 4003 catholico
647 3962 722 4003 more
736 3948 871 4017 modoque
886 3945 947 4000 ubi·
999 3957 1071 3999 crant
1086 3957 1188 4014 oppont
1202 3951 1292 4023 potest
1315 3942 1376 3998 linas
1398 3953 1424 3999 et
1445 3947 1583 4004 conclusio
1607 3949 1689 4018 ejrrs:
1711 3971 1724 4002 ι
1776 3952 1793 4008 d

158 4037 211 4092 que
236 4020 346 4089 exponit
368 4017 557 4074 Tertullianus.
581 4017 681 4073 Veram
704 4018 776 4073 eninr
801 4031 864 4071 sero
890 4015 947 4071 lieri
999 4029 1073 4069 nunc
1095 4013 1216 4084 quidem,
1232 4023 1268 4068 nrt
1282 4013 1393 4080 Auctor,
1418 4018 1582 4087 generaliter
1605 4032 1695 4075 sctum
1716 4031 1795 4079 ests

158 4101 257 4160 potest,
286 4099 315 4144 at
341 4104 395 4161 quo
428 4098 549 4160 tempore
577 4088 629 4144 boc
656 4088 815 4160 opusculum
842 4085 948 4143 Auctor
1000 4084 1224 4164 nobis'sdversus
1251 4086 1369 4142 hereses
1383 4089 1571 4143 omnescertis
1585 4099 1611 4144 et
1625 4091 1705 4160 justis
1719 4109 1793 4163 prin-

160 4162 301 4226 scriberet,
316 4161 339 4216 is
359 4175 444 4215 nores
468 4160 623 4230 prophetias
646 4175 732 4233 neque
746 4158 881 4228 rejiceret,
896 4173 949 4214 nec
1000 4154 1191 4225 scriptionibus
1224 4156 1390 4226 repellendas
1415 4172 1431 4211 a
1463 4158 1606 4216 collatione
1638 4161 1793 4232 Scriptura·

159 4231 308 4302 reciperen
333 4230 404 4286 haud
436 4242 524 4287 tamen
547 4236 692 4302 propterea
713 4229 853 4286 haereticus
872 4230 948 4285 exis·
1001 4242 1070 4281 rum.
1087 4227 1127 4283 De
1152 4227 1264 4301 reliquo,
1281 4227 1304 4282 si
1318 4228 1367 4283 Dei
1382 4228 1468 4298 gratia
1482 4231 1618 4297 annuerit,
1635 4231 1793 4307 erismspe-

159 4302 307 4369 timendus,
323 4303 370 4372 qni
384 4301 466 4356 iidem
484 4299 613 4359 Ecclesiae
636 4300 787 4357 retinuerit.
803 4299 948 4356 Adlocum
1000 4295 1102 4354 cialiter
1123 4299 1283 4369 quibusdam
1298 4297 1563 4371 respondebimus.»
1587 4302 1621 4357 Et
1644 4305 1793 4378 Catuloqru

157 4371 231 4427 illurn
241 4374 313 4443 quod
328 4373 424 4428 attinet
437 4372 498 4428 libri
512 4372 594 4443 primi
611 4373 716 4431 donno
727 4371 905 4437 Marcionem,
920 4369 948 4426 in
1001 4367 1108 4438 qudem
1120 4369 1319 4428 hereticorum
1335 4371 1475 4434 buiclibro
1489 4373 1652 4445 quandoque
1666 4385 1794 4449 tunquam

158 4458 214 4513 qno
236 4445 401 4514 promissum
427 4443 478 4515 boc
505 4457 576 4524 opus
600 4442 737 4500 nonnullis
758 4442 874 4510 videtur,
899 4456 949 4499 nos
1001 4454 1064 4510 pers
1085 4439 1145 4495 e‘us
1169 4440 1300 4510 subjungi
1323 4443 1402 4497 solet.
1421 4442 1496 4498 Idem
1514 4459 1581 4502 vero
1603 4462 1666 4502 cunr
1688 4447 1717 4502 in
1732 4449 1793 4505 aliis

157 4513 313 4570 meminisse
335 4514 476 4577 debemus,
504 4514 618 4571 diversis
643 4514 753 4596 quidem
781 4512 946 4581 temporibus
1001 4525 1097 4581 exemp
1108 4510 1209 4577 aribus,
1226 4518 1281 4567 turn
1303 4527 1368 4568 vero
1390 4511 1416 4567 in
1442 4513 1628 4588 llirsaugiensi
1650 4517 1744 4575 codiee
1765 4533 1789 4572 si

158 4596 279 4640 exosum
305 4589 386 4656 atque
419 4593 528 4640 auctam
552 4600 612 4641 esse
637 4585 845 4656 disputationem
873 4582 946 4638 illam
1019 4581 1179 4637 recedebat.
1196 4581 1250 4638 Sed
1265 4580 1300 4637 de
1323 4583 1374 4638 boc
1399 4585 1542 4654 opusculo,
1559 4587 1632 4656 quod
1648 4585 1717 4640 slius
1730 4602 1793 4657 pro·

158 4656 290 4711 adsersus
311 4656 486 4724 biarcionetn,
502 4655 590 4713 indice
612 4655 671 4726 ipso
692 4655 855 4712 Tertulliano
869 4651 945 4709 initio
999 4595 1072 4731 Foeta
1098 4667 1115 4706 a
1143 4652 1307 4708 Tertulliano
1337 4653 1477 4723 scriptoris
1500 4654 1607 4711 videtur
1633 4670 1705 4722 esse,
1728 4656 1792 4728 plns

158 4726 229 4781 libri.
247 4727 304 4782 lmo
326 4727 397 4797 quod
421 4725 491 4784 bene
511 4727 731 4852 perqendendum
750 4735 801 4794 nst,
817 4726 901 4780 rerba
914 4723 948 4805 de
999 4717 1078 4774 inira.
1093 4720 1203 4779 llonrn.
1462 4796 1467 4806 Ι

159 4799 259 4868 quibus
283 4798 397 4868 agimus,
423 4808 453 4851 ut
473 4796 537 4851 Ant.
584 4813 606 4853 r.
626 4797 731 4854 Versosi
752 4799 785 4851 ad
805 4796 949 4853 cardinalis
1030 4790 1075 4870 ι(θ)
1089 4793 1352 4867 DcPraescriptione
1367 4793 1792 4858 herclecuml'nlisestinretu-

159 4867 297 4922 Tbomasii
321 4869 520 4924 institutiones
540 4867 623 4925 tlteol.
639 4870 695 4924 sol.
710 4869 731 4935 l,
747 4884 775 4938 p.
792 4870 819 4931 8,
833 4882 948 4940 sugges·
1002 4869 1076 4916 obss.
1100 4864 1246 4944 exemplari
1265 4865 1377 4946 hujusce
1400 4864 1463 4946 libri
1487 4864 1593 4931 titulus,
1607 4883 1689 4938 quem
1712 4880 1740 4927 et
1757 4871 1792 4928 sb

160 4939 205 5001 sit,
222 4954 291 5009 opus
313 4939 420 5009 aliquod
435 4939 548 5008 posthac
562 4938 695 4996 edendum
711 4937 783 4994 baud
797 4937 948 4993 necessario
1002 4933 1120 4989 Auctore
1132 4934 1247 4991 ruditum
1269 4935 1355 4993 luisse
1373 4938 1543 4993 arbitramur.
1560 4939 1793 5010 Praescriptionem

160 5008 304 5079 significet.
321 5008 406 5064 llerba
420 5024 562 5079 apponam.
584 5030 649 5062 -r
673 5009 728 5065 Sed
742 5008 810 5064 alias
831 5008 950 5075 libellus,
1004 5004 1189 5061 hereticorum
1227 5006 1302 5072 dicit,
1368 5007 1395 5062 is
1428 5008 1627 5078 prescribimus
1659 5012 1793 5069 hereticis

160 5078 246 5149 inquit
277 5079 468 5147 Tertullianus,
492 5083 563 5137 branc
594 5084 709 5156 gradum
737 5079 880 5135 sustinebit
903 5079 951 5133 ad·
1004 5074 1057 5131 boc
1084 5076 1144 5158 ipso
1167 5078 1242 5149 quod
1265 5079 1320 5135 sint
1361 5079 1472 5144 aeretici,
1497 5081 1596 5153 quibus
1619 5082 1690 5139 banc
1712 5099 1795 5140 unam

159 5165 256 5204 sersus
280 5149 431 5215 hereticos,
456 5151 535 5206 etiam
562 5153 620 5208 sine
647 5161 792 5208 retractatu
819 5149 953 5205 doctrina·
1005 5159 1189 5216 exceptionem
1215 5150 1389 5223 opponimus,
1411 5150 1484 5221 quod
1512 5155 1643 5210 adversus
1672 5154 1795 5229 regulam

159 5236 219 5273 rum
235 5221 422 5286 revincendos,
438 5224 509 5302 quod
531 5225 581 5278 boc
596 5223 729 5292 (baeresis)
744 5222 799 5278 sint
821 5222 855 5278 de
880 5236 952 5292 prae·
1006 5216 1134 5290 dogmate
1156 5220 1294 5291 prolnrant
1311 5240 1317 5277 :
1334 5222 1432 5293 itaquo,
1447 5231 1478 5279 ut
1502 5224 1612 5281 minime
1635 5226 1795 5292 audiendos,

158 5291 307 5361 scriptione
343 5294 481 5348 novitatis.
510 5294 586 5349 Nunc
622 5304 754 5366 quatenus
789 5292 953 5349 admittenda
1006 5287 1040 5342 ab
1055 5289 1129 5344 onrni
1143 5291 1325 5364 disputatione
1345 5295 1544 5353 submovemus.
1560 5297 1621 5353 Non
1643 5298 1734 5371 egitur
1754 5296 1799 5350 bic

155 5362 315 5434 congressio
330 5373 380 5429 est,
397 5364 543 5429 interdum,
559 5381 593 5422 ne
607 5366 799 5438 compendium
813 5362 956 5436 prescrip
1007 5358 1042 5415 de
1055 5359 1108 5415 elia
1121 5363 1336 5435 prescriptione.
1354 5366 1414 5436 lpse
1427 5366 1619 5434 Tertullianus,
1643 5371 1730 5441 primo
1744 5365 1798 5421 sd-

193 5516 233 5585 (n)
248 5515 279 5571 ln
292 5515 397 5590 Script.
409 5518 508 5575 eccles.
521 5519 610 5590 Opera
619 5517 761 5590 quoedom.
772 5515 861 5584 Oxou,
874 5517 955 5573 idid.

302 5623 426 5682 Person.
441 5624 474 5682 lb
1668 5622 1681 5675 ¹

123 5755 276 5959 slt>
