3840 6134
131 239 201 302 1017
485 238 711 303 restuititur
734 240 868 304 0111111111
885 241 971 306 PARS
996 243 1030 306 11.
1047 273 1085 288 -
1101 241 1217 305 ssitrss
1234 240 1269 303 11.
1288 238 1447 302 ttoatttt.
1700 233 1774 301 11118

129 369 201 430 44414
228 376 302 425 44414
324 366 485 425 conciliasse
507 375 721 439 temperamenta
745 368 879 437 colorum,
896 377 924 428 et
939 385 963 467 Α
978 369 1075 429 Omnia
1096 369 1178 443 plane
1204 368 1298 426 iudano
1322 382 1452 426 concessa
1474 363 1609 431 dicantus,
1628 363 1673 420 cui
1691 363 1773 421 etiam

128 458 274 515 credideris
309 458 527 532 comparationes
563 473 660 516 eorum
695 458 768 516 inter
803 475 834 515 se
865 459 924 517 ani·
978 459 1096 520 conditio
1108 459 1211 535 gratior
1221 473 1337 531 qumqm
1351 457 1385 514 de
1398 455 1460 530 gala
1474 464 1572 526 erepta
1585 458 1628 512 est
1639 453 1711 528 (to),
1725 469 1775 511 na·

128 563 218 605 masse
241 550 276 618 ⁴⁰,
291 549 396 605 erudito
422 565 483 606 mox
510 555 625 621 utroque
649 555 821 621 conpareat
842 548 925 604 lurni-
979 550 1044 608 dum
1054 551 1112 620 ipsa
1124 557 1195 607 terra
1205 557 1322 620 paternae
1332 546 1528 621 promissionis.
1541 545 1631 618 Atque
1640 544 1711 602 adeo
1720 559 1775 601 non

127 637 209 695 uibus
232 637 380 711 expressis,
395 655 513 697 errorem
537 654 646 697 omnem
668 638 791 695 traducta
809 637 926 695 diversi·
978 639 1068 695 minus
1094 638 1176 696 hodie
1195 637 1314 703 iudaeus,
1330 653 1409 709 quam
1437 635 1525 692 minor
1549 632 1776 707 tilinsvprodacts

129 733 171 783 tas
184 734 291 785 evomet
306 726 374 799 (41),
385 727 488 784 Eadem
499 727 587 800 itaque
598 727 714 801 caligine
724 726 795 785 circe
809 726 925 784 liliorum
980 729 1129 785 substantia
1148 727 1200 785 Dei
1214 727 1242 783 in
1261 726 1347 782 atiena
1365 725 1478 799 regione
1494 722 1639 788 mendicat,
1656 721 1776 781 44441444

129 829 239 886 quoque
252 815 368 873 dnomm
384 815 540 887 parabolam
554 816 613 887 (43)
628 817 705 886 (Lac.
716 831 765 883 xv,
779 818 809 870 11
826 816 925 888 seam),
979 833 1066 892 nsque
1084 817 1172 875 adhuc
1189 814 1356 890 principibus
1374 815 1443 886 eins,
1464 813 1491 870 id
1509 820 1551 871 est
1568 811 1663 869 4444411
1680 809 1775 882 huius.

129 903 293 977 quibusdam
307 905 342 960 ad
355 920 474 976 praesens
487 902 576 962 995
600 903 837 962 concolorantibus
855 903 927 977 figu·
980 907 1107 977 Quaerant
1134 906 1217 979 igitur
1245 904 1327 960 alium
1358 901 1502 960 Christiani
1535 915 1614 957 suum
1646 898 1776 971 fratrem3

130 993 179 1062 ris,
205 1009 222 1048 a
241 1009 307 1051 vero
329 994 432 1050 iumine
456 995 609 1052 exorbitant
631 995 692 1066 ejus
718 993 927 1064 comparationis
980 993 1104 1051 tudaum
1124 992 1202 1050 enim
1227 989 1318 1050 996
1344 991 1471 1062 parabola
1488 1005 1543 1048 non
1560 988 1675 1061 recepit.
1693 988 1776 1046 Nullo

132 1098 213 1154 quam
227 1081 363 1154 parabolas
377 1083 487 1140 materia
501 1083 633 1154 praetexit.
654 1083 728 1139 Duos
749 1081 821 1138 enim
836 1097 928 1156 popu·
982 1081 1265 1155 aptiusChristianum
1288 1079 1396 1150 majori,
1414 1086 1442 1137 et
1458 1078 1583 1135 tndaenn
1597 1075 1700 1134 minori
1720 1074 1776 1134 11114

130 1169 809 1245 14414414444411114441144441(44),14(1414444
835 1171 927 1241 majo·
980 1169 1179 1243 adaequassent,
1209 1168 1354 1227 secundnm
1387 1165 1451 1223 fidei
1483 1164 1726 1237 comparationem,
1754 1163 1777 1221 41

131 1274 206 1328 rem,
242 1258 425 1315 Christianum
456 1261 598 1318 minorem.
627 1261 682 1316 Nec
710 1259 781 1314 euim
815 1267 929 1332 possunt
982 1257 1049 1315 ordo
1063 1257 1203 1329 utriusque
1216 1255 1309 1329 populi
1324 1258 1358 1313 ab
1371 1263 1448 1313 utero
1469 1255 1600 1312 Rebeccae
1618 1252 1776 1325 designatus

130 1345 230 1404 exinde
267 1347 448 1404 Christianum
479 1357 650 1420 peecatorem
678 1347 706 1404 in
739 1347 796 1404 lilio
824 1346 928 1404 minora
981 1343 1063 1418 (dea.
1088 1362 1157 1415 xxv,
1188 1348 1222 1402 12
1248 1347 1339 1415 seqq.)
1367 1342 1533 1417 permitteret
1554 1340 1776 1408 demutationem,

130 1434 278 1508 disponere
302 1437 407 1494 veniam
436 1446 656 1504 consecuturum,
683 1435 736 1493 nisi
769 1435 797 1492 in
824 1435 928 1505 majore
982 1433 1033 1489 nisi
1060 1434 1133 1506 quod
1168 1439 1195 1491 et
1226 1432 1347 1492 clausula
1373 1432 1561 1504 refragaretur.
1591 1429 1777 1488 Christianum

131 1523 274 1581 iudaicam
287 1524 478 1597 expresserint.
495 1527 590 1593 Porro,
600 1527 623 1582 si
633 1523 774 1582 iudaicam
783 1523 929 1581 ostendero
982 1520 1055 1577 euim
1069 1522 1104 1578 de
1119 1521 1284 1578 restitutione
1306 1521 1391 1578 iudaei
1414 1522 1543 1596 gaudere,
1558 1527 1586 1577 et
1607 1534 1665 1578 uon
1687 1517 1777 1577 dolere

131 1610 247 1669 deficere
259 1627 277 1668 a
291 1613 493 1685 comparatione
506 1613 554 1669 filii
570 1613 688 1684 majoris,
699 1609 928 1684 44444444441441ι
982 1609 1139 1679 conveniet3
1163 1608 1297 1684 siquidem
1311 1615 1368 1666 tota
1390 1624 1453 1682 spes
1473 1615 1567 1664 444144
1588 1621 1655 1665 cum
1676 1605 1778 1678 reliqua

132 1699 228 1772 utique
241 1715 291 1758 nec
312 1702 481 1759 Christianus
503 1701 661 1757 admittetur
676 1700 710 1755 ad
730 1697 928 1772 configuratio·
982 1698 1091 1755 lsraelis
1106 1698 1308 1769 exspectatione
1323 1699 1467 1779 coniuncta
1490 1703 1532 1754 est
1553 1693 1778 1769 (llam.xv).1ta

130 1804 195 1846 nem
208 1788 257 1847 filii
269 1792 393 1847 minoris.
406 1791 483 1847 Licet
496 1792 568 1848 enirn
578 1789 650 1847 filins
660 1789 750 1846 audiat
764 1797 792 1846 et
802 1789 927 1859 iudaeus,
983 1787 1034 1843 etsi
1058 1788 1183 1860 quaedam
1207 1787 1314 1855 faciant,
1337 1787 1385 1843 sed
1409 1785 1471 1842 aliis
1493 1792 1587 1842 contra
1609 1783 1777 1855 sapientibus

132 1885 161 1936 et
182 1880 279 1950 major,
296 1879 361 1950 qnia
381 1880 457 1950 prior
478 1879 507 1934 in
529 1879 674 1950 adoptione
698 1877 926 1950 (11444.44,19);
975 1874 1145 1934 interimitur
1167 1876 1352 1948 exemplorum
1374 1875 1549 1949 peraequatio.
1564 1874 1777 1948 Quamquamet

131 1966 195 2024 licet
208 1975 234 2023 ct
251 1967 403 2025 Christiano
422 1968 667 2026 reconciliationem
684 1968 734 2026 Dei
758 1967 844 2024 Patris
858 1966 929 2024 invi·
981 1964 1005 2020 si
1032 1964 1123 2022 omnia
1149 1963 1184 2020 ad
1206 1966 1346 2037 speculum
1371 1965 1537 2036 respondere
1566 1963 1627 2037 (tv)
1658 1961 1775 2036 possint.

132 2053 203 2124 deat,
219 2056 293 2127 quod
312 2059 353 2114 vel
369 2057 485 2113 maxime
503 2057 611 2115 diversa
624 2072 688 2128 pars
702 2057 797 2129 carpit,
811 2059 859 2114 sed
873 2071 928 2112 non
982 2069 1067 2110 unum
1094 2053 1129 2111 ait
1150 2054 1316 2127 praecipuum
1338 2053 1489 2128 periculum
1513 2051 1776 2125 interpretationum,

132 2143 185 2198 erit
198 2143 283 2200 Judaei
299 2145 400 2202 dictum
413 2146 447 2202 ad
468 2148 574 2203 Patrem
589 2166 599 2203 .·
614 2148 682 2204 Ecce
696 2147 862 2219 quotannis
877 2144 929 2201 citt
982 2158 1018 2199 ne
1045 2140 1175 2200 aliorsum
1197 2150 1362 2214 temperetur
1391 2142 1506 2200 felicitas
1536 2140 1777 2212 comparationum,

132 2232 232 2294 saraia,
250 2235 279 2288 ct
300 2240 475 2307 praeceptam
506 2240 588 2292 taam
610 2250 763 2306 aunpaam
784 2233 930 2306 praeterivi
982 2247 1063 2302 quam
1086 2247 1140 2305 quo
1174 2232 1308 2302 parabolae
1333 2233 1464 2304 cujusque
1489 2229 1602 2289 materia
1629 2228 1776 2288 mandavit

132 2316 209 2388 (hac.
221 2334 271 2385 xv,
282 2322 328 2392 29)
342 2321 456 2389 Quando
468 2322 541 2376 44144
555 2336 611 2376 444
621 2327 792 2394 trangressor
802 2319 871 2392 legis
882 2320 930 2377 Ju-
982 2319 1154 2375 Meminimus
1169 2319 1242 2376 enim
1255 2328 1282 2377 et
1301 2319 1446 2378 histriones
1459 2335 1521 2376 cum
1541 2318 1705 2392 allegoricos
1719 2333 1779 2392 ges·

132 2403 747 2476 41444,44444441444,414444441444444
762 2408 932 2464 habenstra·
984 2415 1028 2465 tus
1050 2407 1257 2466 adcommodant
1280 2409 1392 2468 canticis
1414 2405 1482 2480 (18),
1504 2408 1555 2465 4114
1572 2407 1655 2482 longe
1672 2423 1689 2464 4
1707 2422 1778 2480 prae·

133 2491 276 2549 dueentem
290 2493 317 2549 in
336 2494 421 2563 portis
435 2497 505 2566 (dd),
521 2504 548 2551 et
567 2502 772 2568 aspernamento
787 2497 812 2536 ⁴²
826 2511 930 2554 sermo·
983 2497 1053 2555 senti
1065 2504 1092 2554 et
1114 2497 1205 2554 fabula
1219 2507 1246 2556 et
1268 2514 1350 2556 scena
1363 2510 1390 2556 et
1411 2514 1528 2571 persona
1546 2496 1615 2568 (19),
1637 2505 1665 2555 41
1693 2506 1779 2554 tam

133 2596 199 2638 nem
212 2583 356 2640 sanctum?
371 2583 416 2639 Sic
434 2600 484 2641 nec
498 2585 585 2641 Patris
597 2584 631 2639 ad
650 2586 774 2641 Judaeum
789 2586 840 2642 erit
854 2601 905 2644 vox
920 2603 927 2644 :
983 2585 1226 2658 congruentissime
1250 2588 1440 2659 exprimentes.
1454 2587 1506 2644 Sed
1526 2586 1626 2643 viderit
1641 2585 1779 2659 ingenium

137 2672 930 2747 mamparmccameaetcmatameatmsamttm.xv.
984 2673 1228 2733 extraordinarium
1240 2675 1307 2749 (to).
1322 2675 1395 2732 Nihil
1411 2676 1484 2733 enim
1497 2673 1532 2733 ad
1545 2674 1778 2732 Andromacham.

132 2759 190 2832 31).
200 2759 366 2817 Judaeienim
377 2770 505 2834 apostatae
515 2762 565 2820 filii
576 2763 795 2836 pronuntiantur3
807 2763 929 2839 generati
985 2763 1030 2820 Sic
1043 2769 1071 2820 41
1093 2762 1213 2822 haeretici
1233 2765 1291 2836 (ot)
1311 2766 1417 2822 easdem
1443 2764 1585 2837 parabolas
1609 2777 1667 2837 quo
1686 2763 1779 2821 volunt

125 2846 291 2919 ›quidem,et
304 2848 429 2906 inaltum
442 2851 572 2920 elati,sed
586 2851 633 2922 qui
647 2867 702 2908 non
715 2852 930 2926 computaverint
984 2853 1106 2909 tribuunt
1132 2853 1169 2923 ⁴³,
1200 2867 1256 2911 non
1286 2869 1341 2926 quo
1379 2853 1480 2910 debent
1510 2851 1653 2927 aptissima
1681 2851 1778 2911 exolu-

132 2936 289 3005 Dominum,
300 2944 328 2993 et
341 2938 389 3010 qui
402 2939 594 3014 dereliquerint
608 2939 768 3010 Dominum,
779 2949 807 2998 et
818 2941 848 2998 in
861 2941 930 2998 iram
984 2941 1052 2998 dunt
1074 2941 1142 3012 (52).
1157 2939 1248 3012 Quare
1269 2941 1431 3015 aptissime?
1443 2941 1576 3012 Quoniam
1594 2957 1611 2997 a
1629 2940 1779 3014 primordio

132 3023 340 3097 provocaverint
374 3025 504 3086 Sanctum
540 3028 649 3087 israelis
688 3029 755 3102 (faa.
785 3045 795 3088 4
832 3033 860 3101 t,
888 3030 927 3103 4).
943 3006 966 3086 Β
981 3030 1130 3087 secundum
1165 3029 1320 3088 amasiones
1350 3029 1552 3102 parabolarum,
1580 3029 1657 3102 ipsas
1692 3037 1777 3088 mata·

880 3128 977 3192 Vriae
1060 3131 1067 3144 ’
1145 3173 1154 3192 .

133 3302 136 3307 ¹
172 3227 324 3288 *14444444
345 3233 432 3291 Fran.
448 3232 473 3272 ⁴¹
495 3232 680 3317 Consequetur
702 3235 788 3294 semi.
808 3236 890 3309 Leop.
904 3149 931 3275 5²
944 3132 1203 3307 Aspleffitagntss'soaw.
1217 3233 1277 3294 aad·
1292 3233 1374 3308 bcop·
1392 3231 1421 3274 ⁴¹
1439 3230 1562 3289 Trahunt
1578 3232 1643 3290 141.
1670 3230 1778 3291 Nocet·

170 3405 230 3481 (ta)
244 3409 378 3469 Errorcm
387 3427 501 3470 omnem
511 3411 646 3471 traducta
655 3412 803 3471 dmersitas
812 3416 931 3470 evomet.
986 3417 1075 3466 creata
1086 3416 1114 3467 et
1127 3408 1244 3467 condita.
1259 3410 1325 3467 1144.

135 3475 265 3535 Ostendet
287 3481 357 3538 mate
382 3483 525 3541 conciliata
547 3485 633 3541 fuisse
651 3484 772 3542 colorum
797 3492 852 3539 tem
887 3497 932 3538 ra·
1022 3482 1079 3551 (47)
1094 3480 1470 3565 iitsipmaiaadepecatam
1483 3495 1527 3538 rer
1547 3478 1779 3556 onderepcsslat.

135 3556 235 3605 menta.
249 3550 335 3609 Lanae
353 3553 419 3610 dicit
440 3570 565 3614 evomere
583 3555 688 3614 colores
710 3554 803 3629 quales
816 3554 853 3610 ini
873 3552 932 3611 ibe·
986 3551 1132 3635 Speculum
1156 3551 1219 3608 dxcrt
1247 3568 1400 3624 imaginem,
1421 3497 1586 3622 4444441144,
1612 3554 1779 3625 parabolam.

136 3635 175 3676 re.
189 3622 251 3678 1144.
986 3623 1031 3681 Sto
1045 3620 1115 3679 libro
1125 3624 1159 3680 dc
1168 3625 1282 3682 hesuro.
1293 3624 1388 3681 carnis
1403 3641 1413 3679 .·
1430 3641 1443 3676 t
1458 3623 1534 3681 Servi
1548 3623 1632 3696 igitur
1646 3624 1779 3700 exemplo,

171 3690 229 3763 (43)
241 3693 321 3748 Circa
331 3693 457 3761 filioram
468 3711 577 3768 paoaae
586 3695 708 3754 daomm
717 3695 891 3769 parabolam.
901 3694 932 3751 fn
985 3704 1012 3754 et
1025 3707 1153 3749 conserva
1167 3695 1307 3764 specuium
1320 3696 1379 3765 ejus
1397 3693 1483 3750 cami.
1500 3714 1513 3747 s
1529 3695 1592 3752 ilva.

135 3775 203 3887 (41(ιῶ
204 3761 488 3891 Ποὲνῑὲιὲξὶἳῑᾶιέᾳίωι
499 3767 607 3891 1144144ἀ
622 3788 634 3818 ι
655 3765 932 3891 14144113141ἷ444444
985 3765 1241 3891 catthltsg-ticacs
1261 3765 1427 3848 allecoricox
1445 3769 1539 3838 pastas
1563 3766 1782 3852 adcommodaat

136 3899 219 3982 (44441
240 3901 365 3957 omnibus
389 3850 933 3989 411441141144944181410431404114141414111141ῗῖΕὲ
986 3851 1041 3961 ⁸0ss
1058 3850 1373 3990 14411444114154ἓ101ξ41ἓ
1377 3848 1385 3891 t
1395 3850 1783 3981 Ssnltgmlimffogssonffalrlrltiffit

136 3970 185 4052 4114
212 3971 377 4053 metaphora,
407 3989 487 4044 qnam
516 3976 692 4047 orthodoxis3
722 3993 838 4033 maxime
869 3994 931 4034 cum
986 3975 1097 4048 populas
1122 3976 1294 4049 Carthaginis
1321 3978 1386 4049 quid
1414 3978 1524 4035 saltator
1550 3980 1629 4037 vellet
1656 3979 1779 4053 intelligi.

136 4056 195 4111 ipse
218 4042 286 4099 tthro
310 4043 344 4100 de
363 4047 465 4102 Poeait.
486 4061 546 4119 cap.
562 4051 589 4116 8,
605 4057 634 4105 41
656 4047 702 4129 tib.
716 4047 750 4105 de
770 4050 927 4119 Patientia,
983 4047 1153 4118 Augustinus
1170 4048 1220 4104 lib.
1236 4049 1303 4107 ude
1315 4050 1451 4107 Doctrina
1466 4049 1644 4118 Christiana,
1658 4066 1722 4122 cap.
1737 4054 1780 4108 44.

135 4126 195 4196 cap.
212 4115 256 4183 tt,
273 4114 341 4170 hana
367 4117 523 4186 parabolam
543 4119 577 4175 ad
601 4121 764 4191 poeuttantiae
786 4120 930 4178 confirma·
984 4117 1018 4173 Et
1045 4119 1180 4189 parabola
1206 4119 1316 4191 quaein
1344 4119 1430 4177 sacris
1457 4119 1605 4192 scripturis
1622 4129 1780 4188 4444444441,

135 4193 237 4240 tranem
255 4184 411 4255 adduxerim
428 4187 498 4244 sicut
517 4189 598 4248 etiam
616 4191 647 4245 B.
662 4189 809 4262 Dionysius
826 4192 928 4263 Areop.
984 4186 1122 4259 allegoria
1134 4195 1199 4246 sunt
1219 4196 1247 4246 et
1265 4189 1408 4262 allegorica
1425 4201 1598 4266 argumenta.
1613 4192 1784 4266 Augustinus

137 4256 254 4328 epistt
278 4257 314 4313 ad
336 4259 513 4333 Damophil.,·
536 4260 569 4319 it.
593 4262 702 4317 Hieron.
732 4261 812 4332 epist.
838 4264 872 4319 46
894 4224 1198 4320 adulatoriam:
1222 4261 1346 4319 ‹Videte
1368 4269 1460 4318 autem
1480 4279 1515 4318 ne
1529 4263 1628 4334 putetis
1643 4263 1782 4321 nominata

136 4327 307 4394 flammam·
331 4329 493 4387 Ambrosius
520 4331 568 4387 lib.
589 4348 599 4387 r
627 4333 660 4390 da
686 4334 789 4389 Poeait.
813 4349 872 4402 cap.
897 4336 931 4400 3,·
985 4331 1128 4401 allegoria,
1145 4331 1300 4400 pantomimi
1314 4332 1415 4402 aliquid
1429 4348 1474 4389 me
1488 4333 1599 4401 dixisse,
1617 4354 1631 4388 a
1648 4345 1700 4392 etc.
1718 4337 1780 4394 ura.

136 4396 179 4452 Au
217 4404 250 4452 41.
268 4399 373 4465 Qaoest.
389 4404 492 4474 ficanp.
508 4400 648 4474 libicap.
663 4406 708 4458 33.
724 4405 846 4461 Ennea
860 4405 930 4462 Pas.
1020 4402 1079 4472 (49)
1093 4404 1127 4459 nt
1140 4403 1249 4473 sabula,
1263 4409 1293 4460 ct
1307 4418 1400 4472 scena,
1416 4408 1445 4460 ct
1477 4407 1645 4464 credamne
1662 4407 1780 4472 14141414,

185 4467 314 4535 thitides
325 4473 401 4528 caim
413 4473 573 4546 populosis
585 4472 690 4531 duodus
702 4474 771 4545 filiis
782 4476 930 4541 collocant,
985 4470 1035 4528 lib.
1050 4472 1084 4528 de
1100 4473 1237 4544 Spectas..
1251 4488 1313 4544 cap.
1330 4478 1374 4544 10,
1390 4477 1432 4530 11.
1468 4488 1517 4532 au.

139 4544 192 4593 etc.
206 4539 314 4595 Nullum
344 4544 475 4600 hactenus
501 4544 556 4601 vidi
583 4551 704 4601 veterum
729 4546 775 4615 qui
803 4560 931 4616 expresse
1022 4542 1254 4614 teotsedaidertt
1263 4545 1410 4617 inpertiam
1419 4545 1698 4607 extraordinariam.
1708 4548 1784 4621 lnge·

138 4607 209 4666 daos
222 4610 306 4691 ditos,
318 4612 466 4672 lodoicum
476 4617 623 4687 majoram,
638 4616 831 4672 Christianam
840 4618 932 4673 mimo-
983 4611 1170 4698 niumdicere
1188 4621 1268 4697 ³¹9⁸.
1279 4630 1328 4700 pro
1347 4616 1558 4701 maetamtiic
1574 4633 1641 4677 vero
1660 4628 1783 4704 extraor-

137 4688 663 4827 ittidltttitlimithttt
676 4695 754 4812 at.
767 4688 932 4830 iiiiiitt
984 4684 1118 4814 bittit
1135 4686 1297 4822 tilithi.
1311 4701 1451 4829 iiiiii
1458 4688 1784 4818 ..illitterata

138 4828 165 4878 et
196 4831 331 4881 eccatores
345 4826 479 4898 intelligit.
495 4828 565 4882 Part.
984 4827 1066 4884 tianae
1083 4825 1379 4898 disciplina.1deoque
1400 4829 1516 4898 adiicit:
1532 4850 1548 4885 4
1561 4830 1636 4887 1111411
1658 4833 1734 4889 enim
1747 4830 1780 4887 ad

173 4838 234 4964 fili)
244 4895 309 4952 oddo
319 4895 421 4953 badam
431 4897 628 4957 traducentem
637 4899 669 4953 ia
677 4898 843 4972 portariae
852 4898 932 4955 etiam
983 4896 1214 4954 Andromacham.
1237 4917 1251 4951 s
1271 4899 1328 4955 Hoc
1345 4908 1398 4969 est,
1413 4899 1483 4956 nihil
1497 4899 1532 4958 sd
1552 4901 1700 4973 Christum,
1715 4900 1783 4961 nihii

139 4970 247 5036 torquet
260 4964 288 5020 in
310 4966 464 5036 psychicos,
479 4968 525 5041 qui
543 4968 571 5025 in
587 4969 770 5039 persecutione
783 4969 930 5042 fugiebant,
984 4967 1020 5024 ad
1032 4967 1180 5025 Ecclesiam
1194 4967 1382 5026 Christianam.
1397 4972 1461 5029 1144.

138 5043 185 5089 441
208 5049 268 5091 sese
294 5036 357 5092 data
381 5040 592 5096 concussoribus
615 5040 730 5108 pecunia
753 5041 929 5097 redimebant.
1033 5039 1079 5182 51(
1092 5040 1137 5097 Sic
1151 5045 1179 5098 et
1193 5040 1328 5098 barctr'oi.
1344 5042 1404 5099 Non
1418 5040 1471 5098 soli
1485 5041 1617 5114 Psychici.
1631 5044 1700 5102 1144.

139 5103 184 5160 Sic
208 5106 280 5161 enim
303 5106 373 5164 libro
395 5111 428 5168 da
452 5109 551 5185 Fapa:
578 5131 590 5163 a
614 5111 684 5168 Cum
707 5110 873 5183 damnatque
897 5126 931 5167 ne
1032 5111 1066 5166 51

138 5174 254 5232 tradaris
276 5177 392 5238 voluisti.
412 5181 472 5236 Non
501 5183 612 5240 traditus
634 5189 738 5250 autern,
751 5183 856 5239 traduci
878 5183 930 5239 ba·
985 5179 1080 5236 altrum
1100 5189 1127 5238 et
1149 5181 1221 5239 istud
1241 5181 1275 5237 de
1293 5182 1492 5256 scripturarum
1515 5186 1689 5267 expositione
1711 5184 1784 5258 apud

137 5244 230 5302 hebes.
247 5247 318 5322 Ergo
346 5251 409 5308 dnm
437 5254 554 5311 nolendo
583 5253 652 5309 tradi
671 5268 724 5310 non
743 5253 785 5309 vis
812 5253 929 5321 traduci,
986 5250 1158 5310 «haereticos
1183 5252 1288 5311 solutos
1308 5270 1326 5311 a
1350 5255 1476 5331 regula»
1504 5257 1624 5315 44414114
1645 5274 1653 5313 :
1673 5258 1783 5332 414444

136 5318 252 5377 nolendo
276 5322 381 5395 negasti
402 5325 476 5397 quod
501 5331 529 5382 te
557 5339 627 5396 esse,
648 5323 754 5380 traduci
773 5322 927 5380 notuisti.»
984 5318 1067 5402 latim
1088 5322 1139 5382 lib.
1162 5325 1197 5382 de
1218 5327 1381 5400 Praescm‘pt.
1407 5342 1468 5398 asp.
1489 5327 1534 5384 tv.
1553 5326 1603 5385 1141
1629 5336 1723 5387 summ
1745 5328 1783 5386 ibi

134 5386 198 5453 ηις,
985 5392 1081 5464 ironia,
1114 5415 1126 5447 4
1160 5394 1298 5468 aptissime
1328 5396 1485 5454 excludunt.
1505 5397 1593 5467 Quare
1621 5399 1783 5470 aptissima?

170 5459 290 5533 (apponi
307 5464 397 5522 etiam
411 5465 536 5522 conditio
550 5465 661 5538 gratior
679 5479 796 5540 quaeqae
813 5462 847 5523 da
863 5465 933 5539 puta
987 5466 1125 5534 quoniam,
1155 5485 1167 5516 a
1196 5476 1248 5525 etc.
1268 5466 1315 5526 Sic
1341 5467 1415 5525 enirn
1434 5483 1547 5540 prorsus
1570 5469 1784 5546 distinguendus

133 5537 231 5605 erepta
240 5538 294 5593 est.
309 5533 500 5594 conditionem
517 5534 581 5592 dicit
595 5534 685 5593 edulia
707 5549 824 5609 quaeque
843 5551 860 5592 a
875 5537 932 5595 heo
986 5532 1257 5598 heremeticam
1271 5538 1437 5601 saaladaat
1458 5539 1631 5619 (meapham
1645 5549 1785 5618 sumptas

1091 5112 1152 5169 Noa
1170 5127 1225 5186 aaa
1244 5111 1356 5180 dederat,
1370 5113 1518 5187 aptissime
1531 5115 1702 5175 metatam.
1716 5114 1785 5172 Pal·
