3840 6134
131 310 183 370 675
488 298 709 363 tiltdiihttll
728 298 863 363 orthon
884 298 1015 360 elisit.
1035 330 1071 342 -
1084 294 1198 359 sititis
1217 297 1238 370 1,
1247 296 1417 359 enithius.
1722 295 1777 358 old

131 433 194 487 llaec
208 428 294 486 David
312 442 410 500 passus
430 439 485 482 non
503 434 556 495 est,
571 432 601 481 ut
614 425 648 481 de
668 440 698 480 se
721 426 816 482 merito
828 425 927 481 dixisse
944 439 967 518 fl
983 406 1777 499 nmsitieruntmotntantioaeitepiritnaatntaiitn.

129 517 217 577 ⁸85
231 517 363 582 rideatur,
379 515 425 573 sed
444 514 567 570 Christus
580 515 628 587 qui
650 512 793 571 crucifixus
815 523 856 571 est
873 515 923 588 (t).
982 512 1336 570 Remittetircnt’mnoman
1346 516 1480 581 ecetram,
1496 513 1778 571 insociatnternctec·

130 609 224 663 Manus
255 614 342 662 autem
372 611 399 662 et
431 604 514 676 pedes
547 618 601 659 non
629 604 851 671 exterminantur,
874 601 927 657 nisi
981 599 1783 671 tisnteisreoscnieminterficiet&manswinda-

131 696 282 768 ejusquia
300 694 374 767 liguo
397 692 580 763 suspenditur.
610 691 687 746 Unde
711 698 738 745 ot
761 690 820 762 ipse
841 690 925 746 Darid
981 689 1780 762 tempatseroinntmiitt,nornennominobttnrnoonm,

130 793 302 861 regnaturum
317 800 350 840 cx
371 783 446 855 ligno
470 782 613 838 Dominum
633 780 740 837 dicebat
753 779 842 851 (Psoi.
856 794 925 846 xcv,
980 780 1052 852 qnod
1063 780 1282 837 benedicctnrin
1294 780 1379 837 terris
1393 780 1458 847 (iso.
1474 795 1542 845 uxr,
1563 781 1669 849 1345).
1681 780 1782 837 Adhuc

103 895 106 901 ·
132 877 192 945 lili:
211 890 272 929 nam
296 882 323 929 et
350 871 415 926 alibi
442 870 578 941 Propheta
604 868 672 942 ligni
701 869 782 938 huius
809 868 926 926 trucium
980 870 1062 940 hujus
1086 869 1153 943 ligni
1181 878 1380 926 sacramentum
1395 871 1420 908 7⁹
1447 870 1475 924 in
1491 869 1645 944 Regnorum
1659 869 1781 942 legimus

132 963 262 1034 praedicat
285 961 395 1019 dicens:
422 962 505 1016 Terra
527 958 604 1015 dedit
631 957 836 1015 benedictiones
859 975 927 1016 rnna
980 958 1157 1017 celebratum.
1194 958 1262 1013 Nem
1288 973 1351 1014 eum
1389 957 1436 1013 tilii
1470 959 1658 1029 prophetarum
1695 973 1781 1030 super

132 1052 222 1123 (Prot.
236 1067 315 1118 axvi,
329 1051 369 1122 l).
382 1049 479 1122 Utique
494 1041 540 1104 illi
555 1056 627 1103 tarra
648 1049 727 1119 uirgo
751 1046 791 1121 (2)
807 1049 925 1104 nondum
980 1046 1080 1103 humen
1098 1047 1243 1104 tordanem
1267 1046 1370 1120 lignum
1384 1047 1524 1103 securibus
1543 1047 1687 1114 crederent,
1709 1045 1782 1104 exsi-

128 1140 230 1214 pluriis
257 1141 351 1213 rigata,
381 1154 433 1196 nec
456 1135 588 1193 imbribus
624 1135 784 1204 taecnndata,
815 1151 848 1192 ex
875 1152 928 1210 qua
981 1134 1027 1192 liit
1049 1134 1160 1201 terrum,
1185 1144 1213 1191 et
1234 1151 1351 1191 mersum
1378 1140 1419 1190 est
1442 1134 1469 1190 in
1493 1134 1615 1202 flumine,
1638 1144 1721 1208 atque
1741 1143 1781 1192 tta

129 1230 211 1286 homo
233 1236 297 1287 tune
317 1228 465 1300 plurimum
491 1228 637 1299 plasmatus
659 1232 709 1298 est,
729 1241 762 1282 es
785 1241 838 1297 qna
856 1240 928 1282 nuuc
980 1225 1090 1282 Heliseo
1112 1225 1245 1296 propheta
1268 1224 1488 1296 superveniente,
1507 1231 1603 1297 petunt
1629 1225 1664 1280 ab
1683 1240 1717 1281 eo
1730 1223 1781 1281 iiiii

128 1317 253 1376 Christus
276 1316 424 1375 monadum
455 1330 563 1373 carmen
590 1332 624 1374 ax
642 1313 748 1387 virgine
781 1320 926 1371 natusest.
983 1315 1172 1388 prophetarum
1203 1313 1242 1371 uti
1261 1313 1361 1370 terrum
1381 1313 1483 1370 tlumini
1511 1315 1585 1388 quod
1609 1315 1636 1355 ⁹⁰
1657 1329 1782 1371 mersum

131 1409 298 1480 litiipnam,
314 1406 413 1478 iuquit,
429 1404 537 1463 adtulit
558 1405 783 1476 sntctnmacorn
799 1403 878 1475 (icet.
896 1418 926 1471 ιι,
981 1401 1071 1460 tuerat
1099 1412 1214 1461 erueret.
1241 1402 1331 1476 bique
1352 1403 1388 1460 ita
1413 1403 1536 1461 Heliseus
1556 1409 1666 1476 accepto
1694 1404 1780 1478 liguo,

133 1494 190 1568 iit.
205 1495 266 1551 Non
281 1494 348 1551 illud
366 1493 469 1567 lignum
496 1493 525 1549 in
551 1492 689 1565 paradiso,
719 1492 793 1566 quod
812 1499 927 1549 mortem
981 1501 1008 1550 et
1022 1494 1105 1549 misso
1133 1493 1163 1549 in
1174 1508 1236 1551 eum
1253 1493 1343 1550 ineam
1357 1492 1403 1548 uhi
1417 1493 1586 1551 submersum
1604 1493 1693 1552 inerat
1719 1493 1782 1551 iar-

132 1583 208 1641 dedit
238 1582 420 1657 protoplastis,
449 1581 497 1639 ssd
519 1581 622 1656 lignum
649 1581 783 1654 passionis
815 1579 924 1647 Christi,
981 1596 1053 1648 rum,
1068 1581 1158 1638 statim
1191 1581 1386 1654 supernatavit,
1411 1590 1438 1638 et
1460 1581 1565 1656 lignum
1587 1598 1704 1640 mersum
1725 1590 1779 1648 est,

128 1673 201 1730 unde
214 1674 274 1730 otto
292 1669 419 1749 pendens
433 1687 451 1727 o
463 1669 538 1729 votis
558 1669 668 1726 credito
690 1685 747 1726 non
766 1673 810 1726 est
831 1670 924 1738 (Dant.
982 1670 1055 1746 quod
1069 1679 1231 1743 receperunt
1245 1669 1294 1727 tilii
1310 1672 1504 1744 prophetarum
1522 1673 1567 1745 illl
1581 1675 1647 1746 lien.
1666 1672 1781 1746 urst-7).

127 1777 231 1830 xxvrrt,
248 1760 305 1832 itii.
328 1762 385 1817 lloc
408 1759 481 1815 enim
504 1758 607 1831 lignum
627 1767 691 1815 tunc
705 1759 732 1815 in
757 1767 927 1816 meramnum
944 1722 1021 1819 Blix
1035 1774 1089 1830 quo
1116 1759 1309 1816 intellexerunt
1332 1762 1404 1833 quod
1423 1761 1506 1818 ileliae
1534 1761 1644 1835 spiritns
1663 1762 1692 1819 in
1715 1778 1782 1820 eum

128 1860 197 1920 erat,
212 1851 382 1924 quolloyses
402 1861 501 1917 aquam
525 1860 643 1902 amaram
666 1845 836 1919 indulcanit;
855 1847 927 1905 undo
981 1849 1017 1906 sit
1030 1855 1251 1921 repraesentatus.
1274 1848 1345 1918 Quid
1369 1849 1538 1907 manifestius
1553 1852 1633 1922 hujus
1651 1850 1718 1924 ligni
1731 1866 1780 1907 sa<-

130 1938 259 2012 populus,
273 1934 320 2009 qui
336 1933 381 1990 siti
397 1932 503 2006 peribat
516 1932 545 1989 in
564 1948 665 2002 eremo,
686 1933 803 1992 bibendo
831 1935 927 1993 revisit
980 1938 1143 1997 eramento?
1157 1936 1231 2011 quod
1245 1937 1344 1994 duritia
1357 1938 1440 2008 hujns
1459 1939 1551 1996 saeculi
1565 1955 1655 1996 mersa
1668 1940 1697 1995 in
1711 1955 1780 2012 pro·

130 2026 228 2100 treet.
245 2040 296 2091 xv,
325 2021 440 2096 neith
459 2021 538 2080 aienti
552 2036 602 2081 nos
616 2023 664 2096 qni
677 2023 713 2080 do
735 2024 828 2082 sacnti
855 2027 926 2082 cala·
980 2027 1065 2086 tundo
1088 2028 1201 2100 amoris,
1220 2035 1248 2085 et
1270 2043 1285 2083 a
1305 2026 1382 2100 ligno
1405 2027 1515 2095 Christi,
1530 2029 1556 2085 id
1579 2036 1621 2086 est
1641 2030 1781 2101 passionis

129 2115 269 2173 mitatihus
281 2112 404 2183 extracti,
425 2113 521 2187 inquo
541 2114 784 2180 commorabamur,
800 2114 845 2173 siti
860 2131 926 2186 per·
981 2118 1051 2189 eius,
1066 2116 1094 2172 in
1117 2115 1251 2188 baptismo
1272 2116 1413 2186 liberatur,
1432 2127 1462 2174 ut
1485 2117 1559 2190 quod
1577 2119 1696 2190 perierat
1712 2119 1780 2177 olim

127 2213 236 2276 euntes,
256 2201 284 2261 id
308 2211 350 2260 ast
375 2201 452 2260 rerhi
479 2201 564 2260 diuini
591 2216 657 2275 potu
680 2203 778 2276 prirali
795 2205 831 2277 ll,
851 2203 927 2278 ligno
980 2221 1030 2280 per
1052 2205 1157 2280 liguum
1182 2204 1209 2261 in
1229 2205 1326 2274 Adam,
1343 2205 1371 2263 id
1393 2206 1579 2264 restitueretur
1600 2223 1650 2279 per
1672 2207 1780 2281 lignum

127 2292 265 2366 passionis
287 2288 387 2348 Christi
400 2306 498 2365 aquam
522 2291 673 2350 edulcatam
693 2292 861 2364 baptismatis
874 2309 926 2364 po-
980 2293 1090 2351 Christi.
1119 2294 1205 2351 Nobis
1231 2293 1439 2368 igitur⁸1qni
1466 2295 1646 2353 successimus
1668 2297 1698 2352 in
1720 2297 1783 2354 loco

126 2389 225 2453 tantas,
242 2379 300 2438 sire
312 2395 375 2453 qun
388 2389 429 2439 ast
443 2379 472 2434 ia
494 2395 568 2448 enm,
584 2379 747 2453 reviximas3
765 2398 781 2438 a
802 2397 856 2453 qua
873 2381 926 2439 tide
981 2382 1189 2455 prophatarum,
1202 2396 1235 2439 ea
1247 2381 1445 2440 sustinentibus
1458 2383 1538 2441 hodie
1551 2383 1578 2439 in
1593 2385 1704 2456 seculo,
1719 2400 1783 2458 qun

127 2469 211 2528 ismel
236 2469 346 2536 excidit,
382 2469 531 2526 secundum
574 2469 740 2527 Hieremiam
776 2468 924 2531 dicentem:
981 2485 1089 2541 semper
1111 2470 1182 2541 passi
1207 2476 1270 2525 sunt
1290 2472 1430 2544 propheta
1450 2479 1560 2543 pmpter
1577 2470 1695 2530 divinam
1713 2472 1783 2529 reli·

128 2561 241 2630 utente,
257 2563 286 2617 et
295 2561 468 2632 interropote
482 2560 581 2625 nimie,
596 2560 622 2616 ri
636 2561 790 2630 saciarent
802 2559 873 2617 totio
885 2562 929 2619 :ei
980 2559 1104 2632 gionem.
1127 2558 1204 2616 Alios
1217 2557 1289 2615 enim
1304 2560 1502 2630 lapidaverunt,
1517 2558 1585 2616 alios
1610 2559 1782 2633 fugaverunt,

128 2649 285 2707 muniant
297 2651 394 2721 pentes
407 2647 552 2716 decime,
565 2648 720 2706 stistinon
735 2649 863 2706 sontdt't.
880 2652 929 2707 Po.
981 2648 1072 2720 plures
1099 2646 1223 2705 remed
1252 2647 1348 2703 mortis
1375 2663 1467 2704 necem
1496 2647 1681 2715 tradiderunt,
1709 2648 1785 2722 qttod

126 2741 322 2814 peierantem
335 2754 414 2797 nicus
437 2736 560 2794 nectent
583 2738 704 2811 ptortnm
722 2753 814 2806 sonan,
826 2753 862 2797 aa
876 2754 927 2812 qno
980 2752 1084 2810 negare
1097 2750 1154 2793 ιιοιι
1168 2745 1296 2808 possunt.
1315 2736 1373 2793 lloc
1391 2737 1499 2810 lignum
1513 2735 1565 2793 sibi
1579 2745 1606 2792 at
1622 2738 1698 2795 isaac
1711 2737 1786 2798 tilius

128 2827 203 2887 nibil
212 2828 339 2902 madent
353 2826 528 2900 ets-Exponit
543 2827 646 2883 coetnm
657 2827 926 2900 superimminens.
981 2826 1101 2883 Abrahae
1121 2826 1155 2881 nd
1169 2823 1330 2882 sacrificium
1350 2825 1408 2898 ipse
1428 2826 1560 2897 portabat,
1575 2841 1637 2883 oum
1651 2826 1702 2883 sihi
1721 2841 1786 2884 eum

128 2932 160 2985 u,
178 2921 223 2985 to,
238 2918 295 2988 il).
315 2915 497 2989 lttqaomodo
518 2924 545 2972 et
558 2915 666 2987 qnando
690 2916 816 2987 expanti
843 2916 926 2972 ludu·
981 2915 1056 2971 Deus
1069 2914 1185 2971 hostiam
1206 2913 1265 2970 fleri
1288 2915 1465 2988 precepisset
1484 2915 1564 2986 (Gen.
1584 2931 1657 2982 xxrt,
1672 2917 1712 2990 dt.
1729 2919 1786 2975 sad

127 3006 210 3064 hitate
223 3005 330 3078 quando
342 3021 439 3077 passus
454 3012 497 3062 est
515 3003 651 3062 Christus:
670 3003 708 3064 iit
733 3004 866 3078 hermeti,
885 3006 930 3062 in·
945 3005 968 3087 Β
981 3004 1109 3076 quoniam
1130 3006 1189 3062 hoe
1206 3003 1313 3062 inerant
1334 3012 1510 3073 sacramenta,
1529 3022 1590 3080 quae
1613 3007 1786 3080 temporibus

129 3096 198 3168 quit,
212 3097 373 3170 plurimum
385 3095 566 3164 dimissioni
579 3095 729 3153 meditatie
744 3097 929 3156 inesbrieooit
983 3091 1081 3150 Christi
1102 3093 1266 3168 perficienda
1292 3095 1490 3166 servabantur3
1512 3105 1540 3152 et
1561 3101 1636 3155 isaac
1658 3112 1722 3153 cnm
1741 3090 1785 3154 'li-

129 3186 224 3255 (Amos
244 3199 305 3253 ιιιι,
326 3187 364 3254 o).
389 3185 423 3241 itt
445 3185 553 3258 qnando
581 3183 685 3242 horruit
703 3184 799 3254 nimis,
820 3186 873 3242 uisi
900 3186 928 3243 in
982 3198 1037 3257 gno
1059 3193 1211 3242 reservatus
1226 3193 1278 3258 est,
1294 3185 1378 3241 ariete
1393 3183 1483 3241 oblato
1505 3184 1534 3241 in
1548 3201 1634 3256 vepre
1649 3185 1783 3244 cornibus

129 3274 256 3348 passione
269 3273 379 3344 Christi,
404 3288 464 3330 eum
485 3277 562 3331 terro
581 3287 688 3346 quoque
702 3275 884 3341 contremuit,
900 3277 929 3331 et
982 3273 1112 3340 haerente,
1130 3279 1158 3329 et
1170 3272 1296 3330 Christus
1310 3272 1368 3329 suis
1382 3273 1550 3345 temporibus
1563 3273 1784 3346 lignumhume·

128 3365 224 3423 oetam
231 3364 461 3438 temptitcisatnn
476 3363 846 3435 est,ntonttntentodirnpta
860 3366 929 3420 stent
982 3361 1020 3417 ris
1038 3360 1094 3418 suis
1117 3361 1241 3433 portarit,
1258 3360 1393 3417 inhaerons
1415 3359 1545 3418 cornibus
1567 3362 1664 3431 crucis,
1680 3377 1784 3422 corona

130 3454 228 3527 (lieth,
243 3469 334 3522 xxvii,
349 3453 416 3525 dlii
443 3451 576 3522 Quoniam
596 3452 652 3510 dno
678 3451 737 3509 brec
756 3453 836 3510 moto
858 3454 929 3525 serit
982 3450 1075 3522 spinea
1089 3449 1222 3523 incapite
1241 3451 1301 3521 eius
1321 3448 1497 3507 circumdata.
1512 3449 1590 3507 llunc
1609 3450 1682 3507 enim
1701 3466 1786 3525 opor-

72 3528 78 3543 “
136 3543 259 3616 populos
277 3558 369 3601 mens:
386 3557 441 3609 nee,
457 3540 554 3613 inquit,
579 3541 795 3614 dereliquerant
818 3545 927 3614 iontem
981 3541 1056 3598 tehat
1078 3554 1129 3614 pro
1151 3539 1278 3596 omnibus
1301 3540 1428 3615 gentihus
1454 3537 1515 3598 fleri
1538 3539 1710 3609 sacrificinm,
1737 3542 1786 3614 qui

129 3648 210 3706 aqam
225 3635 301 3702 nitoe,
312 3636 340 3688 et
354 3631 488 3704 foderant
498 3630 637 3687 sibilacus
648 3632 794 3696 contritos,
807 3632 856 3705 qni
869 3647 927 3689 non
984 3635 1129 3704 tamqnam
1137 3633 1194 3687 onir
1202 3630 1389 3688 addictionem
1399 3627 1500 3688 ductos
1510 3635 1563 3698 est,
1570 3637 1599 3688 et
1607 3632 1785 3705 octotopnos

127 3724 267 3794 potarent
280 3737 382 3794 nonem
395 3719 666 3791 continentem.
676 3719 928 3791 rs,t³).1nduhitate
982 3734 1077 3778 corant
1088 3719 1259 3776 tondentem
1268 3720 1328 3775 sine
1339 3735 1410 3783 uoce,
1422 3720 1462 3775 sie
1471 3721 1689 3792 rtonapernitos
1698 3737 1786 3779 snam

130 3823 186 3865 non
203 3807 359 3879 recipiendo
375 3806 521 3873 Christum,
538 3806 643 3864 iontem
660 3807 824 3880 aquoeritae,
853 3808 929 3866 lacem
982 3808 1048 3881 (iso.
1077 3819 1135 3876 ιιιι,
1157 3808 1197 3877 i).
1225 3806 1274 3862 llio
1299 3805 1372 3864 enim
1400 3807 1485 3864 Pilato
1508 3807 1692 3882 interrogante
1718 3811 1785 3868 nihil

130 3895 261 3954 contritos
274 3901 415 3965 ooepernnt
442 3895 552 3961 habere,
568 3895 654 3952 idest
673 3897 870 3970 synagogasin
885 3896 928 3953 di·
981 3897 1089 3953 locutus
1102 3895 1310 3967 estitocnmrx,
1326 3894 1372 3967 91:
1389 3899 1421 3954 in
1437 3895 1602 3954 hnmilitate
1617 3901 1694 3954 enirn
1708 3897 1787 3970 jndi-

130 3983 431 4057 sparsionesgeutium,
446 3983 588 4056 inquibus
605 3985 661 4054 jem
681 3985 798 4058 Spiritus
816 3993 928 4045 sanctus
982 3987 1141 4056 ctamejtts
1154 3984 1303 4043 subintrent
1315 3990 1373 4063 est,
1390 3988 1578 4046 Nativitatem
1600 3993 1699 4045 oniam
1723 3990 1785 4061 ejas

129 4089 185 4130 non
226 4072 392 4140 immoratur,
420 4082 451 4129 ut
490 4074 518 4129 iu
555 4074 719 4145 preteritum
759 4075 787 4132 in
827 4076 928 4147 templo
986 4075 1049 4148 qais
1063 4073 1259 4146 manebitis)
1275 4074 1342 4146 (lec.
1358 4090 1415 4139 ιιιι,
1432 4076 1485 4146 8)i
1500 4077 1563 4147 quia
1577 4075 1785 4134 nullusomnino

131 4162 348 4220 commorabatur
361 4171 422 4220 ente
448 4161 593 4219 adventum
617 4163 727 4231 Christi,
743 4164 791 4237 qui
810 4172 853 4221 est
876 4181 926 4223 ve·
980 4162 1119 4221 hominum
1134 4163 1281 4220 nativitatis
1296 4163 1619 4221 Christituitoonseiusin
1640 4173 1783 4238 conceptu,

130 4267 192 4308 rnm
216 4249 266 4307 Dei
291 4249 431 4324 templum.
464 4251 532 4309 Nam
567 4258 595 4308 et
623 4253 700 4309 istam
735 4253 807 4309 sitim
840 4254 923 4312 divini
979 4269 1040 4311 cnm
1055 4253 1131 4327 uirgo
1159 4251 1243 4307 bieria
1257 4252 1341 4310 verbo
1374 4251 1423 4308 Dei
1442 4269 1584 4328 praegnaus
1602 4253 1781 4311 inveniretur.

130 4336 247 4410 Spiritus
261 4352 309 4395 eos
318 4354 448 4412 passuros
469 4338 575 4399 dixerat
602 4340 734 4415 propheta
757 4341 852 4416 isaias,
880 4343 923 4398 di·
980 4345 1016 4402 m
1034 4341 1101 4416 quio
1117 4340 1265 4401 tolleretur
1292 4358 1310 4399 o
1334 4345 1413 4398 terro
1434 4343 1493 4400 etta
1503 4344 1564 4416 ejus
1581 4342 1672 4417 (ibid.)
1689 4364 1701 4414 ,·
1716 4359 1778 4400 num

130 4428 295 4484 cens2Ecce
308 4430 357 4502 qni
376 4430 506 4488 seruiunt
532 4429 613 4496 mibi,
633 4430 925 4490 manducabanttoos
983 4432 1078 4504 utique
1107 4439 1167 4505 post
1189 4431 1420 4488 resurrectionem
1440 4432 1497 4503 ejus
1512 4430 1666 4502 amortuis
1684 4431 1778 4504 quae⁸²

130 4518 621 4583 nntcmcrnrictietscrnientesmihi
630 4521 811 4595 petebantur,
823 4537 930 4580 noran·
984 4520 1028 4578 die
1043 4521 1122 4578 tertia
1136 4518 1232 4577 effecta
1251 4528 1302 4588 est,
1318 4519 1381 4577 coeli
1401 4535 1465 4577 eum
1490 4526 1650 4593 receperunt
1678 4535 1778 4577 secun-

820 4647 917 4714 Variae
931 4652 1088 4714 lectiones.

102 4833 104 4839 Ι
168 4755 193 4800 ³7
208 4755 299 4818 Verbo
317 4758 410 4818 divino
442 4757 560 4835 ropinati
581 4761 672 4820 tiberi.
709 4761 793 4821 Senti.
814 4763 840 4802 ⁷⁸
854 4764 897 4822 Ad
912 4763 1163 4823 conubuhtionem
1186 4759 1283 4821 tidem,
1299 4759 1324 4800 ⁷⁹
1337 4760 1426 4820 Etiam
1448 4760 1528 4820 addit
1541 4760 1633 4838 ⁴Senti.
1659 4759 1687 4803 ⁸⁰
1713 4759 1777 4831 Quo

133 4831 186 4890 atti
196 4832 221 4872 ⁸¹
231 4834 290 4890 Nos
306 4832 398 4904 utique
444 4848 538 4892 onner·
554 4832 580 4872 ⁸³
593 4830 661 4902 Quia
691 4832 780 4893 Obert.
797 4835 884 4894 Semi.

825 4935 1075 5004 Commentarius.

165 5037 206 5110 (i)
235 5036 287 5096 Sed
303 5037 429 5097 christoe
447 5037 495 5114 ortt
509 5041 666 5113 crucifixas
680 5044 731 5100 ert.
746 5041 864 5099 Barbara
878 5043 925 5102 illa
980 5059 1082 5119 genere
1096 5039 1223 5100 affectum
1233 5045 1322 5100 morte
1336 5040 1485 5100 mulctarit.
1500 5062 1511 5094 ι
1528 5042 1566 5100 Le
1582 5051 1627 5101 en.

127 5109 283 5166 iudeorum
298 5111 374 5167 natio
387 5110 521 5168 Christum
535 5113 680 5169 Dominum
708 5114 924 5188 violentiores·
1015 5114 1054 5188 (i)
1069 5115 1123 5170 lito
1136 5117 1213 5171 terra
1233 5117 1364 5189 cirenei
1392 5117 1526 5189 amitant:
1555 5117 1634 5172 etiam
1658 5114 1779 5173 ireneus

127 5182 524 5254 [ropiornmt'ncrncemdcdt
552 5185 687 5255 ostulsnit,
698 5192 795 5257 ntoap.
808 5189 839 5242 al
857 5188 877 5243 Α
900 5204 925 5244 o·
977 5186 1016 5243 sic
1031 5187 1096 5242 dicit
1109 5185 1197 5242 Sarra.

129 5255 198 5325 ιιι,
215 5268 296 5325 quam
309 5253 338 5308 in
361 5270 419 5311 rem
443 5199 569 5327 Cyrillffrs
590 5255 669 5312 ilex.
689 5255 764 5312 hom.
781 5258 807 5323 t,
822 5257 855 5314 de
867 5203 922 5330 ἧν.
1013 5257 1052 5338 (3)
1068 5258 1254 5341 Notinttntent
1269 5263 1367 5317 notent
1380 5260 1441 5340 ejas
1458 5260 1523 5342 qais
1533 5256 1702 5340 enarrant?
1714 5259 1780 5316 Non

128 5325 228 5381 Porci.
238 5331 339 5400 Σταιρῷ
348 5327 537 5399 apamiensem
551 5324 575 5380 ol
589 5325 726 5400 πάντολμοι
738 5333 786 5382 τῶν
796 5325 924 5382 Ἰουδαίων
977 5327 1089 5384 dubium
1103 5344 1169 5400 qum
1187 5335 1226 5384 ita
1238 5329 1383 5404 legendum
1398 5337 1441 5399 stt,
1455 5341 1534 5401 Juxta
1556 5329 1688 5386 metanoea
1712 5344 1779 5387 om·

127 5396 194 5468 λαοὶ,
208 5415 248 5450 και
263 5400 313 5451 πᾶν
328 5391 393 5460 εἶδος
407 5397 572 5470 ἐπενεγκόντες
585 5397 671 5458 κακίας
691 5417 717 5452 τι
745 5401 808 5472 ὁμοῦ
825 5399 866 5451 tani
885 5396 923 5452 im
977 5412 1027 5456 ties
1041 5398 1194 5466 lsaiae,non
1208 5408 1299 5457 autem
1327 5404 1483 5468 enarravit,
1497 5400 1613 5458 maxime
1629 5416 1693 5458 etim
1709 5400 1780 5459 illud

129 5466 193 5540 piae,
212 5470 335 5538 ιαιάιφιι
367 5464 530 5524 strideant.
545 5468 749 5526 «budae-,issima
769 5468 925 5526 tndaeorum
978 5470 1144 5544 etiamlegat
1157 5472 1186 5527 ll.
1210 5471 1372 5544 Cyprianus,
1387 5472 1435 5528 lib.
1456 5490 1474 5528 ιι
1495 5471 1693 5540 adoindum,
1714 5489 1779 5546 cap.

126 5538 201 5596 natio
216 5539 330 5598 munisu
362 5541 443 5609 xit,et
456 5539 752 5615 omnisuppliciiatqne
768 5539 925 5617 ignominia
978 5543 1065 5672 {iffi
1088 5542 1158 5600 inira
1183 5543 1232 5600 lib.
1256 5546 1283 5601 ni
1300 5543 1364 5604 ode.
1382 5544 1552 5604 ltnrnonem
1574 5544 1778 5608 Tertullianus,
