3840 6134
140 328 193 390 333
485 316 706 380 attitulatam
724 311 959 376 amausensis
990 310 1024 371 tl.
1043 338 1078 355 -
1107 308 1221 372 samus
1240 308 1263 382 l,
1282 310 1456 372 eonsules.
1734 311 1796 377 -584

137 450 305 523 passivorum
326 443 520 517 discipolorum
541 445 609 515 (³1).
628 443 685 500 Nee
715 439 834 511 undique
862 437 978 534 diae-g
1295 436 1466 497 cipuyyy

138 555 199 596 mur
220 536 273 612 ipsi
291 535 368 594 nobb
384 531 496 591 finxmse
514 532 652 605 mamrias,
677 545 747 603 quas
765 537 804 587 tot
813 530 870 599 jam
888 525 938 586 riri
1028 524 1112 597 igitur
1128 524 1180 582 boc
1197 524 1297 593 libello,
1312 540 1368 599 qno
1386 525 1412 565 ⁴⁵
1426 523 1685 584 demonstrationem
1706 525 1797 584 solum

138 628 278 687 sanctitate
304 635 332 684 et
350 622 504 697 prestantia
525 621 658 695 insignes,
679 635 731 677 uec
748 619 836 676 solum
850 616 938 675 nostri
988 612 1170 686 promittimus
1184 612 1255 671 illius
1271 613 1297 653 ⁴⁶
1310 613 1410 681 arcani,
1430 629 1465 671 ne
1484 631 1567 689 quem
1581 631 1614 672 es
1636 612 1797 671 nominibus

137 725 333 787 antecessores,
348 716 396 771 sed
416 714 537 786 ipsorum
556 701 794 768 haeresiarcharum
817 714 936 766 contem·
990 711 1043 759 tam
1058 701 1219 776 peregrinis,
1229 712 1257 759 et
1271 703 1380 771 coactis,
1396 712 1422 760 et
1433 703 1589 775 compactis,
1605 711 1633 762 et
1645 702 1793 778 ambiguis,

137 806 254 880 poreles,
269 802 482 862 instructissimis
503 800 695 869 voluminibus,
706 806 734 857 et
746 797 936 873 prodiderunt,
989 791 1108 865 caligofl
1118 792 1267 860 suiiundat,
1276 792 1413 864 quomodo
1423 794 1464 849 eis
1473 793 1547 850 usuri
1557 792 1652 864 simus,
1659 792 1795 865 prinsde·

136 904 164 954 et
193 895 350 953 retuderunt
371 910 378 949 ε
402 902 432 948 ut
451 891 572 948 lustinus
599 889 779 964 philosophus
802 897 830 946 et
859 903 935 943 mar·
989 882 1134 940 mandabo.
1148 882 1335 953 Quorumdam
1347 882 1418 939 enim
1436 882 1471 939 de
1489 880 1586 940 Graeco
1604 881 1794 954 interpretatio

138 993 180 1057 tyr
187 986 257 1056 (33),
276 990 306 1038 ut
327 981 457 1038 Hiltiades
481 979 659 1038 Ecclesiarnm
677 978 798 1049 sophista
817 977 885 1048 (33),
905 982 936 1032 ut
988 986 1044 1027 non
1057 972 1174 1029 occurrit
1191 971 1226 1027 ad
1241 971 1393 1043 expeditam
1410 970 1522 1045 proinde
1535 969 1651 1029 nomime
1665 970 1793 1040 formam,

137 1073 256 1130 lrenaeus
276 1071 395 1130 omnium
422 1068 603 1124 doctrinarum
627 1066 828 1123 curiosissimus
846 1065 937 1138 explo-
987 1058 1168 1132 quorumdam
1186 1075 1236 1117 nec
1259 1060 1294 1117 de
1312 1075 1379 1115 sexu
1402 1075 1502 1137 genere
1520 1059 1694 1133 conveniunt,
1715 1074 1793 1133 quo·

137 1171 211 1220 rator
230 1161 298 1234 (34),
320 1168 351 1217 ut
372 1155 459 1216 Mi)
479 1155 608 1214 Proculus
630 1163 732 1226 noster,
755 1153 870 1227 virginis
891 1168 935 1210 se·
988 1150 1112 1206 rumdam
1132 1148 1252 1206 usitatior
1270 1149 1298 1206 in
1315 1148 1413 1208 orceo
1426 1148 1520 1206 uotiua
1541 1159 1593 1207 ert.
1609 1148 1705 1222 itaque
1729 1149 1793 1222 plu·

137 1259 230 1317 nacte,
246 1256 273 1306 et
291 1245 451 1305 Christianae
469 1243 630 1317 eloquentia
647 1242 764 1316 dignitas
782 1243 855 1315 (35):
867 1257 936 1315 quos
988 1237 1087 1297 nimum
1109 1237 1207 1296 oseca
1234 1253 1381 1308 ponemus,
1401 1237 1586 1312 significantias
1606 1253 1656 1309 per
1680 1235 1794 1311 pagina·

136 1336 252 1394 inomni
269 1350 351 1408 opere
369 1333 444 1403 fidei,
459 1330 686 1405 quemadmodum
700 1333 727 1388 in
743 1332 804 1401 isto,
818 1338 933 1402 optate·
987 1343 1046 1384 rum
1068 1326 1167 1385 limites
1183 1327 1297 1385 ederunt
1318 1327 1385 1402 (36),
1400 1342 1450 1384 nec
1468 1325 1569 1384 Latims
1589 1326 1701 1399 quidem
1723 1326 1794 1384 dee-

136 1426 188 1483 rim
201 1423 318 1498 namqui.
332 1425 386 1480 dut
398 1422 421 1478 si
443 1421 472 1475 in
491 1428 577 1479 totum
590 1420 709 1477 hareses
725 1434 780 1476 non
802 1426 876 1486 snnt,
903 1427 934 1477 nt
988 1431 1049 1479 runt
1071 1422 1177 1496 Graeca,
1197 1423 1246 1480 sed
1270 1422 1296 1479 in
1325 1422 1404 1481 lineis
1426 1423 1541 1495 desuper
1561 1425 1737 1491 notabuntur,
1758 1432 1794 1497 ,nt

136 1514 183 1589 qui
200 1531 246 1572 eas
259 1511 373 1586 pellant,
392 1508 503 1566 finsmse
521 1508 675 1577 credantur,
697 1507 840 1564 mentietur
857 1509 933 1579 dpo·
986 1511 1093 1584 sgnum
1108 1513 1159 1568 boc
1176 1513 1212 1569 sit
1231 1513 1413 1586 personalium
1428 1512 1578 1583 nominum,
1594 1519 1706 1585 propter
1726 1528 1792 1570 am·

135 1603 222 1661 stolus
242 1599 400 1676 predicator
420 1598 524 1654 illarum
544 1597 570 1667 (Ι
593 1598 653 1653 Cor.
677 1610 706 1660 n,
724 1597 780 1662 33).
803 1595 886 1650 Porro
909 1593 934 1650 si
988 1599 1132 1673 biguitates
1157 1601 1183 1640 ⁴⁸
1207 1617 1303 1659 eorum
1328 1617 1390 1673 quse
1416 1617 1481 1659 cum
1507 1601 1559 1658 alia
1588 1600 1793 1674 significatione

136 1699 210 1763 snut,
225 1705 281 1746 non
303 1688 363 1744 aliae
377 1693 455 1742 erunt
468 1699 548 1756 quam
566 1697 627 1755 ques
647 1688 832 1740 retractantur.
849 1683 935 1741 Nemo
988 1690 1195 1747 communicant.
1210 1689 1370 1764 Quanquam
1384 1697 1475 1748 autem
1489 1690 1641 1748 distulerim
1655 1705 1792 1764 congres-

135 1791 191 1840 tsm
207 1778 311 1836 otiosus
335 1774 422 1832 lemur
444 1773 527 1845 tillo,
548 1781 576 1828 ut
598 1769 726 1828 maletits
749 1771 861 1839 babent.
885 1774 936 1831 liu·
952 1736 975 1816 fl
989 1776 1103 1844 sionem,
1115 1778 1201 1835 sclam
1219 1779 1326 1835 interim
1344 1778 1485 1852 proiessns
1503 1780 1694 1854 narrationem,
1717 1779 1794 1838 sicu·

135 1878 192 1944 gat.
990 1866 1018 1923 bi
1040 1874 1131 1923 umen
1157 1864 1305 1940 indignitas
1332 1868 1462 1925 meruerit
1480 1865 1629 1942 suggillari,
1653 1881 1711 1924 non
1739 1868 1795 1926 orit

785 1958 883 2026 llariae
923 1965 1079 2030 lectiones.

171 2071 196 2111 ⁸⁵
205 2069 285 2142 Quod
304 2069 397 2127 Tenet.
409 2065 434 2105 ἰθ
448 2064 632 2148 immittimus
645 2064 733 2126 solius
747 2068 1038 2141 Fron.praen1ittentes
1052 2069 1136 2127 solius
1150 2070 1239 2130 Rlen.
1253 2069 1279 2111 *ἵ
1303 2069 1396 2129 catino
1415 2072 1494 2130 Vertit
1512 2069 1654 2131 medeae.
1673 2069 1789 2130 oberti.

135 2142 221 2202 Sensi.
237 2138 482 2213 “ambiguitatem
495 2137 558 2197 alta.
605 2197 608 2201 ,
1383 2169 1386 2175 ,

838 2234 1088 2304 Commentarius.

134 2349 260 2424 chetypa,
288 2347 361 2404 unde
386 2346 444 2402 baec
472 2351 536 2401 sunt
553 2344 645 2402 omnia
667 2353 740 2404 nata.
764 2343 937 2419 armetypns
988 2347 1023 2404 tis
1032 2347 1176 2415 laudanda,
1194 2347 1342 2405 evolvenda
1362 2356 1387 2404 et
1409 2348 1699 2421 amplectendai’orro
1715 2350 1788 2407 hanc

137 2421 239 2478 amicos
252 2440 264 2472 s
276 2419 345 2475 dixit
358 2415 498 2475 Martialis.
518 2417 580 2471 ilis.
989 2426 1114 2490 portento
1133 2419 1249 2475 similem
1268 2420 1428 2475 sententiam
1445 2420 1498 2476 sibi
1510 2422 1571 2490 jure
1594 2420 1706 2492 proprio
1724 2422 1790 2479 rin-

171 2491 230 2566 (st)
242 2492 422 2551 Persicorum
435 2487 648 2562 daetpnlemm.
663 2486 693 2542 ld
706 2492 759 2554 est,
772 2485 934 2561 vulgarium.
988 2490 1061 2547 dieat
1078 2490 1134 2547 lac.
1159 2489 1261 2547 Selom.
1277 2490 1390 2563 Semler,
1406 2490 1454 2563 qui
1466 2507 1499 2547 ex
1522 2492 1574 2547 boc
1587 2490 1703 2563 ipsomet
1716 2492 1787 2564 Sep-

134 2563 200 2623 ttae.
987 2561 1056 2618 timii
1073 2561 1101 2617 in
1127 2560 1334 2621 Valentinianos
1352 2561 1420 2618 libro
1445 2568 1605 2636 argumenta
1622 2563 1656 2619 ad
1674 2579 1787 2620 ornnem

170 2634 228 2708 (32)
249 2635 282 2693 tlt
296 2627 674 2760 lmttnanttjlosoftas,et
687 2635 807 2704 omrlyr.
822 2629 934 2701 alludit,
989 2634 1021 2691 il.
1049 2633 1153 2715 trenno
1180 2631 1271 2705 fidem,
1299 2633 1539 2716 auctoritatemque
1561 2633 1785 2715 depromendam,

136 2714 265 2781 quantum
288 2705 432 2777 opinens
473 2699 522 2757 tib.
557 2706 637 2755 ustum
652 2710 746 2758 contra
762 2717 856 2757 ornnes
876 2703 934 2759 hae·
987 2703 1138 2786 desumpsit
1153 2712 1333 2761 etcontnrsu.
1356 2704 1423 2773 Quae
1442 2714 1472 2761 nt
1493 2721 1613 2778 apprime
1642 2705 1787 2761 retundan-

136 2794 221 2844 reses,
243 2777 323 2848 cnjus
345 2773 409 2831 iacit
428 2773 595 2830 mentionem
619 2771 718 2844 (inquit
742 2773 933 2842 Hieronymus,
988 2782 1043 2842 tur,
1062 2776 1129 2830 nihil
1146 2775 1224 2836 nobis
1243 2777 1328 2832 satius
1347 2776 1433 2832 visum
1456 2785 1507 2846 est,
1522 2792 1605 2847 qnam
1618 2784 1648 2830 ut
1665 2778 1787 2858 genuina

137 2850 229 2907 dolel.
245 2849 349 2921 Sota'pl.
364 2843 490 2918 decipio
505 2844 689 2970 Αζρὶοριῆεο,
701 2859 783 2914 quern
794 2845 869 2928 dedit
881 2845 936 2928 dn·
989 2847 1103 2919 ipsamet
1115 2847 1210 2903 irenaei
1224 2849 1303 2926 rerba
1318 2863 1401 2973 profe
1416 2847 1580 2917 Septimiano
1595 2854 1688 2919 textus,
1705 2862 1786 2921 aequo

136 2920 232 2977 tonino
247 2918 305 2985 Pio,
316 2921 466 2990 bisnempe
477 2930 526 2971 ver
547 2931 571 2970 rs
586 2932 594 2968 :
610 2917 765 2973 satanam
775 2917 854 2976 nous
865 2917 936 2975 leber
989 2918 1058 2989 pede
1077 2926 1103 2974 et
1121 2933 1176 2973 nna
1191 2917 1277 2974 ironte
1297 2934 1358 2974 unce
1378 2920 1448 2975 enda
1466 2918 1682 2990 conterendaque
1697 2934 1786 2976 enre-

136 2988 509 3049 controreclaselboereser
523 2988 702 3067 cornpost'tcr.
721 2988 792 3045 Part.
833 3058 839 3069 Ι
950 3004 1058 3088 emus.
1079 2989 1144 3044 tnde
1165 2989 1238 3045 enim
1253 2999 1325 3045 certo
1343 2989 1441 3047 certius
1456 2988 1510 3060 fiet,
1526 3005 1577 3045 nec
1597 2991 1678 3046 ullum
1695 2989 1786 3046 homi·

169 3061 229 3133 (33)
249 3062 282 3120 tlt
297 3059 435 3117 Hillt‘odes
455 3059 643 3115 accusarem
657 3056 791 3132 sopbislo.
807 3057 856 3116 Hac
871 3056 938 3115 scri·
990 3076 1054 3118 nem
1077 3057 1134 3116 lolli
1151 3058 1192 3117 ias
1218 3061 1279 3132 erit,
1295 3060 1459 3117 Tertulliano
1477 3076 1558 3116 suum
1574 3059 1695 3116 libellam
1714 3061 1785 3117 scri-

134 3131 189 3206 psit
215 3133 347 3190 adrersus
378 3132 551 3195 Hontannm,
580 3127 738 3196 Priscillam,
755 3129 938 3186 Harimillam-
990 3131 1064 3189 benti
1081 3130 1240 3203 praeluxisse
1262 3147 1315 3187 non
1338 3140 1443 3188 tantum
1469 3130 1633 3187 sanctissimi
1651 3131 1785 3202 martyris

134 3218 198 3276 que,
215 3205 345 3262 advorsus
358 3210 465 3274 gentes,
479 3199 609 3260 advemus
622 3199 740 3270 ludaeos,
755 3209 782 3256 et
801 3215 850 3273 pro
863 3200 938 3257 cbri-
989 3219 1073 3277 opera
1092 3219 1165 3274 vera,
1181 3217 1234 3258 non
1249 3210 1351 3259 tantum
1369 3203 1398 3259 in
1421 3218 1510 3275 graeca
1529 3205 1641 3259 veritate
1662 3212 1784 3274 exarata,

133 3275 230 3332 stiania
248 3276 273 3332 Α
293 3273 455 3347 ologeticum
475 3269 625 3328 Commodo
645 3277 673 3327 et
696 3271 795 3329 Severo
819 3272 936 3327 cesari·
989 3290 1082 3333 rerum
1100 3274 1201 3356 etjam
1225 3273 1305 3331 latina
1329 3273 1452 3332 tersione
1471 3275 1616 3338 translata;
1632 3281 1669 3345 et,
1686 3288 1742 3347 qno
1757 3274 1785 3330 id

133 3347 185 3405 bns
209 3291 329 3404 obtniit:
346 3353 442 3400 auctor
460 3342 651 3414 Hieronymus.
671 3341 756 3398 Vocat
777 3352 864 3397 autem
885 3344 935 3399 So·
988 3345 1089 3401 clarius
1108 3348 1206 3400 eniteat
1233 3345 1340 3418 singula
1361 3347 1460 3403 veteris
1475 3344 1703 3413 interpretationis
1725 3345 1785 3400 lre·

137 3418 264 3492 pluteo
275 3417 521 3477 moletiortemnon
531 3410 663 3483 probroso
677 3412 789 3470 nomine
807 3412 935 3494 sedquod
988 3417 1041 3471 naei
1057 3416 1139 3471 verba
1157 3385 1257 3486 quiims
1271 3416 1315 3471 rel
1328 3432 1393 3472 usna
1411 3424 1461 3488 est,
1480 3414 1525 3472 vel
1542 3415 1630 3472 allusit
1642 3415 1786 3472 Tertullia-

133 3489 297 3572 disputando
314 3489 349 3543 de
371 3483 536 3560 quibuslibet
548 3483 633 3540 rebus
645 3489 674 3539 et
687 3499 771 3566 sacrae
791 3455 936 3566 iortptnrae
988 3502 1049 3558 nus,
1082 3485 1209 3543 distincto
1242 3487 1396 3543 charactere
1427 3487 1454 3542 in
1482 3487 1569 3567 luceru
1594 3486 1785 3571 proferemusg

133 3559 200 3616 loeo
222 3561 337 3617 multum
360 3565 463 3631 posset.
483 3555 554 3612 Nam
571 3554 624 3610 hcc
642 3555 780 3610 veteribus
805 3555 839 3612 So
860 3555 936 3611 litato
988 3556 1042 3612 imo
1062 3558 1104 3614 rel
1127 3567 1226 3613 caetera
1245 3559 1326 3613 verba
1350 3558 1421 3613 baud
1436 3559 1474 3615 ita
1495 3559 1661 3628 Septtmrono
1695 3565 1786 3615 testm

132 3632 204 3702 srtt't.
232 3631 413 3710 Hieronymus
435 3630 514 3698 epist.
536 3624 571 3681 ed
594 3625 703 3706 Aulon,
727 3625 761 3707 de
782 3641 827 3707 oro
847 3626 935 3681 estio:
988 3627 1146 3699 consimilia,
1163 3628 1270 3708 adrem
1295 3638 1416 3711 nostram
1431 3629 1547 3691 lanient:
1566 3630 1632 3710 quip·
1649 3644 1665 3683 e
1682 3629 1786 3700 quibus

137 3721 148 3750 ι
176 3700 275 3757 Contra
315 3697 826 3822 Sopbrsmsqnognesaecul131nqurt,
849 3704 936 3779 elsa·
988 3706 1094 3756 constet
1106 3698 1298 3754 Tertullianum
1319 3700 1411 3756 multis
1433 3716 1512 3758 nsum
1532 3645 1685 3756 aumonius
1706 3701 1786 3756 abeo

133 3768 239 3841 pientes
263 3771 357 3826 mnndi
379 3771 473 3825 Petrus
490 3775 518 3824 et
554 3767 655 3822 acobus
682 3775 800 3839 piscator
820 3773 934 3822 mittun·
986 3769 1110 3841 laudatis,
1124 3770 1235 3828 lustina
1249 3786 1346 3842 nempe
1359 3771 1532 3844 philosoplis,
1549 3770 1671 3828 Hiltiode
1685 3770 1785 3829 seete·

128 3847 187 3899 tur.
210 3860 224 3894 s
249 3840 408 3910 Huiusmodi
433 3835 614 3892 Ecclesiernm
641 3837 773 3910 Sophiste
801 3836 851 3893 iuit
870 3837 934 3893 olim
988 3842 1098 3898 st'oram
1112 3857 1141 3897 sc
1163 3841 1308 3906 hislo,nec
1328 3859 1379 3898 non
1396 3847 1484 3900 elsae
1500 3842 1628 3911 Proculo,
1645 3856 1723 3898 more
1738 3841 1783 3899 ri-

131 3913 206 3969 Beda
230 3912 376 3991 presbyter¹
396 3908 442 3963 ille
462 3906 650 3979 dogio-Saxo,
669 3909 746 3979 cujus
765 3917 804 3965 tot
829 3916 935 3965 exstant
988 3912 1085 3968 delicet
1108 3856 1261 3985 coiiigentis
1288 3920 1314 3967 et
1337 3913 1425 3969 aliena
1448 3913 1500 3968 sibi
1524 3917 1633 3984 propria
1655 3912 1784 3969 eiiicien-

132 3981 161 4038 in
181 3982 255 4039 omni
272 3981 475 4054 disciplinarum
498 3992 596 4050 genere
614 3989 797 4050 monumenta,
814 3996 866 4051 qua
890 3995 935 4035 sa·
988 3981 1032 4055 tis,
1048 3984 1132 4038 modo
1147 3984 1278 4039 Irenaeum
1296 3983 1453 4050 elucidasse,
1469 3985 1509 4040 vel
1524 3985 1686 4056 explicasse,
1701 3985 1784 4041 modo

129 4068 258 4181 {amm
271 4051 396 4126 prolana,
422 4049 529 4107 temetsi
543 4051 632 4125 magis
651 4051 734 4109 sacris
748 4051 856 4108 deditus
873 4051 933 4107 luit.
986 4053 1235 4182 gfnngaglalfedgjus
1250 4055 1417 4181 plegitudine
1430 4055 1587 4128 detraxisse,
1610 4053 1694 4181 {¹⁰⁶⁰
1717 4055 1784 4138 hine

214 4166 222 4181 .
1025 4141 1052 4181 tn
1140 4141 1163 4181 ae
1199 4141 1287 4180 mmu
1316 4142 1358 4183 ssa
1395 4142 1471 4182 arum
1492 4143 1522 4183 er
1549 4142 1597 4182 nec
1636 4141 1700 4182 men
1728 4141 1785 4183 cue

164 4195 511 4269 (idlireooettaomaiam
521 4193 934 4251 mclmncmmecrt'ost'sstmos
986 4211 1067 4268 qnam
1092 4141 1193 4272 nigore
1215 4144 1531 4267 permisissepoenaeim'
1552 4197 1644 4264 inisse,
1669 4207 1701 4253 ut
1724 4197 1785 4268 ipse

130 4269 309 4341 explorator.
337 4268 410 4322 inter
427 4267 511 4321 multa
530 4264 647 4346 ¹matidii
677 4265 751 4346 pretii
775 4268 934 4323 documenta
987 4274 1110 4340 testatur,
1133 4276 1329 4324 antecessorem
1348 4285 1380 4324 ac
1402 4269 1498 4326 ducem
1521 4284 1609 4335 sunm,
1633 4267 1786 4340 cademus

129 4354 190 4410 quae
212 4354 245 4395 ex
275 4339 329 4394 hoc
350 4336 505 4394 Tertulliani
528 4352 556 4391 sn
583 4336 784 4393 Valentinianos
802 4337 932 4407 opusculo
986 4341 1107 4411 omnino,
1122 4354 1183 4411 quae
1201 4345 1228 4394 et
1247 4353 1307 4412 nos,
1322 4339 1411 4411 ipsum
1429 4349 1493 4396 ante
1515 4339 1608 4396 oeulos
1626 4353 1713 4411 opera
1732 4340 1785 4395 ba-

128 4409 295 4483 accepimns,
310 4407 375 4464 illud
396 4423 450 4479 prae
469 4406 574 4464 caeteris
590 4415 740 4464 memoratu
758 4407 871 4482 dignum
892 4415 934 4464 est
948 4404 972 4483 Ι)
987 4410 1232 4467 buissecaeterum
1246 4412 1281 4465 ad
1296 4426 1352 4466 rem
1367 4410 1488 4468 ineditus
1505 4411 1693 4476 evincendam,
1714 4425 1786 4468 con·

130 4480 314 4538 testimonium
330 4479 364 4536 de
380 4493 479 4551 magno
493 4477 619 4551 pontifice
633 4489 735 4548 nostro,
751 4480 864 4534 doctore
882 4494 934 4535 nec
986 4481 1171 4539 ierendasnnt
1181 4481 1211 4536 G.
1224 4481 1270 4538 W.
1281 4481 1376 4539 Trono.
1390 4483 1500 4540 Walch.
1515 4483 1669 4541 Commeat.
1681 4481 1786 4541 dedat·

129 4564 184 4608 non
207 4561 235 4608 et
260 4559 386 4621 martyre,
410 4548 564 4607 beatissimo
585 4550 696 4615 trenaeo,
720 4565 799 4620 quem
814 4568 828 4601 e
844 4551 933 4605 haere·
988 4553 1101 4609 tltenlic
1120 4552 1216 4609 libror.
1241 4552 1343 4609 lrenoei
1354 4572 1364 4621 ,-
1378 4552 1406 4610 in
1426 4555 1492 4613 Neo.
1510 4554 1699 4625 commentat.
1725 4568 1786 4611 acc.

128 4621 306 4689 marcharum,
325 4637 385 4678 rere
399 4619 640 4693 contemporalem,
659 4620 801 4676 sanctitate
815 4629 845 4676 et
869 4635 925 4693 prm
986 4639 1046 4696 rep.
1064 4624 1185 4694 Goltinp.
1207 4623 1240 4687 V,
1257 4623 1282 4693 2,
1299 4626 1351 4679 det
1361 4640 1435 4698 seqq.
1457 4627 1559 4685 donlrn
1574 4639 1583 4679 1
1598 4623 1654 4680 Sal.
1665 4623 1787 4681 Semler-

129 4696 231 4751 stentia
250 4694 395 4766 insignem,
412 4691 680 4749 instructissimorum
698 4689 868 4747 voluminum
881 4707 915 4747 au
988 4695 1091 4766 isnpop.
1101 4693 1206 4749 Hister.
1216 4693 1481 4768 adaanmpartener
1493 4696 1661 4770 polemtccm
1673 4696 1785 4779 prolcp.

128 4772 243 4832 ctorem,
261 4763 382 4822 omnium
397 4762 578 4819 doctrinarum
597 4761 811 4820 curiosissimum
829 4776 861 4818 es
885 4763 928 4818 lo·
983 4765 1017 4823 de
1031 4762 1155 4822 canendo
1163 4764 1283 4821 molesto
1295 4767 1448 4825 sedulitate
1462 4784 1544 4825 acero
1556 4766 1634 4822 odeo
1698 4766 1787 4824 eidos

129 4845 257 4905 retorem,
285 4833 450 4892 »curiosior
462 4840 490 4890 et
504 4834 564 4905 ipse
586 4833 743 4908 Septimius,
764 4842 810 4889 ant
877 4844 931 4889 tem
1001 4834 1265 4894 acsdomlreooeiet
1281 4835 1657 4896 Tertullianiseotenl'iosel
1692 4840 1699 4851 '
1727 4843 1786 4897 erl.

77 4952 85 4957 .
128 4921 206 4989 seque
235 4906 382 4979 studiosus,
409 4903 525 4976 iudicat,
547 4905 712 4978 caeteroquin
739 4904 839 4977 dignus
866 4918 932 4959 sane
1004 4906 1064 4963 nal.
1091 4905 1229 4962 decoris
1255 4912 1283 4964 et
1307 4910 1419 4969 incerto
1441 4911 1535 4970 indole
1556 4909 1695 4968 librarent
1722 4911 1788 4968 Ter·

129 4992 173 5048 qut
202 4985 306 5032 tantum
332 4975 453 5034 veritatis
481 4985 645 5034 assertorem
666 4976 767 5046 J'ndicet
806 4974 930 5031 laudibus
985 4976 1114 5032 lolliani.
1140 4977 1211 5032 Eoo.

129 5046 226 5104 elierat
244 5062 276 5103 ac
295 5047 397 5105 seculo
419 5048 508 5104 tuturo
531 5047 742 5106 recommendet.
765 5018 833 5102 ilinc
850 5059 930 5101 nemo
1021 5048 1075 5117 (35)
1088 5050 1121 5106 tlt
1133 5049 1384 5121 praemoreretur,
1395 5052 1787 5179 siggint'sreneeloeelclris·

1450 5140 1464 5179 a

131 5119 198 5174 satis
220 5117 321 5191 poterit
344 5117 437 5175 mirari
459 5120 592 5175 undenam
614 5127 687 5175 taum
705 5116 867 5191 quibusdam
885 5132 931 5172 su·
984 5119 1072 5175 tane
1091 5119 1258 5193 eloquemt'oe
1277 5121 1412 5195 dt'pne'tcs.
1466 5123 1559 5180 cianm
1578 5125 1614 5180 ad
1632 5123 1785 5198 Symprcn.

131 5188 253 5246 ctoribus
279 5189 358 5247 notis
379 5198 406 5246 et
427 5190 657 5247 noratnrientibus
680 5189 791 5246 sadada
811 5185 927 5270 venerit,
982 5188 1017 5246 de
1033 5189 1141 5247 callot.
1154 5207 1231 5247 nom.
1246 5213 1258 5242 s
1274 5193 1328 5263 ipsi
1343 5195 1382 5250 ilti
1397 5196 1517 5270 Phryges
1531 5195 1679 5252 nobiliores
1694 5195 1787 5269 quise

132 5269 173 5332 ut,
183 5266 274 5334 spreta
286 5268 326 5318 tot
342 5261 504 5319 saeculorum
517 5262 622 5330 canitie,
637 5274 732 5315 eversa
745 5266 785 5315 tot
799 5260 851 5315 sibr
867 5274 930 5317 sue
982 5259 1123 5327 animatos,
1147 5262 1345 5322 mentiuntura
1361 5267 1470 5339 leucio,
1489 5267 1627 5325 institutos
1644 5282 1661 5322 s
1676 5268 1786 5326 Procn-

131 5332 285 5391 oedentinm
305 5334 501 5403 praeconiorum
520 5331 669 5401 majestate,
695 5344 826 5400 oppresse
834 5336 928 5386 mnic-
981 5332 1008 5389 lo
1034 5329 1193 5405 gloriantur.
1211 5335 1291 5394 stirs.

130 5419 221 5460 ruma
241 5403 404 5461 Tertulliano
423 5403 531 5459 testium
552 5415 632 5469 voce,
653 5414 724 5456 unns
742 5407 788 5456 aut
804 5401 868 5471 dno,
883 5401 928 5457 ris
1018 5403 1345 5483 (iolsipnifieonltoeper
1373 5409 1783 5483 aginammlimiteaaderaat.

129 5474 242 5558 nomine
261 5474 470 5545 innotescentes,
491 5472 581 5528 diacre
606 5469 666 5527 ausi
683 5471 801 5553 'inerint
826 5487 929 5557 nequa·
982 5472 1055 5546 Ques
1068 5474 1113 5531 hic
1127 5477 1251 5552 indigitat
1265 5425 1447 5538 Tertuiianus
1461 5482 1624 5555 marginales
1641 5489 1732 5555 nome,
1756 5489 1787 5538 et

128 5559 210 5615 qnam
234 5561 262 5600 tn
281 5560 372 5600 rernm
390 5549 485 5600 natare
502 5547 563 5600 ante
579 5539 773 5600 Tertullianum
793 5551 930 5603 matrasta
977 5545 1176 5616 interlineares,
1197 5564 1288 5606 aarum
1309 5552 1397 5608 nullus
1413 5552 1455 5608 ret
1476 5553 1675 5612 remotissimus
1697 5552 1784 5612 codex

128 5613 226 5673 lrenaei
245 5629 329 5688 opera
342 5615 473 5675 adeamus
490 5616 609 5677 traceseo
622 5630 719 5675 omues
734 5632 870 5692 nunqnam
883 5629 929 5675 aa·
981 5618 1114 5694 pailet
1125 5619 1240 5695 vestigia
1253 5621 1377 5683 servarit.
1390 5623 1460 5682 tino.
1497 5645 1500 5653 ·
