3840 6134
96 293 136 354 49
671 292 771 356 blena
788 295 832 358 llll
849 297 1185 365 clementioribus.
1386 302 1392 311 '
1720 308 1771 378 50

97 414 901 490 noenumcredidisse<attspuneoe10stamltomsnen-
953 428 1037 501 pegit,
1068 429 1142 484 illam
1178 428 1311 503 virginem
1337 429 1526 505 Philumenen,
1553 452 1634 510 qusm
1670 453 1754 509 supra

99 521 168 575 sem,
184 504 231 559 snb
257 503 415 575 episcopatu
437 504 495 577 (ii)
510 505 660 564 Eleutherii
685 506 821 564 benedicti
842 512 900 597 (23)
952 501 1089 573 edidimus
1101 517 1170 590 (31),
1187 525 1281 590 postea
1294 534 1359 575 vero
1382 520 1498 578 immane
1520 526 1701 594 prostibulum
1723 533 1754 584 et

101 596 189 650 donec
200 592 222 631 ⁹¹
238 592 275 682 ob
294 591 445 663 inquietam
468 609 578 667 semper
595 610 690 651 eorum
703 597 898 668 curiositatem,
953 605 1049 677 ipsam,
1073 607 1151 677 cujus
1174 615 1345 681 energemate
1368 609 1575 684 circumventus,
1596 632 1663 687 quas
1682 617 1695 656 ²
1715 616 1751 673 sb

99 697 151 752 qna
163 679 262 735 iratres
276 695 387 752 qnoque
401 679 523 736 vitabant
540 680 566 720 ⁹²
580 683 638 752 (tt)
653 682 737 737 semel
751 691 778 740 el
799 684 898 744 iterum
953 711 986 750 es
1007 694 1102 751 didicit
1119 698 1302 770 phaneroseis
1331 698 1451 770 scripsit.
1474 699 1573 757 Adhuc
1597 702 1626 757 in
1651 704 1751 763 seculo

97 767 174 838 ejecti
191 768 264 837 (25),
280 768 401 824 biarcion
415 769 522 840 quidem
537 786 599 827 curn
623 769 746 828 ducentis
767 777 900 834 sestertiis
951 790 1099 856 supersunt
1130 785 1176 857 qui
1204 784 1377 843 meminerint
1404 801 1510 857 eornm,
1535 789 1617 847 etiam
1644 785 1752 866 proprii

96 871 155 928 (ιιι
186 856 319 912 Eecltssioe
342 857 488 924 intulerit,
513 859 658 916 novissime
681 859 709 914 in
738 873 897 935 perpetuum
951 872 1086 930 discentes
1104 882 1132 930 et
1154 890 1327 932 successores
1344 875 1478 947 ipsorum,
1493 894 1528 934 nc
1542 880 1598 936 se⁹
1617 882 1751 951 posterio-

94 945 239 1002 diseidium
254 945 280 985 ⁹³
296 946 418 1017 relegati,
434 945 460 986 ⁹⁴
473 962 578 1005 venena
591 948 774 1005 doctrinarum
787 968 897 1013 suarum
950 975 996 1016 res
1010 976 1111 1035 negare
1124 963 1240 1033 possint.
1256 961 1413 1035 Quanquam
1427 973 1455 1020 et
1466 966 1500 1022 de
1523 967 1654 1040 operibus
1678 972 1749 1040 ruis,

93 1034 353 1091 disseminaverunt.
369 1035 547 1092 Postmodum
566 1036 637 1092 iden
659 1036 792 1112 llarmon,
806 1045 897 1113 poeni·
949 1049 1056 1107 utdixit
1070 1049 1211 1118 Dominus,
1236 1053 1425 1110 revincuntur
1446 1054 1558 1127 (llctllv.
1573 1071 1623 1123 vu,
1645 1059 1701 1128 li).
1718 1057 1748 1116 st

94 1124 206 1179 entiam
220 1123 365 1180 coufessus
381 1125 438 1194 (to)
457 1140 520 1181 cum
542 1125 693 1183 conditioni
705 1126 731 1165 ⁹⁸
752 1128 823 1185 datae
844 1132 897 1189 sibi
948 1136 1020 1194 enim
1039 1139 1157 1196 llarcion
1178 1139 1287 1197 Novum
1304 1141 1505 1200 Testamentum
1523 1160 1539 1201 a
1554 1143 1653 1202 Vetere
1671 1161 1751 1218 seps·
1770 1162 1779 1183 ·

92 1211 216 1268 occurrit
230 1213 297 1282 (iil,
314 1211 351 1267 ita
366 1227 458 1283 pacem
472 1223 641 1286 recepturus,
658 1215 681 1270 si
700 1225 813 1275 achras
826 1235 897 1292 quos
947 1227 1023 1292 ravit,
1040 1227 1175 1298 posterior
1198 1235 1240 1285 est
1258 1243 1292 1287 eo
1316 1231 1390 1302 qnod
1413 1231 1564 1302 separavit3
1589 1232 1653 1307 quia
1668 1249 1751 1307 sepa·

95 1301 247 1374 perditioni
281 1301 341 1372 (28)
378 1301 533 1369 erudisset,
567 1303 693 1360 Ecclesiae
724 1307 894 1378 restitueret,
948 1328 1009 1371 rare
1038 1331 1092 1372 uon
1118 1325 1221 1388 posset,
1246 1317 1298 1374 nisi
1320 1319 1392 1390 qnod
1416 1320 1521 1377 unitum
1550 1322 1611 1381 luit.
1637 1321 1751 1380 Unitum

95 1400 183 1445 morte
201 1398 358 1461 praeventus
372 1399 423 1446 est.
446 1390 593 1463 Oportebat
607 1393 685 1450 enim
703 1393 820 1454 hereses
837 1413 896 1456 esse
948 1418 1014 1477 ergo
1046 1411 1108 1458 ante
1139 1420 1220 1476 quam
1247 1414 1426 1478 separaretur,
1456 1417 1552 1478 postea
1585 1418 1749 1482 separatum,

95 1479 117 1549 (Ι
129 1481 193 1536 Cor.
207 1494 238 1543 ιι,
252 1480 310 1547 19).
320 1478 377 1533 Nec
390 1485 480 1534 tamen
498 1479 561 1536 ideo
576 1481 677 1537 bonum
691 1483 817 1551 haereses,
832 1486 895 1557 qtria
947 1491 1125 1565 posteriorem
1144 1492 1262 1548 ostendit
1275 1504 1471 1564 separatorem.
1487 1498 1554 1553 item
1577 1499 1749 1569 Valentinus,

95 1583 141 1624 ess
155 1567 311 1638 oportebat,
324 1566 402 1639 quasi
419 1582 473 1623 non
487 1577 513 1624 et
538 1570 638 1626 malum
658 1575 808 1641 oportuerit
822 1589 892 1632 esse.
950 1578 1026 1635 ahter
1040 1593 1188 1650 exponens,
1209 1588 1236 1637 et
1257 1580 1316 1636 sine
1339 1581 1422 1646 dubio
1445 1585 1603 1653 emendans,
1619 1588 1671 1643 hoc
1688 1603 1752 1645 onr-

95 1657 163 1712 Nam
179 1666 208 1712 et
226 1656 372 1711 Dominum
396 1656 464 1711 tradi
486 1658 761 1730 oporteba13sedvae
773 1661 896 1719 traditori
950 1669 1015 1725 nino
1029 1667 1159 1740 quidquid
1183 1667 1320 1736 amandat,
1335 1677 1367 1726 ut
1389 1671 1549 1728 mendosum
1571 1681 1657 1742 retro,
1672 1685 1752 1732 ιιιιι·

94 1746 191 1814 (burc.
209 1760 272 1812 xiv,
287 1745 348 1816 tl)!
364 1761 398 1802 ne
412 1745 475 1817 quis
488 1744 514 1785 ⁹⁹
529 1747 612 1803 etiam
626 1747 690 1804 hinc
713 1749 831 1807 haereses
843 1751 895 1807 de·
949 1758 1007 1816 rius
1023 1755 1107 1814 inisse
1129 1757 1297 1814 demonstrat
1319 1758 1343 1817 ⁴.
1367 1758 1423 1815 llos
1446 1767 1476 1816 nt
1498 1760 1511 1797 ⁵
1537 1761 1701 1836 insigniores
1722 1778 1740 1819 e

96 1832 235 1889 tenuasti.
249 1833 281 1889 Si
299 1832 327 1870 ⁹⁹
342 1840 368 1889 et
381 1833 485 1906 Apellis
501 1842 615 1891 stemma
631 1837 829 1895 retractandum
843 1847 894 1909 ast,
949 1845 1150 1921 frequentiores
1168 1845 1304 1904 adulteros
1327 1846 1446 1904 ιιιίιιιίι
1462 1848 1645 1907 nominamus.
1664 1851 1752 1910 Caste-

100 1929 159 1976 tam
177 1936 233 1977 non
248 1929 328 1978 vetus
341 1929 369 1977 et
382 1921 443 1996 ipse
463 1939 545 1996 quam
567 1924 686 1981 Marcion
707 1925 847 1984 institutor
869 1939 897 1986 et
948 1952 1010 1993 rum
1024 1943 1052 1991 at
1064 1933 1191 2008 Nigidius
1213 1935 1308 1991 nescio
1323 1935 1385 2008 quis
1398 1934 1421 2004 ⁹,
1436 1942 1463 1992 et
1478 1935 1667 2008 Hermogenes
1680 1939 1750 2011 (32).

99 2010 290 2083 praeformator
302 2013 381 2082 ejus:
400 2012 448 2068 sed
467 2012 558 2084 lapsus
572 2015 599 2071 in
614 2013 741 2070 laminam
759 2016 785 2056 ⁹⁹
803 2018 896 2076 doser-
949 2022 1075 2082 etmulti
1106 2023 1152 2080 alii
1184 2023 1230 2097 qui
1257 2022 1383 2081 ⁹adhuc
1403 2024 1541 2081 ambulant
1564 2033 1751 2096 pervertentes

96 2107 141 2155 tor
159 2098 335 2155 canonensis
356 2096 413 2156 48
435 2099 628 2157 Marcionensis
650 2102 729 2175 (29),
751 2106 787 2161 ab
810 2108 897 2165 oculis
949 2113 1007 2170 viae
1020 2111 1103 2179 Dei⁹,
1119 2113 1262 2170 ostendant
1284 2111 1349 2168 mihi
1372 2128 1406 2168 ex
1431 2128 1484 2185 qna
1506 2113 1666 2171 aucmriteta
1690 2129 1752 2187 pro-

98 2187 266 2243 urcissini
301 2187 423 2262 magistri
454 2189 645 2246 Alexandriam
677 2193 805 2267 secessu
834 2195 897 2256 inde
950 2203 1069 2262 dierunt.
1090 2201 1118 2257 Si
1139 2201 1223 2258 alium
1245 2202 1332 2258 Deum
1355 2201 1515 2273 praedicant,
1531 2203 1668 2274 quomodo
1689 2206 1752 2276 ejus

99 2285 156 2345 post
170 2290 260 2331 anuos
276 2275 285 2313 ¹
301 2292 442 2351 regressus
457 2277 514 2349 (30)
531 2292 585 2333 non
604 2277 712 2344 melior,
727 2281 779 2337 nisi
794 2292 896 2341 tantum
948 2290 999 2347 Dei
1013 2290 1094 2346 rebus
1108 2298 1136 2346 et
1159 2288 1256 2346 litteris
1270 2297 1298 2346 et
1318 2289 1475 2346 nominibus
1489 2299 1602 2349 utuntur
1620 2292 1752 2351 adversus

96 2382 147 2436 qus
160 2367 219 2436 jam
242 2380 298 2423 non
322 2366 504 2437 Marcionites,
519 2366 547 2422 in
568 2367 679 2424 alteram
701 2368 829 2430 seminam
842 2375 897 2430 im·
949 2394 1029 2451 quem
1045 2378 1215 2452 predicanti
1233 2377 1257 2435 si
1270 2379 1408 2448 eumdem,
1423 2380 1562 2452 quomodo
1576 2380 1655 2437 aliter
1668 2381 1752 2455 (3³)i

777 2466 873 2533 Varie
902 2473 1060 2537 lectiones.

129 2567 153 2604 ⁹¹
180 2566 276 2622 Donec
304 2564 383 2621 chesi
412 2569 529 2639 lioneq.
554 2565 581 2605 ⁹²
603 2565 690 2636 Quam
718 2568 813 2625 iratres
838 2588 947 2646 qnoque
973 2574 1092 2631 vitabant
1120 2574 1179 2645 llip.
1203 2571 1229 2611 ⁹⁹
1250 2569 1398 2627 Discidium
1433 2572 1533 2629 Wcssw.
1556 2570 1582 2612 ⁹⁴
1605 2571 1749 2645 lielegatns

95 2638 178 2693 Senti.
210 2639 338 2708 itemque
363 2636 562 2708 disseminavit.
587 2636 612 2675 ⁹⁵
639 2639 801 2696 condicione
828 2644 950 2703 achani.
979 2643 1157 2717 poenitentiae,
1183 2645 1266 2701 Sensi.
1292 2642 1319 2682 ⁹⁶
1347 2641 1416 2710 Quid
1447 2643 1564 2700 Semler.
1594 2641 1620 2682 ⁹⁷
1647 2644 1749 2701 Defen-

94 2709 157 2763 dant
177 2710 271 2766 Versat.
292 2708 319 2747 ⁹⁹
332 2707 361 2762 Si
377 2707 493 2766 Semler.
513 2706 538 2745 99
551 2707 669 2774 Femina,
684 2710 724 2766 id.
746 2712 755 2748 ¹
769 2712 892 2785 Aliquos,
908 2715 972 2773 cdd.
1000 2718 1098 2773 Wonw.
1118 2714 1212 2783 ²Quae
1228 2714 1314 2772 Semi.
1335 2712 1394 2769 ⁹Se
1408 2713 1483 2770 delet
1501 2714 1587 2769 idens
1601 2715 1614 2752 ⁴
1626 2713 1748 2771 Alterius

95 2778 176 2835 luisse
189 2782 359 2836 demonstret
374 2780 459 2836 Sensi.
479 2779 491 2817 ⁵
504 2777 604 2851 Utique
619 2781 703 2840 Semi.
724 2780 737 2821 ⁶
750 2781 803 2852 Qui
816 2787 904 2842 Fran.
926 2787 1011 2845 sent.
1028 2787 1039 2825 ⁷
1053 2785 1106 2856 Qui
1119 2785 1175 2843 del.
1196 2785 1281 2843 Sensi.
1300 2784 1409 2857 ⁸Cupis
1422 2785 1525 2840 inserit
1540 2786 1657 2843 Sernler.

99 2959 259 3027 pertinebat,
274 2959 324 3015 sed
346 2973 399 3013 non
415 2965 558 3031 propterea
581 2963 704 3028 tempora
719 2880 1130 3056 ιιςιιῖἳιΙΡιΙ-Ιὶἱῃιιιῗέιάῗῗιῑᾳιίᾱ
1152 2959 1306 3033 significare
1329 2960 1437 3016 videtur
1450 2960 1533 3016 etiam
1548 2958 1682 3030 Imnaeus,
1698 2959 1746 3017 nbi

103 3031 231 3094 audentia,
247 3030 293 3099 qui
316 3029 456 3085 terminum
479 3044 563 3085 unum
584 3026 692 3095 delinit,
707 3044 820 3087 caeteros
843 3040 890 3088 ant
945 3035 981 3090 de
994 3033 1123 3089 Cerdone
1136 3030 1275 3088 haeretico.
1290 3034 1354 3087 bru.

103 3102 214 3161 mittit,
229 3109 274 3151 aut
299 3099 486 3167 comprehendi
500 3099 555 3155 vult
569 3101 756 3168 ιιιιιδοχιιῶς.
783 3118 889 3158 suntne.
982 3104 1039 3173 (26)
1054 3104 1257 3158 Paenitentiam
1276 3103 1431 3173 confessos.
1446 3100 1542 3168 idest,
1558 3116 1621 3157 enm
1635 3101 1744 3174 publica

96 3197 133 3211 -
159 3167 262 3224 Confer
282 3168 413 3224 Pearsonii
440 3169 545 3228 Vindio.
566 3170 655 3239 lpnet.
680 3181 748 3238 part.
763 3186 794 3226 ιι.
820 3189 845 3227 e.
860 3174 888 3231 ’1.
944 3179 1147 3228 testatnsasset
1161 3185 1190 3223 se
1228 3171 1355 3223 annitere.
1373 3175 1497 3227 insana.

95 3239 234 3296 Caeterum
250 3254 348 3295 nomen
363 3240 510 3298 Eleutheri
523 3255 584 3296 cum
600 3240 757 3298 &leotherii
778 3244 892 3300 mutavit
979 3244 1036 3315 tat)
1053 3242 1122 3298 cnm
1141 3255 1172 3296 cc
1213 3240 1297 3294 ilioni
1310 3238 1463 3320 ιιιιιιιιιι·Ι
1473 3244 1608 3317 cernerit.
1624 3242 1691 3299 Cum
1716 3241 1744 3297 in

98 3311 264 3367 editionibus
279 3311 410 3379 prioribus
425 3311 635 3369 reclamantibus
658 3312 690 3368 lti
712 3312 801 3380 altius,
818 3314 889 3370 haud
943 3327 976 3371 ao
1000 3319 1084 3380 esset,
1098 3317 1128 3367 ut
1151 3311 1221 3365 datan
1244 3308 1295 3365 sibi
1317 3308 1465 3365 conditioni
1487 3306 1663 3364 satisfaceret.
1675 3312 1745 3368 cum

98 3393 227 3452 sequeme
242 3398 305 3437 enm
320 3393 365 3438 aut
381 3384 458 3456 lupo
471 3390 518 3439 aut
531 3381 684 3438 Thomasio.
724 3398 808 3439 corn.
943 3383 1104 3468 aggreditur
1118 3380 1273 3438 satisiaeere
1293 3379 1452 3462 conditioni.
1467 3379 1577 3460 lire·
1593 3377 1629 3435 llt
1642 3381 1695 3461 hoe
1705 3381 1745 3437 si·

130 3455 225 3521 (itlln
236 3455 482 3527 eutholicoeprinso
492 3454 652 3511 molanum
660 3453 820 3511 credidisse.
828 3455 890 3511 lloec
943 3453 1064 3528 gnificat,
1084 3452 1249 3509 Marcionem
1266 3451 1416 3508 conditioni
1439 3448 1593 3530 nanciscere
1610 3451 1743 3520 voluisse,

98 3527 290 3651 lt'ltlttt
306 3525 889 3654 “titbttlltlltlhttltltlt·
943 3521 1273 3657 titttllhltttl
1297 3519 1471 3664 {trith
1497 3520 1745 3650 tilleltltt

155 3641 163 3664 s
875 3625 888 3639 ⁸
1278 3632 1286 3648 ⁹
1469 3631 1477 3657 ⁹

98 3666 191 3731 aliano,
215 3666 245 3721 id
254 3612 316 3731 pvest,
330 3638 458 3724 universi
475 3668 597 3724 Ecclesia
619 3667 769 3725 Christiana
792 3683 890 3741 recep·
943 3684 1005 3725 esse
1017 3670 1056 3724 ait
1075 3666 1228 3747 Sernlerus.
1244 3664 1393 3720 Praestabst
1404 3670 1497 3745 autern
1512 3663 1676 3721 corsdiiicns
1689 3663 1744 3720 sihi

88 3744 159 3800 cnm,
186 3737 328 3794 catholice
360 3741 471 3795 nomine
494 3739 528 3794 ab
556 3739 741 3794 hereticorum
768 3738 890 3796 doctrina
943 3739 1107 3807 dote,teste
1129 3736 1325 3802 ramelenus.
1351 3733 1508 3791 vuccanus.
1523 3733 1628 3790 luteres
1643 3733 1742 3792 condr-

99 3807 258 3867 distinctam.
274 3809 379 3865 Etenim
401 3809 471 3880 apud
490 3808 657 3867 Christianos
674 3808 786 3866 haeresis
806 3825 890 3866 voca·
944 3812 1017 3869 tioni
1038 3811 1138 3867 habent
1151 3807 1194 3865 ed.
1206 3805 1344 3888 ¹lihenani
1359 3805 1411 3863 nlt.
1428 3811 1456 3859 et
1469 3804 1555 3862 Paris.
1573 3804 1672 3888 prima.
1688 3805 1744 3888 tlte·

99 3887 150 3943 tur,
165 3881 241 3949 qnod
259 3889 299 3936 est
320 3879 402 3936 alicui
426 3879 530 3937 libitum
544 3881 657 3937 credere
680 3881 810 3937 adversus
823 3897 891 3937 con·
943 3890 1042 3949 terum,
1068 3881 1155 3954 pergit
1187 3880 1277 3934 dicere
1309 3877 1454 3942 semlerus,
1494 3876 1566 3932 hanc
1602 3877 1742 3932 historiam

98 3949 238 4005 seientiam
262 3949 376 4008 fidemve
396 3951 540 4022 publicam,
555 3967 604 4007 seu
627 3966 797 4008 communem
817 3968 889 4025 gen·
942 3953 1088 4010 dolendum
1113 3949 1186 4025 quod
1210 3948 1254 4005 alii
1279 3947 1419 4032 copiosius·
1434 3960 1488 4004 non
1511 3946 1674 4028 describant.
1698 3944 1742 4005 st-

98 4021 388 4079 tiameristianarnm
402 4022 572 4079 sententiam.
588 4021 704 4079 humer.
943 4024 1008 4080 mile
1036 4022 1098 4095 quid
1124 4023 1157 4078 da
1184 4021 1304 4078 Cerdone
1327 4020 1454 4075 haeretico
1475 4027 1594 4076 namvrt
1620 4016 1743 4075 irenem

132 4093 191 4158 (it)
200 4093 277 4163 Apud
285 4094 650 4151 Ecclesiamhomoncnsem
663 4093 714 4149 sni
729 4095 891 4165 episcopatu
944 4094 991 4151 lib.
1008 4108 1050 4158 ιιι,
1067 4109 1127 4166 cap.
1144 4096 1170 4149 t.
1186 4092 1295 4148 Boura.
1375 4161 1380 4171 Ι
1535 4157 1562 4172 Η
1609 4158 1616 4170 ⁸

98 4161 263 4219 Eleutherii.
286 4164 331 4220 Sic
353 4165 433 4219 babet
454 4175 531 4221 vetus
554 4166 704 4236 exemplar,
718 4174 746 4219 ct
769 4172 890 4220 veterum
979 4163 1037 4236 (tt)
1053 4165 1083 4221 Si
1091 4169 1206 4221 ceteros
1221 4179 1286 4236 qnos
1298 4160 1465 4235 perditioni.
1480 4158 1599 4215 Facilius
1608 4172 1636 4213 ru
1648 4159 1744 4216 Eccle-

97 4242 250 4301 snctorum,
264 4243 344 4306 atque
359 4235 387 4289 in
408 4235 506 4317 primis
520 4234 598 4291 istius
612 4235 712 4306 scriptu
733 4235 889 4290 etiamnum
944 4235 1013 4292 siam
1041 4235 1160 4291 heretici
1187 4249 1266 4307 quam
1288 4233 1379 4289 caeteri
1402 4238 1555 4313 peccatores
1579 4231 1742 4286 msocsban·

98 4303 350 4362 hallucinationibus
372 4321 431 4361 surs
454 4306 640 4378 repraesentari
654 4306 785 4373 interest,
801 4321 889 4379 neque
944 4315 998 4372 tur,
1014 4321 1109 4362 verum
1133 4303 1319 4361 haeresiarchae
1343 4318 1398 4359 non
1422 4302 1501 4358 aliter
1523 4316 1591 4374 pace
1605 4300 1731 4382 donaban

96 4375 162 4454 solet
174 4375 322 4446 Septimius
335 4376 506 4434 ιιιιιίιιὶιιιι
520 4377 633 4434 mddcre
651 4392 711 4448 quae
735 4379 769 4432 ab
791 4385 889 4434 aucto·
904 4361 927 4440 [l
944 4386 997 4444 tur,
1021 4391 1103 4458 quam
1132 4375 1156 4430 si
1180 4384 1294 4431 caeteroe
1322 4388 1390 4446 quos
1413 4380 1591 4443 corruperant
1614 4371 1743 4429 Ecclestae

95 4446 172 4501 rrbus
185 4447 277 4502 sumit.
292 4450 407 4503 hsstsr.
943 4449 1057 4506 reddere
1076 4451 1235 4503 niterentur.
1252 4446 1283 4502 Ι).
1298 4445 1382 4516 cypr.
1397 4460 1441 4514 ep.
1458 4444 1493 4500 ad
1506 4443 1571 4502 Ant.
1586 4443 1622 4500 de
1636 4442 1740 4514 Troph.

131 4516 189 4586 (23)
212 4518 363 4575 Eleutheri
386 4519 535 4576 bersedicii.
555 4520 645 4575 liliam
668 4519 733 4574 dum
755 4517 890 4586 viverent,
942 4520 1058 4586 Euseb,
1073 4518 1121 4574 lib.
1137 4532 1179 4573 vs.
1194 4531 1255 4587 cap.
1271 4517 1315 4571 35.
1331 4518 1451 4573 anessa.
1716 4579 1722 4592 ι

96 4586 230 4643 haedleh
253 4589 429 4647 vocabantur.
443 4590 483 4645 De
497 4590 608 4663 pudic:
624 4591 790 4647 Benedictus
813 4591 891 4664 Papo
978 4593 1035 4661 (29)
1051 4586 1468 4668 (ἔοηιίιιιιιιίῌανιιόνιιιιιρι.
1482 4587 1542 4667 Non
1558 4581 1633 4656 quud
1651 4588 1741 4661 conh-

93 4660 283 4716 cuneicnnris.
300 4660 420 4719 lunser.
944 4669 1040 4718 uenter
1053 4661 1150 4717 vixerit
1174 4659 1283 4726 llarcro,
1301 4655 1454 4729 prollsgatrs
1476 4670 1548 4711 enim
1572 4659 1630 4707 erat
1654 4663 1742 4705 morr-

130 4731 191 4800 (ιι)
208 4730 301 4799 anm
313 4734 421 4803 fratres
435 4748 544 4805 qaoque
568 4732 706 4790 citabant.
722 4731 767 4788 Sic
779 4728 892 4786 omnino
945 4734 1005 4801 bus,
1022 4730 1152 4804 sedquod
1165 4728 1277 4811 nuptias⁸
1285 4723 1447 4800 prohiberet.
1463 4727 1504 4782 bn
1519 4725 1569 4780 l’n.
1642 4790 1649 4803 ·
1719 4789 1726 4802 ,

93 4809 134 4855 est
152 4802 183 4856 in
205 4803 370 4871 sumpturi,
386 4810 417 4858 ut
438 4803 473 4859 sit
495 4819 608 4874 sensus,
630 4818 725 4859 eorum
749 4801 892 4860 curiosita-
980 4801 1038 4874 (30)
1066 4808 1167 4860 Auctor
1193 4798 1279 4881 libelli
1307 4798 1412 4856 contra
1439 4798 1574 4863 lloereses,
1603 4808 1651 4866 qur
1679 4790 1745 4847 burc

93 4879 151 4927 tem
164 4871 249 4929 etism
265 4873 336 4942 plebi
359 4874 520 4932 Christianae
544 4874 667 4930 odiosam
682 4873 778 4943 inisse,
794 4883 824 4929 ut
835 4874 894 4954 jana
946 4872 1105 4930 eub'unctus
1124 4878 1174 4939 est,
1189 4879 1278 4996 capite
1298 4870 1326 4935 7,
1342 4874 1442 4937 narrat,
1461 4874 1668 4952 nsegregatnrn
1684 4877 1746 4920 essa

92 4945 235 4998 communi
254 4944 367 5029 fratrum
396 4951 461 5002 voto
488 4944 674 5016 pellerentur,
698 4961 759 5001 cum
778 4945 812 4999 sb
831 4959 894 5027 epr-
947 4963 965 5004 a
1019 4946 1126 5027 ereinuc
1151 4942 1219 5015 hpel
1233 4957 1289 5015 em,
1314 4946 1459 5016 postquam
1486 4954 1514 4996 ιιι
1535 4951 1648 4996 carnem
1668 4949 1747 5005 suant

91 5014 799 5169 ι.ιιιιιιιιιιιιι
813 5019 896 5156 ιι
947 5016 1288 5172 “illinisti
1369 5156 1375 5168 ,
1725 5147 1733 5162 ,

91 5165 175 5227 atque
202 5157 349 5215 'l'lrotnasio
386 5159 521 5215 revocavi.
546 5157 679 5232 Rigaltius
706 5159 779 5214 enim
801 5157 895 5225 verba,
998 5158 1045 5230 32)
1061 5158 1190 5230 Nspidins
1209 5171 1304 5213 nescio
1327 5171 1399 5229 puts,
1415 5157 1444 5211 et
1463 5156 1657 5225 llennopenes.
1680 5147 1750 5218 Qnts

91 5242 180 5299 geom
192 5231 302 5300 fraires
321 5246 429 5303 quoque
443 5230 572 5287 nitebant
597 5229 759 5303 exemplaris
772 5237 825 5284 vet.
843 5226 897 5283 fide
951 5230 1032 5287 tuerit
1054 5229 1191 5302 Nigidius,
1207 5229 1381 5300 ignoramus;
1403 5224 1528 5284 novimus
1542 5232 1633 5280 autem
1646 5222 1750 5305 sdver-

91 5308 240 5369 posuerat3
257 5301 360 5357 addens
386 5312 486 5372 ιιιιιιιι,
502 5317 532 5356 sc
555 5275 619 5358 llud
642 5317 698 5359 non
712 5300 771 5357 eine
790 5298 895 5380 ratione
951 5318 998 5358 sus
1026 5301 1123 5356 llerrno
1144 5317 1222 5356 enam
1255 5297 1451 5356 Tertullianum
1480 5297 1580 5352 librum
1608 5304 1751 5364 scnpstste

92 5371 243 5495 grestene,
271 5374 348 5445 quod
375 5372 404 5428 in
436 5373 632 5430 recentioribus
665 5372 743 5429 libris
776 5371 897 5445 legitur.
953 5373 999 5446 qui
1015 5376 1111 5429 exstat.
1124 5317 1234 5428 {curm

117 5457 208 5498 om·
990 5444 1049 5516 (33)
1064 5445 1094 5501 Si
1108 5444 1238 5502 sanaim
1265 5442 1399 5517 quomodo
1412 5439 1518 5498 aliter?
1528 5438 1564 5505 li,
1573 5453 1598 5493 a.
1612 5430 1751 5507 quomodo

132 5513 192 5585 (25)
207 5517 301 5574 Semo
315 5520 344 5573 et
364 5518 474 5574 iterum
487 5520 582 5592 ejecti.
597 5515 651 5587 Qui
668 5515 771 5572 scilicet
787 5520 902 5597 accepta
954 5515 1009 5574 alio
1029 5516 1110 5573 modo
1131 5531 1211 5588 quarn
1235 5485 1414 5597 licclesia,da
1436 5513 1495 5568 Deo
1520 5507 1682 5582 praedicant.
1698 5517 1754 5586 (θι-

92 5585 260 5656 poenitentis
274 5586 377 5662 perlida
390 5599 418 5646 et
431 5588 616 5648 inconstanter
629 5593 789 5657 ιιιιιιιιιιις
804 5600 902 5656 quus-
956 5603 1011 5662 que
1028 5586 1133 5646 divinas
1154 5586 1294 5645 ιιιιιιιιιι
1319 5602 1332 5636 s
1355 5585 1446 5643 hlium
1467 5580 1542 5649 iacit,
1572 5590 1653 5649 ιιιιιιι
1675 5575 1755 5633 ιιιιιι
