3840 6134
132 312 201 375 1075
527 314 747 378 retractatam
775 315 910 380 OPERUM
923 315 1009 380 PARS
1029 316 1062 378 11.
1079 347 1115 361 -
1128 314 1242 378 antiss
1263 313 1470 387 1181081111.
1713 307 1781 374 tort

128 438 196 496 adeo
224 437 290 495 satis
321 439 489 498 auctoritatis
515 441 573 500 vira
600 444 636 509 ⁹⁴,
664 452 694 500 ut
722 459 802 516 quem
825 443 927 499 Paulus
941 474 966 556 Α
981 441 1009 498 in
1032 457 1114 500 carne
1137 443 1196 512 ejus
1220 441 1296 516 quod
1317 450 1469 500 emortuum
1493 438 1593 498 delicto
1617 437 1781 504 habebatur,

126 529 203 601 juxta
216 543 247 585 sa
261 530 429 587 constituerit
444 530 471 586 in
483 531 651 589 abstinentie
671 542 765 591 tenore
782 551 788 590 :
805 534 861 591 Aac
876 549 924 606 epo
976 533 1146 603 immundum
1168 531 1296 602 judicari,
1320 547 1372 589 aec
1392 529 1494 602 expiari
1516 531 1571 602 iam
1593 545 1610 586 a
1628 526 1779 586 sacerdote.

128 620 207 676 salas
221 625 249 678 et
263 623 404 679 Barnabas
418 638 475 678 non
491 621 623 680 habemas
635 623 866 698 boe⁹⁵apcrandi
878 641 925 696 pv·
982 619 1022 674 lta
1045 617 1161 676 moechia
1183 617 1217 674 de
1237 618 1351 690 pristino
1379 618 1494 675 recidiva
1516 626 1544 674 et
1561 617 1694 674 unitatem
1720 613 1782 672 nori

131 713 262 767 testatem
282 710 309 780 (1
330 712 391 767 Cor.
412 727 454 777 rx,
471 710 519 783 6)‘.’
539 713 572 768 Et
592 713 684 784 utique
703 713 839 784 receptior
857 711 929 784 apud
983 708 1091 776 coloris,
1115 725 1131 764 a
1159 722 1214 780 quo
1241 708 1329 766 fuerat
1351 709 1469 775 exclusa,
1494 707 1706 776 commaculans,
1727 704 1782 760 im·

129 799 264 856 Ecclesiae
278 799 400 872 Epistola
417 802 546 858 Barnabae
567 800 607 874 (8)
622 802 667 859 illo
697 805 852 876 apocrypha
873 803 929 859 Pa·
983 797 1139 856 mundabile
1153 805 1194 854 est
1208 797 1312 858 vitium.
1328 799 1396 855 ltern
1418 804 1452 855 de
1466 798 1547 854 domo
1563 814 1571 856 ι
1587 798 1618 854 Si
1632 813 1697 871 aare
1715 811 1782 850 ma-

130 897 204 945 store
232 890 402 946 marcharum
431 891 482 963 (8).
511 891 624 947 Monens
652 891 742 965 itaque
769 892 929 965 discipulos,
984 892 1097 948 calceet
1111 886 1781 962 cavositatesannuntiatainparietibatsacer·

132 978 242 1034 omissis
273 979 398 1034 omnihus
429 979 525 1048 initiis,
553 980 585 1034 ad
617 981 809 1053 perfectionem
842 980 932 1058 magis
984 980 1366 1054 datifaissent,priaspvam
1379 978 1559 1038 introirctad
1572 975 1781 1051 inspiciendam

132 1067 327 1133 laudarense
350 1083 445 1125 rursus
469 1067 642 1125 fundamenta
659 1069 824 1144 poeuiteutiae
841 1071 931 1141 jacere
984 1065 1782 1142 caminiciaaserridedomaomnia,itaimmundancn

132 1156 930 1234 aboperibnsmortuorum:impassibilccstcniminquit
985 1159 1781 1234 saturapuadamascssent.Dehincintrcpressrrssccer·

131 1261 179 1304 ecs
189 1249 239 1318 pai
245 1250 330 1306 semel
337 1248 500 1306 illuminati
510 1254 589 1318 sant,
600 1256 628 1309 et
637 1252 743 1309 donam
750 1252 860 1311 eoeleste
869 1269 933 1325 pras·
986 1248 1045 1320 dos,
1059 1249 1085 1305 si
1098 1250 1253 1307 invenisset
1265 1252 1432 1308 cavositates
1445 1248 1630 1306 mridieantes
1642 1247 1689 1304 vet
1702 1244 1782 1301 nabe·

133 1339 281 1402 taverunt,
292 1343 318 1395 et
326 1339 578 1413 participaverant
593 1341 735 1414 Spiritum
750 1346 894 1408 sanctam,
904 1345 933 1399 ct
986 1344 1101 1407 scentes,
1112 1342 1141 1395 et
1150 1340 1314 1412 adnectam
1328 1353 1429 1396 earam
1444 1338 1627 1397 hamilcarem
1641 1336 1720 1393 citra
1730 1348 1782 1407 pa·

131 1423 247 1481 verbam
261 1427 311 1483 Dei
324 1426 406 1485 dalea
420 1432 619 1499 partaverunt,
636 1431 784 1490 occidente
800 1433 865 1502 jam
879 1445 936 1488 aaa
988 1427 1124 1484 victimam
1137 1431 1276 1500 smmum,-
1290 1430 1380 1485 eciret
1393 1428 1430 1484 ed
1438 1429 1564 1500 jannem
1579 1431 1609 1483 et
1624 1428 1781 1484 serenaret

132 1527 198 1570 cam
212 1515 381 1585 ceciderint,
396 1533 494 1575 rarsas
510 1522 635 1577 revocari
647 1521 713 1577 ⁹⁶in
726 1522 934 1594 paenitentiam,
988 1515 1102 1574 mnam
1120 1515 1202 1574 illam
1220 1520 1327 1590 septem
1345 1516 1449 1573 diebus.
1471 1517 1585 1583 Dehinc,
1601 1516 1649 1573 die
1662 1517 1782 1587 septima

132 1603 281 1675 refipentes
295 1608 373 1663 cruci
385 1609 418 1664 in
431 1610 593 1680 semetipsos
609 1610 715 1666 Filiam
724 1611 775 1668 Dei
784 1614 814 1667 et
825 1609 937 1669 dedero·
989 1607 1172 1678 repressisse
1180 1606 1428 1664 animadvertisset
1437 1607 1578 1677 diffusam
1586 1603 1782 1678 imperialibus

132 1698 241 1752 rantes.
257 1696 338 1753 Terra
347 1698 423 1751 enim
434 1713 497 1769 pare
507 1696 575 1753 bibit
586 1700 690 1773 sepias
699 1699 931 1758 devenientemin
990 1695 1709 1770 mamertum,imperareteatrchieaslapidaat'n
1718 1692 1782 1766 lui'

133 1797 163 1840 se
177 1781 333 1850 hamorem,
349 1788 378 1841 et
391 1787 504 1857 peperit
518 1787 631 1843 berham
645 1791 743 1861 aptam
758 1788 802 1845 his
815 1793 930 1864 propter
946 1759 969 1838 Β
984 1782 1035 1841 bns
1047 1786 1125 1858 lepra
1135 1786 1249 1858 suisset,
1260 1786 1382 1858 etabjici
1397 1789 1481 1843 entra
1492 1787 1639 1843 civitatem
1648 1785 1681 1841 in
1692 1785 1781 1842 locam

133 1886 202 1945 qaas
211 1873 361 1941 etcalitvr,
370 1874 593 1933 benedictionem
601 1878 652 1935 Dei
661 1880 932 1954 consequitarrpro·
986 1874 1180 1943 immundum,
1190 1879 1218 1931 tt
1227 1875 1304 1931 tami
1316 1876 1387 1933 alios
1399 1874 1505 1948 lapides
1515 1875 1618 1947 politos
1631 1872 1778 1937 sicelides,

133 1963 337 2033 ferensantem
350 1965 581 2038 spinas‚reproba
593 1968 932 2044 etmalcdictioniprcai-
988 1968 1017 2020 ct
1036 1964 1134 2037 reponi
1151 1965 1208 2022 laea
1226 1965 1426 2036 pristinorum·
1442 1966 1470 2022 el
1485 1965 1601 2035 titivm
1620 1962 1680 2020 “1¹⁸0
1697 1962 1783 2019 1111131

134 2062 191 2114 ma,
203 2052 286 2123 mjas
297 2053 363 2123 finis
377 2054 601 2112 incartationem
615 2055 706 2127 (hebr.
722 2072 763 2124 vs,
779 2059 806 2127 1,
822 2057 861 2130 8).
875 2058 934 2115 Ηοο
988 2054 1102 2111 demam
1115 2055 1211 2124 (Lavit.
1227 2067 1288 2124 mu,
1304 2052 1413 2122 31-11).
1428 2051 1542 2123 Oportet
1556 2051 1631 2106 enim
1645 2066 1710 2108 cunr
1725 2065 1782 2122 per·

135 2136 183 2210 qui
195 2138 228 2193 eh
238 2141 367 2209 apostolis
376 2140 474 2197 didicit
488 2151 514 2199 at
528 2159 590 2199 cum
604 2145 736 2216 apostulis
749 2145 850 2217 docuit,
861 2162 933 2203 uuu-
988 2144 1098 2198 venitur
1116 2144 1150 2199 ad
1169 2156 1303 2198 summum
1331 2141 1500 2198 sacerdotem
1528 2140 1617 2196 Patris
1636 2140 1781 2204 Christum,

135 2241 217 2298 qnam
233 2230 341 2285 moecho
355 2238 382 2286 ct
396 2229 554 2287 fornicatori
566 2232 624 2303 (10)
639 2231 787 2288 secundam
800 2233 936 2304 poeniten·
989 2231 1022 2287 de
1045 2233 1126 2288 domo
1154 2230 1271 2287 hominis
1297 2230 1383 2286 nostri
1408 2230 1436 2284 in
1459 2238 1580 2302 tempore
1608 2228 1784 2286 hebdomadis

135 2313 200 2369 tiam
223 2319 385 2386 promissam
408 2319 443 2373 ab
467 2318 597 2389 apostolis
621 2327 711 2389 narat3
737 2321 839 2393 optima
862 2322 935 2379 enim
989 2319 1088 2376 auferri
1103 2320 1191 2376 omnia
1210 2319 1399 2390 impedimenta
1417 2319 1504 2391 prius,
1517 2325 1547 2375 ut
1561 2318 1664 2374 munda
1679 2320 1715 2374 sit
1728 2332 1784 2390 que

135 2403 225 2474 legem
249 2404 486 2476 interpretabatur,
504 2413 531 2461 et
544 2405 647 2480 figuras
670 2410 731 2480 ejus
751 2412 807 2480 jam
828 2411 856 2466 in
875 2411 936 2483 ipsa
990 2415 1112 2465 remanet
1125 2409 1233 2474 domus,
1243 2423 1305 2466 caro
1320 2415 1347 2464 et
1360 2407 1463 2474 animm
1478 2417 1505 2464 et
1520 2408 1567 2464 ubi
1580 2407 1719 2464 introierit
1730 2421 1785 2464 eant

135 2492 249 2550 veritate
268 2494 403 2550 seruabat.
425 2495 469 2550 hd
492 2495 561 2553 hanc
581 2496 699 2571 denique
717 2499 835 2572 speciem
854 2499 937 2558 disci·
991 2512 1079 2555 sermo
1099 2497 1159 2564 Dei,
1174 2504 1201 2554 at
1221 2497 1351 2554 invenerit
1374 2496 1492 2554 maculas
1512 2496 1622 2553 ruboris
1636 2503 1665 2552 et
1679 2496 1784 2566 viroris,

136 2581 218 2653 plima
237 2585 270 2639 de
287 2583 396 2655 leproso
419 2590 527 2640 cautum
547 2583 598 2642 suit
617 2603 625 2640 ε
646 2587 676 2645 Si
695 2593 792 2646 actem
812 2591 937 2650 varietas
990 2585 1093 2644 extrahi
1115 2586 1256 2657 eastimet
1275 2585 1356 2657 abiici
1378 2585 1452 2642 faras
1471 2601 1567 2642 sensus
1586 2585 1785 2643 mortiferoset

137 2673 300 2744 effloruerit
310 2675 493 2740 incatenat
503 2677 697 2736 tctamcutem
707 2680 937 2756 teceritacapite
991 2685 1133 2744 cruentos3
1149 2691 1211 2731 nam
1225 2683 1253 2731 et
1265 2674 1447 2755 ,apocalypsis
1465 2673 1545 2731 viridi
1567 2688 1641 2747 equo
1661 2680 1783 2744 mortem,

137 2777 231 2835 aspar
248 2763 284 2821 ad
298 2763 381 2838 pedes
390 2780 441 2838 per
451 2779 563 2821 amnem
573 2772 761 2839 conspectam,
772 2773 801 2827 et
809 2769 938 2828 sacerdvs
991 2781 1087 2823 russeo
1111 2772 1200 2820 autem
1223 2752 1404 2835 prael‘iatorem
1427 2761 1557 2834 imposuit
1580 2763 1681 2836 (Apes.
1703 2779 1742 2833 vr,
1757 2764 1782 2826 i,

137 2866 203 2906 cam
216 2851 331 2916 viderit,
342 2852 507 2910 emundabit
521 2870 594 2925 eam,
604 2857 738 2928 qnoniam
751 2860 893 2917 eoncmtit
905 2859 938 2916 in
992 2855 1036 2927 8),
1051 2868 1153 2925 proque
1176 2851 1229 2908 illis
1250 2852 1351 2924 politos
1366 2859 1392 2906 et
1405 2850 1433 2905 iu
1452 2851 1641 2926 compaginem
1664 2860 1743 2922 aptos
1760 2858 1784 2906 st

138 2939 432 3012 albam,mandnsest.
444 2943 503 3012 Qua
515 2944 714 3002 vercdievisas
724 2949 813 3018 faerit
822 2949 854 3004 in
864 2949 938 3020 ejas·
992 2942 1085 2999 firmos
1099 2940 1230 2998 substruit
1244 2939 1358 3011 lapides,
1369 2940 1465 3013 quales
1476 2939 1503 2994 in
1514 2938 1633 2995 hbmhae
1643 2939 1715 2998 liunt
1724 2941 1780 3013 (11),

138 3029 215 3086 evadi
224 3031 300 3087 colar
309 3032 398 3093 mans.
410 3032 580 3103 inquinatas
591 3037 633 3089 est
642 3033 740 3104 (Lavit.
751 3049 812 3100 xm,
824 3038 868 3106 la,
877 3035 933 3109 13).
951 3045 973 3125 g
987 3040 1017 3090 ut
1026 3032 1153 3090 itahomo
1163 3029 1262 3086 habilis
1276 3031 1334 3086 Deo
1344 3026 1388 3085 sil.
1401 3029 1478 3100 Quod
1487 3031 1584 3102 sipost
1592 3034 1782 3104 recuperatis

138 3115 304 3175 Conversum
318 3120 390 3175 euim
403 3119 543 3176 hominem
561 3119 673 3178 ¹022
688 3121 722 3178 de
737 3122 861 3194 pristimo
875 3139 936 3180 ear-
990 3138 1056 3179 nem
1066 3128 1094 3180 et
1104 3121 1339 3193 reformationem
1355 3121 1412 3188 (12)
1424 3114 1536 3175 1098
1545 3136 1646 3177 rvrsas
1657 3120 1782 3178 sacerdvs

140 3206 183 3262 nis
196 3207 290 3266 habitu
305 3209 333 3265 in
347 3208 493 3266 candorem
508 3207 580 3277 fidei,
596 3226 657 3282 quae
671 3210 768 3268 vitium
786 3219 814 3267 et
831 3211 936 3270 macula
990 3210 1227 3268 animadverterit
1237 3207 1782 3281 incrrderrtriamadepristiniscanssis⁹¹

140 3297 338 3356 aestimatoria
363 3298 471 3365 saeculo,
494 3305 521 3355 et
544 3305 629 3354 tatum
654 3306 782 3357 nouatum
805 3301 937 3358 mundum
990 3296 1783 3374 aliquidetmacnlis(¹3),immandanreampronrrntia·

140 3386 225 3444 voluit
250 3388 374 3462 intelligi,
396 3387 442 3460 qui
470 3388 527 3457 ianr
557 3388 667 3445 nonsit
692 3389 793 3461 varius,
817 3403 872 3446 non
900 3391 936 3447 sit
990 3385 1782 3461 vit,etjassitdepanimateriaslapidesetamnenrstruc·

140 3475 176 3531 dc
190 3476 306 3549 pristino
321 3485 347 3535 et
368 3492 440 3535 noro
455 3492 593 3550 aspersus.
607 3476 635 3534 si
649 3493 712 3534 vero
727 3487 790 3548 post
808 3477 934 3535 abolitio·
990 3474 1781 3549 taramejas,etobjiclinloeamimmandnmlbeuitarr,

140 3578 204 3621 nem
218 3564 245 3620 in
262 3572 424 3623 vetustatem
443 3564 545 3637 aliquid
560 3581 592 3620 ex
606 3564 653 3622 illa
672 3564 809 3631 revixerit,
825 3583 933 3624 rursum
988 3568 1092 3634 13-13).
1108 3566 1160 3621 liic
1175 3566 1226 3621 erit
1249 3564 1332 3621 homo
1352 3577 1415 3621 caro
1438 3570 1520 3638 atque
1544 3563 1645 3631 aalma,
1661 3566 1710 3639 qui
1729 3556 1783 3638 poa*

823 3663 921 3727 Variae
941 3667 1095 3729 lectiones.

182 3741 208 3781 ⁹⁴
221 3739 382 3798 auctoritati
396 3740 445 3800 siri
460 3745 546 3800 Fran.
560 3743 586 3783 ⁹⁵
600 3742 657 3799 Hoc
674 3741 750 3800 abest
765 3743 831 3800 Par.
843 3744 869 3782 ⁹⁶
887 3744 1020 3802 henovari
1034 3747 1094 3802 Lat.
1105 3742 1130 3783 ⁰²
1151 3741 1229 3800 arvis
1242 3743 1304 3801 bot.

843 3838 1091 3907 Commentarius.

178 3942 216 4016 (8)
231 3947 266 4002 Et
289 3946 386 4020 atique
410 3947 548 4020 receptior
565 3947 642 4072 apud
662 3946 797 4006 Ecclesiae
811 3949 939 4020 Epistola
993 3948 1131 4005 iteratione
1145 3947 1270 4022 baptismi
1285 3947 1447 4021 intelligunt,
1461 3955 1489 4005 et
1503 3947 1664 4005 nominatim
1678 3946 1709 4005 E.
1725 3947 1781 4004 An

143 4014 290 4073 Bernaba.
314 4017 378 4073 llaec
400 4017 557 4073 Tertulliani

143 4087 277 4144 sententia
289 4088 406 4145 refertur
415 4089 449 4143 ab
458 4088 634 4162 Hieronymo,
649 4090 739 4147 Catal.
749 4089 810 4147 Scri
830 4094 852 4149 t.
864 4093 938 4150 acet.
994 4091 1163 4162 Epiphanius
1176 4091 1288 4164 (haeres.
1303 4092 1359 4163 59).
1376 4089 1437 4161 Quo
1451 4089 1533 4147 etiam
1542 4092 1780 4162 seceditcbrysos·

142 4157 170 4213 in
185 4159 277 4214 Paulo.
292 4160 354 4229 lpse
372 4167 460 4216 autem
485 4159 705 4232 hieronymusin
718 4107 848 4230 Barnai’a,
863 4162 935 4218 scri·
988 4169 1089 4231 tomus,
1105 4178 1165 4218 cum
1189 4161 1248 4218 aliis
1264 4163 1367 4219 Grecis
1385 4162 1445 4232 eiua
1465 4161 1583 4228 assecha,
1599 4163 1668 4218 darn
1692 4162 1779 4244 aedan

142 4237 215 4299 ptam
234 4229 318 4286 luisse
328 4230 399 4300 ¹trita
419 4232 542 4287 Bernaba
561 4231 709 4302 Epistulam
728 4248 788 4304 quae
802 4232 836 4288 ad
850 4232 937 4289 aedtfi·
989 4233 1072 4290 mado
1085 4233 1277 4302 interpretatur
1290 4233 1355 4289 illud
1369 4233 1452 4289 Habr.
1466 4249 1503 4290 x:
1514 4236 1780 4307 Postquamaccepr·

142 4300 277 4357 ortionem
289 4302 418 4359 Ecclesiae
431 4301 584 4374 pertineret,
600 4318 693 4359 verum
707 4301 776 4359 inter
790 4305 937 4375 scripturas
990 4304 1779 4386 masveritatisaperitionem,nonrelinqaitnrhcstr'apro

142 4372 1779 4505 13111818181181131111181311311181118·’13311181383.11138111

141 4513 238 4568 citatur
265 4464 445 4572 αοςθῖἔηῗὲἷω
473 4516 562 4596 Alea,
591 4461 679 4596 siaa
697 4460 824 4596 g(lrigenc
852 4515 900 4571 lib.
927 4533 938 4573 ι
991 4517 1069 4586 vcri‚·
1096 4463 1583 4600 etae'gorsaefflsv'gceas,uparrstinar
1610 4518 1777 4600 nnmerum,

142 4587 243 4640 contra
272 4585 401 4655 celsam,
429 4587 562 4642 camollae
588 4585 695 4641 drutur.
729 4586 853 4642 Vidimus
878 4602 938 4644 eam
992 4602 1059 4660 quas
1072 4604 1204 4659 usurpare
1218 4590 1306 4645 soleat
1320 4599 1427 4646 amares
1441 4589 1476 4645 de
1492 4590 1641 4660 baptraatrs.
1658 4591 1730 4646 Pars.

141 4654 310 4723 Graece,lere
325 4658 469 4730 integram,
480 4672 566 4728 penes
579 4655 764 4711 doctissimum
778 4658 864 4714 virum
880 4658 937 4716 iac.
1030 4661 1088 4732 (11)
1099 4662 1197 4729 Quales
1205 4663 1237 4719 in
1247 4660 1364 4717 Abrahae
1373 4661 1459 4730 fiant.
1470 4664 1523 4716 Aut
1532 4668 1625 4716 mente
1634 4659 1779 4732 concipicu-

141 4724 323 4790 Sirmundum‚
339 4743 399 4784 cum
416 4729 509 4783 Latina
528 4742 637 4798 quoquc
651 4727 873 4798 interpretatione
887 4746 937 4785 an·
991 4731 1065 4796 dum,
1083 4738 1129 4786 aut
1149 4732 1329 4803 supplendum
1351 4731 1481 4801 scriptura
1500 4732 1662 4789 vocabulum
1684 4733 1778 4804 filias:

142 4796 225 4868 aqua.
239 4797 312 4853 -Tota
330 4807 419 4855 autem
439 4805 544 4854 coastat
571 4798 736 4879 argumentis
756 4798 851 4855 iisdem
875 4800 936 4870 qui·
991 4801 1086 4857 alludit
1104 4801 1177 4857 euim
1196 4802 1231 4857 ad
1248 4801 1315 4858 illud
1331 4819 1338 4856 :
1357 4802 1439 4858 Posse
1453 4805 1540 4860 Deam
1553 4803 1586 4859 da
1606 4802 1778 4876 lapidantis

141 4868 193 4922 bus
207 4867 290 4924 utitur
312 4868 457 4940 Septimius
480 4879 571 4924 noster
595 4869 643 4923 hb.
666 4870 798 4927 adversas
816 4871 936 4940 iudces,
991 4875 1126 4930 suscitare
1137 4873 1210 4943 filias
1220 4873 1338 4930 Abrahae
1351 4871 1462 4946 (hatra.
1477 4889 1519 4940 ιιι,
1534 4875 1572 4944 3).
1585 4874 1651 4931 lita.

140 4945 167 4993 et
180 4939 228 4995 lib.
242 4940 374 4997 adversas
390 4941 555 4999 Marcionem
568 4939 659 4997 tertio.
673 4941 735 4996 lire.
752 4969 785 4984 —
800 4942 876 4998 Hanc
889 4958 938 4999 au·
1027 4944 1084 5013 (13)
1093 4946 1781 5018 Postrecnperationcmetresorrrratianem.1taqus

142 5019 198 5063 rem
211 5011 352 5079 epistolam
365 5011 501 5069 detexerat
515 5020 608 5068 noster
623 5011 701 5085 Hugo
716 5013 859 5070 hisnardus
867 5013 936 5069 inter
989 5018 1231 5088 recuperationem
1242 5015 1361 5071 hicdicit
1372 5017 1576 5084 procuratione
1586 5018 1780 5080 etsanata'asc,

140 5094 207 5135 mss.
228 5080 335 5138 codices
355 5083 510 5140 monasterii
531 5081 712 5151 corbeiensis,
728 5083 883 5157 primusque
901 5085 935 5140 il-
990 5093 1018 5141 ut
1032 5102 1114 5160 supra
1126 5088 1343 5144 immunditiam
1357 5086 1426 5143 dixit
1443 5088 1706 5160 irrecuperabilem.
1725 5088 1779 5145 ars.

140 5149 193 5205 lam
209 5151 308 5222 publici
319 5154 389 5224 juris
403 5154 477 5213 tecit.
492 5157 562 5211 Ean.
1025 5156 1083 5229 (13)
1099 5161 1136 5215 De
1149 5159 1282 5233 pristinis
1293 5160 1401 5216 caussis
1412 5157 1520 5230 aliquid
1533 5163 1561 5216 ei
1574 5163 1713 5218 maculas.
1722 5156 1782 5215 tari

176 5223 214 5292 (9)
234 5226 285 5282 llio
303 5227 459 5300 apocrypho
477 5227 594 5285 Pastore
611 5224 793 5283 macheram.
816 5224 936 5283 iloechos
989 5227 1050 5283 nius
1072 5229 1242 5286 scribendum
1267 5229 1372 5286 monuit
1394 5232 1480 5287 aava.
1503 5229 1564 5285 Non
1589 5233 1704 5298 masere,
1729 5244 1781 5286 nan

138 5294 256 5418 (nippellat
274 5295 428 5368 Psychicos,
443 5296 490 5368 qui
504 5297 630 5354 Posteris
650 5296 748 5351 librum
768 5305 934 5367 receperant,
989 5314 1071 5381 supra
1086 5300 1200 5382 legimus
1211 5301 1383 5426 mccviashet
1396 5301 1684 5429 cavosgtalttmgevisum
1701 5311 1782 5430 lazaru

158 5380 399 5512 edlgfl'iilverrgnam
416 5438 520 5495 moecha
534 5442 563 5520 et
581 5437 759 5518 fornicatori,
774 5445 826 5519 stc.
846 5434 933 5504 Quem
986 5378 1100 5511 (11111111θέ1
1120 5389 1242 5500 actam}
1256 5387 1535 5524 {flilugcsivgriiligag
1557 5381 1672 5501 Sicptgn
1675 5389 1782 5519 :1⁸qu

137 5506 242 5564 ductor
263 5524 404 5581 perperam
427 5508 463 5566 da
485 5515 643 5580 poenrteatra
661 5507 778 5564 secunda
801 5514 933 5581 ruterprc-
988 5513 1091 5571 dixerat
1116 5530 1234 5584 causam,
1263 5515 1379 5585 explicat
1405 5515 1560 5580 schismata,
1586 5461 1783 5578 amulium,

140 5583 210 5634 tatur
228 5579 318 5637 locum
334 5583 392 5652 jam
409 5579 521 5640 citatum
539 5578 630 5653 (debr.
646 5577 699 5652 rr),
714 5578 759 5638 alii
776 5588 879 5642 ueteres
897 5581 932 5640 de
987 5585 1179 5655 dissensiones,
1194 5585 1430 5660 presumptianas,
1445 5593 1497 5645 etc.
1518 5586 1584 5645 Era.

596 4033 611 4073 e
630 4017 748 4088 Epistola
761 4016 797 4076 ad
810 4019 939 4076 liebraeos
992 4019 1108 4087 brasias,
1125 4019 1172 4076 lib.
1197 4020 1230 4078 de
1246 4020 1361 4088 Paenit,
1377 4034 1436 4090 cap.
1463 4022 1490 4088 3,
1507 4027 1533 4076 et
1551 4019 1580 4076 in
1601 4028 1779 4090 commeat..;
