3840 6134
133 306 198 367 llll
556 300 723 363 auuuublx
742 301 775 360 V·
795 331 830 344 -
849 302 881 361 D.
901 300 1089 363 constitutit
1107 300 1227 363 tudun
1247 300 1368 362 louet.
1711 305 1780 366 l‘lll

128 433 290 491 liberaretur
311 447 327 486 a
350 430 444 488 diluvii
458 429 592 495 vastitate,
617 429 713 501 procul
737 428 821 484 dubio
845 436 886 485 est
900 424 930 481 ii-
946 443 1055 531 nsura,
1071 429 1167 487 lubens
1180 428 1368 502 praetermitto,
1383 429 1496 488 nimium
1516 432 1638 507 vulgata,
1654 434 1779 492 stantius

130 537 198 593 gnra
213 518 415 592 peregrinantis
435 519 463 574 in
488 521 540 576 hoe
559 518 659 576 seculo
673 517 788 575 civitatis
801 517 864 584 Dei,
878 517 930 573 boc
983 516 1190 591 lermelosephi
1213 519 1305 588 hujus,
1328 527 1456 590 quantum
1478 521 1586 594 quidem
1608 531 1721 594 constat,
1740 533 1777 581 te·

130 617 181 676 est,
198 609 348 677 accursus,
368 624 428 679 quae
444 608 473 665 irt
487 609 558 665 salva
572 624 620 679 per
634 622 751 673 nteuuu,
766 608 794 664 in
809 621 863 679 quo
877 623 928 678 pe·
983 605 1110 662 stimonio
1124 606 1198 665 nixa.

131 698 226 773 pendit
247 697 380 755 mediator
396 697 446 755 Dei
464 705 492 753 et
508 697 658 754 hominum.
683 698 769 754 Homo
791 698 929 754 Cuntsrns
1018 693 1122 751 Interea
1136 706 1224 752 tamen
1238 705 1341 754 certum
1355 709 1406 768 ost,
1433 700 1502 756 banc
1526 699 1560 756 de
1582 700 1678 755 mnndi
1692 700 1779 756 inter-

131 790 226 847 Jnsus.
257 808 270 839 a
304 787 372 844 Vide
399 787 525 843 eumdem
557 802 638 857 porro
671 794 727 842 tom
759 786 837 855 hoc,
871 792 928 844 tum
982 781 1020 837 itu
1040 784 1120 858 igneo
1140 785 1310 856 opinionem,
1334 788 1488 844 universam
1511 804 1596 860 prope
1622 790 1776 864 Antiquita-

131 893 188 951 seq.
204 893 229 936 o.
246 878 290 933 li.
307 874 525 948 ltemianpos.
543 878 647 948 uonna.
664 876 691 932 S.
707 879 788 934 loon.
805 880 884 930 tract.
900 878 927 943 6,
983 879 1038 927 tem
1067 876 1237 944 pervasisse,
1263 891 1296 933 ac
1323 879 1357 933 ab
1386 876 1451 949 ipsis
1479 893 1588 950 qnoque
1616 879 1779 950 gentilibus,

137 968 189 1036 QQ.
204 969 308 1038 Euonp.
319 964 339 1019 l.
351 980 381 1034 ιι,
393 982 420 1038 q.
432 962 477 1032 tt,
487 963 536 1020 lib.
549 966 586 1020 De
596 965 732 1021 coteelria.
744 963 835 1019 radio.
847 977 870 1020 c.
885 964 929 1030 to,
984 961 1100 1029 Zenone,
1122 964 1287 1037 Pythagora,
1312 967 1457 1037 Heraclito,
1473 968 1617 1039 Sophocle,
1634 979 1699 1039 etc,
1715 985 1779 1041 pro·

131 1055 249 1112 maxime
264 1063 352 1111 autem
367 1054 415 1109 lib.
431 1069 472 1110 ιιι
487 1055 707 1119 contrabant,
721 1067 745 1107 c.
759 1051 790 1105 lt
803 1058 830 1106 et
840 1065 928 1121 seqq,
983 1058 1108 1123 pagatam
1124 1052 1216 1110 luisse.

131 1143 177 1201 nbi
205 1142 393 1214 copiosissime
419 1143 530 1207 Arcam,
560 1156 610 1198 ccn
638 1140 754 1215 liguram
781 1139 926 1205 Ecclesiae,
1020 1140 1073 1196 Sed
1094 1141 1156 1198 ride
1177 1144 1247 1201 hanc
1270 1159 1327 1199 rem
1351 1145 1481 1220 grauibus
1494 1146 1523 1202 S.
1539 1146 1637 1220 Script.
1654 1132 1808 1204 testimo?

130 1233 252 1304 exponit.
268 1233 306 1288 De
322 1232 417 1288 eodem
431 1246 541 1305 quoquc
556 1238 714 1303 argumento
737 1229 793 1302 legi
815 1235 931 1301 possunt
984 1226 1036 1283 niis
1051 1228 1140 1285 nixam
1155 1249 1162 1286 ι
1178 1230 1323 1302 exquibus
1345 1231 1387 1289 uel
1411 1248 1504 1300 unum,
1528 1235 1632 1290 eaeteris
1655 1234 1780 1291 luculen-

129 1320 159 1378 S.
171 1322 288 1395 Gregor.
299 1322 335 1377 tt.
348 1323 462 1379 tremiti
473 1323 504 1377 in
516 1315 891 1391 Eaeelt.,llupertuslnit.,l.
901 1332 929 1371 xv
984 1316 1048 1381 tius,
1063 1331 1097 1372 ex
1111 1318 1135 1374 ll
1149 1319 1221 1375 Patr.
1237 1335 1278 1387 111,
1295 1322 1321 1388 5,
1334 1319 1443 1392 protero
1455 1337 1468 1374 s
1480 1320 1547 1377 Caeli
1561 1325 1645 1379 crunt
1657 1324 1740 1395 prior
1754 1325 1781 1378 el

129 1418 278 1470 comment.
293 1412 326 1468 in
342 1412 481 1482 Genes.,c.
496 1411 528 1466 tt
547 1419 573 1467 et
587 1427 676 1483 seqq,
686 1407 816 1480 multique
827 1407 929 1479 passim
985 1406 1071 1470 terra,
1081 1405 1243 1479 despumet
1251 1424 1414 1481 perennem
1424 1409 1559 1465 insistens
1569 1412 1619 1466 Dei
1627 1413 1782 1486 uerbo:per

130 1500 185 1556 atii,
985 1510 1046 1564 pure
1061 1493 1110 1552 ille
1125 1496 1327 1554 tnncmnndcs
1341 1514 1416 1570 apua
1429 1499 1589 1556 inundatus
1601 1501 1700 1571 periit.
1716 1501 1782 1556 doeli

165 1590 286 1648 Diluvio.
306 1589 452 1645 llendosns
464 1588 479 1643 J
483 1588 545 1644 nnio
563 1586 672 1644 videtur
686 1586 729 1642 bic
742 1586 830 1655 locus,
847 1599 927 1656 quem
984 1587 1091 1648 nutem,
1102 1585 1149 1657 qni
1159 1601 1236 1641 ncne
1245 1591 1324 1651 sent,
1337 1590 1365 1643 et
1377 1592 1463 1655 terro,
1476 1588 1570 1645 eodem
1579 1588 1659 1645 cerlo
1668 1590 1782 1660 repositi

129 1677 208 1748 proin
222 1679 261 1734 ita
275 1677 469 1733 restituendum
488 1676 575 1733 eredit
590 1693 597 1730 :
615 1695 628 1728 e
645 1675 673 1730 Si
686 1685 713 1732 et
728 1675 844 1730 mundus
868 1690 928 1730 rur·
984 1674 1061 1736 sant,
1078 1670 1139 1742 ipni
1153 1675 1289 1729 reseruati
1304 1675 1335 1728 in
1349 1675 1424 1731 diem
1436 1675 1552 1747 judieii,
1569 1682 1597 1733 el
1611 1677 1782 1749 perditionis

131 1781 178 1821 sus
191 1765 314 1837 deliquit,
328 1780 383 1837 quo
399 1765 468 1821 maie
482 1772 654 1835 comparatur
675 1764 835 1835 baptismus,
855 1761 929 1817 dilu-
947 1772 971 1853 Β
986 1761 1139 1832 impiorum
1154 1760 1313 1819 bominum.
1328 1762 1361 1817 Et
1375 1773 1537 1835 postpauca
1553 1782 1560 1819 ι
1576 1766 1710 1824 Adveniet
1726 1783 1782 1823 on-

131 1853 177 1911 vio
191 1851 302 1910 1169
314 1854 405 1927 itaque
419 1853 490 1926 ignis
505 1853 667 1924 destinatur,
680 1871 692 1904 ι
705 1861 757 1908 etc.
768 1854 803 1909 Ut
813 1852 930 1924 proinde
987 1854 1045 1906 tem
1059 1850 1117 1908 dies
1127 1852 1241 1908 Domini
1248 1856 1282 1909 nt
1290 1854 1357 1923 sum·
1372 1854 1403 1909 in
1417 1871 1469 1927 qao
1484 1854 1546 1911 coeli
1560 1871 1663 1926 mopno
1674 1857 1784 1928 impetn

129 1943 202 1997 hunc
230 1958 342 1998 sensum
369 1941 432 1998 hnic
464 1941 523 1997 loco
552 1941 680 1998 attribuat
709 1958 716 1996 :
752 1961 765 1992 ι
794 1939 873 2010 Quod
905 1942 929 1997 si
987 1941 1784 2014 transient,elementaueroeoloresolventor,terruan-

128 2029 248 2088 mundus
275 2038 338 2101 post
365 2031 484 2086 oblatam
506 2028 567 2095 Dei,
597 2029 763 2102 singularem
791 2028 930 2100 baptismo
987 2029 1056 2100 leon,
1081 2033 1107 2086 el
1131 2045 1192 2103 qnae
1215 2031 1247 2086 in
1271 2031 1334 2104 ipso
1358 2047 1444 2104 opero
1462 2037 1634 2097 exurentur.
1649 2032 1782 2090 Eruditis-

128 2118 256 2194 gratiam,
278 2119 306 2174 in
332 2130 443 2190 peccata
459 2118 552 2185 lertnr,
570 2129 649 2190 atque
673 2119 700 2175 in
724 2134 756 2176 ea
779 2119 835 2175 ruit
858 2126 931 2174 totns
985 2116 1071 2173 simus
1098 2117 1148 2174 hac
1175 2118 1202 2174 in
1231 2119 1342 2176 materia
1371 2129 1415 2177 est
1441 2121 1621 2180 reverendiss.
1649 2122 1785 2179 Calmetus

129 2223 272 2282 praeceps;
289 2221 343 2278 qno
360 2206 433 2263 iacto
447 2207 475 2263 in
490 2207 656 2279 baptismum
674 2213 716 2263 est
733 2206 931 2281 iniquissimus,
985 2215 1077 2262 noster
1109 2208 1137 2263 in
1175 2207 1377 2280 Prolcgomenis
1414 2209 1472 2268 suis
1506 2213 1622 2268 Disserl.
1658 2211 1692 2270 de
1727 2213 1784 2282 fine

130 2303 159 2353 et
172 2295 323 2367 baptismus
349 2295 418 2350 male
439 2303 484 2367 ¹est
506 2303 676 2365 comparatus
694 2311 700 2351 :
716 2295 818 2366 itaque,
835 2295 861 2350 id
878 2303 930 2362 est,
984 2297 1096 2363 mnndi,
1112 2302 1165 2352 etc.

129 2394 274 2460 propterea
289 2385 394 2442 diluuio
405 2386 478 2457 ipnis
492 2383 642 2439 destinatur
659 2384 785 2454 mundus,
796 2393 931 2456 utquom-
1020 2386 1184 2442 liestonrnt.
1207 2385 1253 2441 Sic
1275 2384 1347 2442 enirn
1362 2390 1418 2444 erit
1430 2388 1461 2446 in
1475 2389 1717 2446 consummatione
1731 2408 1783 2447 ste-

130 2474 278 2531 admodum
292 2473 355 2529 oiim
369 2473 447 2542 aquis
461 2470 661 2527 exundantibus
684 2471 777 2542 periit,
793 2471 833 2529 sic
847 2472 929 2529 etiam
984 2474 1056 2530 cali.
1067 2474 1158 2530 lliltel
1170 2475 1261 2531 Filias
1272 2475 1395 2533 bominis
1405 2478 1519 2551 ampelos
1529 2494 1602 2546 snos,
1614 2482 1643 2534 et
1652 2479 1784 2550 collipent

131 2562 195 2621 olim
210 2563 268 2637 igni
281 2561 374 2634 judicii
387 2561 479 2618 Divini
494 2569 705 2617 consummetur.
719 2546 750 2611 ι’
984 2561 1017 2617 de
1032 2577 1117 2634 repno
1132 2563 1229 2621 oranio
1244 2565 1389 2630 seandala,
1400 2569 1429 2620 et
1438 2581 1481 2623 eoa
1491 2568 1542 2638 qni
1550 2566 1665 2638 sociam
1679 2568 1783 2640 iniqni-

167 2652 204 2708 tt
227 2668 279 2727 ego
302 2651 411 2724 quidem
434 2649 525 2705 malim
549 2649 665 2705 retinere
685 2657 806 2722 textum,
828 2652 929 2708 obseu-
985 2653 1782 2725 tatem:etmltlenteosineominumipnis.blatth.xur,

131 2742 279 2798 riusculum
302 2740 421 2812 quidem,
447 2748 473 2794 at
495 2737 540 2810 qui
563 2738 616 2794 hoo
639 2754 731 2808 seusu,
752 2739 818 2794 satis
837 2739 930 2812 ntique
986 2740 1020 2795 to
1034 2748 1060 2794 et
1075 2755 1134 2810 seq.

131 2831 285 2901 commodo,
298 2829 412 2903 intelligi
427 2837 536 2900 potest:
552 2829 605 2886 Sed
619 2829 744 2885 mundns
756 2828 932 2885 nihilominus
1022 2829 1124 2885 Debent
1138 2829 1239 2900 accipi.
1252 2828 1307 2884 lllae
1321 2827 1388 2900 ipsae
1402 2826 1528 2885 nimirum
1543 2827 1639 2901 figurae
1656 2828 1780 2902 baptismi

131 2937 231 2978 rorans
246 2920 373 2993 deliquit,
395 2918 423 2973 in
443 2925 552 2990 peccata
572 2915 684 2987 pristina
707 2917 840 2975 recidivus
862 2920 930 2987 (ma-
988 2918 1072 2973 nostri
1087 2917 1226 2988 (nimirum
1243 2925 1270 2975 ot
1282 2933 1419 2975 ntnuvruu
1433 2925 1460 2975 et
1473 2921 1560 2990 touls)
1574 2917 1721 2975 admonere
1735 2933 1786 2976 nos

130 3009 205 3066 xime
219 3009 247 3063 in
260 3007 391 3080 progenie
408 3008 505 3072 Clam,
522 3006 549 3060 in
565 3013 669 3078 patrem
684 3022 765 3063 suum
786 3014 841 3061 tam
863 3022 931 3063 con·
986 3006 1096 3076 debent,
1111 3005 1174 3077 quid
1189 3014 1252 3078 post
1266 3022 1425 3064 uarrrsuuu
1440 3007 1540 3080 lapsos,
1556 3023 1605 3064 nec
1623 3016 1718 3080 postea
1736 3025 1785 3080 per

132 3096 288 3162 tumeliosi‚
312 3097 391 3165 cuius
413 3093 484 3151 iilius
509 3095 664 3160 Clonnon,
689 3094 845 3166 posterique
873 3095 931 3165 ejus
947 3092 970 3175 c
985 3095 1186 3168 penitentiam
1200 3095 1398 3168 redintegratos
1416 3095 1538 3168 (minine
1562 3097 1634 3152 enim
1656 3098 1784 3154 Montano

132 3182 930 3255 ObononoeiaDeoipsomnledictiinerant(Gen.1x,251
986 3190 1033 3238 aut
1055 3181 1207 3240 Notatiano
1230 3183 1440 3256 astipulandum,
1462 3193 1571 3255 paccata
1598 3192 1659 3256 post
1682 3186 1784 3259 baptis-

131 3289 186 3346 qno
208 3272 240 3345 (i.
265 3288 292 3329 e.
316 3289 370 3345 pon
385 3287 426 3341 re,
450 3270 494 3327 vel
518 3273 552 3326 nt
566 3270 645 3340 adeo)
659 3271 735 3328 mele
750 3275 931 3345 comparetur
985 3288 1060 3329 mum
1075 3273 1227 3340 commissa,
1244 3273 1346 3344 pariter
1363 3271 1561 3329 irremissibilia
1578 3276 1649 3345 esse)
1661 3274 1687 3330 in
1699 3275 1784 3331 altera

132 3364 200 3433 (non
217 3364 289 3436 quod
309 3359 477 3434 comparatio
499 3360 575 3432 prior
597 3361 676 3416 anaia
704 3376 753 3416 seu
775 3360 867 3432 inepta
885 3360 929 3431 sit,
985 3360 1039 3417 vita
1054 3368 1171 3418 maneat.

135 3450 188 3507 sed
202 3449 275 3522 quod
290 3465 343 3507 non
357 3450 444 3506 solnm
457 3450 524 3506 lene
543 3449 702 3520 baptismus,
713 3456 842 3521 tanquam
864 3466 930 3520 pec·
1239 3451 1318 3507 Note
1333 3449 1468 3522 adrepet
1483 3450 1530 3507 ll'.

135 3547 261 3597 notorum
283 3538 401 3595 omnium
425 3538 519 3595 sordes
543 3553 575 3595 ex
598 3536 691 3593 anima
713 3538 860 3608 cuiuslibet
878 3540 930 3595 bo·
1020 3537 1783 3611 Patrocinionalorte,dotesscilicetnotorales,dquam

133 3627 225 3698 minis,
250 3625 320 3684 sicut
344 3626 476 3684 diluvium
498 3641 531 3683 ex
554 3626 680 3685 universo
700 3625 812 3696 mundo,
827 3643 929 3700 expnr-
985 3644 1041 3700 prae
1069 3626 1175 3685 crateris
1197 3626 1338 3684 elementis
1365 3627 1601 3695 commendantes,
1624 3627 1783 3700 dequibus

131 3733 213 3792 pens,
237 3723 418 3789 comparetur,
441 3714 491 3772 scd
515 3714 594 3771 etiam
618 3717 650 3771 in
672 3715 757 3783 molo,
782 3731 832 3772 seu
854 3718 933 3774 alteri
984 3733 1046 3790 cap.
1063 3720 1090 3786 3,
1106 3724 1216 3790 pertot.
1759 3790 1762 3794 A

131 3805 246 3874 anrio,
271 3805 354 3878 ignis,
377 3804 424 3876 qui
447 3804 547 3860 mundo
566 3803 595 3858 in
613 3810 734 3859 extremo
752 3804 861 3861 iudicio
881 3821 930 3863 sn·
1022 3805 1136 3863 1¹7⁰
1149 3805 1302 3879 Prioilepio
1317 3805 1429 3877 proiice.
1448 3806 1593 3875 Gratuita,
1608 3813 1690 3878 atque
1706 3805 1783 3877 ejus·

129 3903 309 3968 peruenturus
337 3901 392 3962 est,
422 3901 494 3950 recte
521 3893 720 3965 comparandus
746 3892 790 3949 sit.
820 3896 931 3953 Diluvio
985 3896 1047 3952 dem
1071 3894 1376 3968 naturaesuperaddi'ta,
1397 3893 1548 3968 dequibus
1567 3910 1627 3966 cap.
1654 3892 1784 3951 litidem

129 3983 296 4059 itaque(seu
309 3983 470 4059 eapropter)
482 3984 554 4056 ipnls
569 3982 740 4048 destinetur,
754 3987 804 4039 ele.
816 3981 930 4054 Recole,
986 4000 1035 4058 per
1050 3992 1098 4042 tot.

128 4089 191 4147 quae
203 4089 292 4146 supro
306 4072 375 4145 (net.
393 4070 500 4143 Mundi)
516 4070 643 4126 diximus.
1023 4075 1167 4131 Solemnis
1178 4075 1346 4146 discipline,
1371 4075 1444 4132 ritas
1458 4073 1592 4140 videlieet,
1608 4073 1636 4127 in
1651 4073 1783 4143 baptismo

166 4165 228 4235 loni
240 4163 413 4221 moliantur.
430 4162 549 4219 llondns
563 4158 685 4216 videlicet
705 4177 712 4213 :
736 4174 790 4231 qua
806 4159 840 4216 de
856 4177 885 4218 re
901 4159 929 4216 S.
987 4176 1019 4217 ex
1034 4163 1165 4219 Ecclesiae
1179 4160 1360 4220 ordinatione
1384 4160 1508 4216 adbiberi
1532 4158 1605 4216 soliti
1622 4178 1628 4214 :
1652 4166 1681 4214 ut
1703 4175 1784 4231 supra

127 4252 254 4311 lustinus
276 4253 312 4308 ll.
328 4251 356 4308 in
370 4253 449 4325 Apol.
468 4253 503 4321 ll,
518 4267 547 4322 p.
565 4266 602 4305 m.
619 4252 663 4316 ot,
680 4247 718 4305 ita
732 4249 789 4306 ait:
816 4249 862 4303 lici
883 4250 930 4308 nt-
986 4252 1120 4322 capiet
1134 4254 1161 4305 8.

126 4339 208 4398 dolini
222 4338 251 4397 tt
263 4343 304 4396 sat
321 4341 453 4402 Ὗστάσπις
467 4341 606 4414 polimnian
619 4346 667 4394 τῶν
682 4341 790 4410 φθαρτῶν
811 4339 930 4394 ἀνάιὼιιν
1023 4339 1263 4406 Proestrnetiones,
1287 4352 1337 4393 sen
1359 4337 1596 4411 praeparationes,
1611 4344 1639 4392 et
1652 4352 1783 4395 eaeremo-

127 4426 172 4485 διὰ
184 4433 258 4505 πυρὸς
281 4433 381 4503 [φασιν.
397 4429 427 4483 οι
441 4432 561 4503 λεγόμενοι
576 4425 603 4481 tt
626 4426 723 4483 Στιιιιιι
743 4429 865 4501 φιλόσοφοι
890 4431 931 4484 sat
947 4412 973 4494 Β
989 4445 1040 4484 urae
1054 4426 1254 4485 antecedentes.
1274 4425 1331 4483 Hoc
1354 4424 1426 4481 enim
1449 4441 1530 4482 sensu
1544 4430 1636 4480 noster
1649 4424 1720 4483 hanc
1733 4440 1783 4483 vo·

127 4521 199 4574 αὐτὸν
218 4522 258 4576 τὸν
281 4520 342 4575 Orba
366 4518 399 4582 ιῖς
421 4524 468 4591 πῦρ
492 4518 633 4572 ἀναλύεσθαι
652 4512 831 4590 δογματίζουσι,
845 4518 928 4572 aniel
988 4535 1047 4576 cem
1070 4517 1098 4573 in
1121 4516 1141 4572 l.
1165 4514 1229 4574 adv.
1251 4517 1379 4586 Hermoy.
1395 4529 1421 4571 c.
1438 4517 1480 4584 lb,
1497 4522 1628 4588 usurpat:
1645 4512 1731 4588 igitur
1756 4515 1783 4570 in

127 4608 201 4662 sabra
236 4608 301 4663 κατὰ
327 4605 462 4680 paradella
500 4608 540 4661 τὸν
572 4608 659 4678 κόσμον
685 4606 794 4677 petiolas
820 4606 932 4680 λέγουσι.

129 4696 153 4753 l.
168 4711 195 4752 e.
210 4699 248 4754 ut
276 4696 380 4772 Sibylla
403 4713 478 4765 cero,
506 4702 535 4756 et
564 4694 706 4771 Dpstaapls
733 4699 868 4768 saturum
886 4714 929 4755 re-

127 4801 197 4843 rnm
225 4786 456 4859 corruptibilium
486 4789 732 4859 consumptionem
760 4805 811 4861 per
834 4789 929 4863 ipnem

127 4874 280 4932 dixerant.
293 4875 345 4944 Qui
367 4892 430 4934 uero
445 4874 629 4948 appellentur
649 4876 734 4934 Stoici
747 4877 929 4951 philosophi,

126 4964 225 5037 ipsam
244 4967 332 5022 eliam
346 4965 435 5021 Deam
459 4966 490 5019 in
506 4965 601 5034 ipnem
620 4964 793 5023 dissolutum
814 4966 854 5020 iri
882 4965 931 5023 do·

127 5057 207 5123 cent,
218 5068 252 5110 ne
263 5069 368 5111 novom
381 5055 636 5127 permutationem
660 5051 798 5110 mondum
813 5055 874 5124 lore
889 5053 932 5109 di·

130 5148 213 5201 cunt.

165 5231 239 5303 Quid
264 5247 338 5302 uero,
365 5232 439 5305 quod
462 5231 573 5301 loseph.
592 5230 640 5286 lib.
658 5247 667 5286 ι
686 5231 752 5288 Ant.
769 5231 833 5288 lod.
856 5246 879 5289 c.
904 5234 930 5297 3,

131 5322 258 5393 allirmet,
276 5344 289 5375 ι
306 5321 391 5379 Adam
406 5322 585 5379 universalem
600 5337 689 5378 rerum
704 5320 841 5377 interitum
856 5337 930 5392 pras·
974 5316 976 5321 ’

129 5410 246 5485 dixisse,
260 5427 346 5469 unum
360 5409 631 5480 rnennn10,alternm
645 5410 801 5466 ornutroir
818 5409 931 5483 Reliqua

129 5501 164 5557 de
180 5500 286 5558 duabus
308 5501 449 5567 columnis,
467 5502 593 5559 lateritia
616 5515 678 5569 una,
695 5501 780 5557 altera
804 5517 930 5559 mormo-

130 5606 182 5651 reo
203 5605 235 5650 ao
256 5591 387 5651 alterutra
400 5589 505 5662 saitem,
520 5597 565 5648 aut
578 5593 682 5664 ipnern,
699 5598 745 5651 ant
760 5607 846 5665 opens
861 5605 928 5650 cva-

988 4607 1196 4684 praestructione
1219 4605 1302 4676 hujus
1317 4603 1433 4671 articuli,
1450 4622 1463 4654 s
1479 4613 1530 4660 etc.
1546 4605 1602 4660 Neo
1615 4605 1706 4661 minus
1720 4603 1747 4660 in
1763 4605 1782 4660 l.

988 4701 1020 4756 de
1034 4701 1134 4756 iterur.
1150 4712 1232 4753 curn.
1247 4709 1272 4751 c.
1287 4695 1304 4749 l
1320 4711 1328 4748 ι
1347 4713 1359 4745 ι
1375 4691 1479 4748 Deinde
1502 4690 1619 4747 haeretici
1642 4691 1705 4748 inde
1728 4701 1783 4747 sta·
1831 4761 1833 4767 Α

988 4790 1034 4843 tim
1049 4784 1193 4855 incipiunt,
1209 4790 1236 4837 et
1251 4781 1313 4837 iude
1334 4786 1508 4852 praestruunt.
1528 4799 1539 4829 r
1556 4778 1622 4835 Vide
1635 4778 1716 4835 ctiam
1731 4777 1780 4836 lib.

975 4878 1020 4935 ‘de
1034 4878 1152 4932 Praeser.
1166 4888 1226 4946 cap.
1243 4875 1287 4927 ta.

1020 4965 1209 5032 Precationes,
1226 4977 1337 5033 precum
1358 4959 1492 5028 tonnulae,
1507 4959 1657 5032 prasertim
1681 4958 1708 5017 in
1731 4961 1783 5018 be·

985 5055 1136 5113 nedictione
1151 5051 1232 5108 lentis
1245 5051 1425 5124 baptismalis,
1448 5058 1495 5106 aut
1516 5049 1544 5105 in
1569 5050 1631 5122 ipso
1650 5050 1784 5124 baptismo

985 5141 1109 5201 adbiberi
1134 5142 1230 5201 solitae.
1253 5139 1322 5197 Vide
1345 5155 1426 5210 supra
1449 5155 1509 5211 cap.
1525 5140 1540 5195 i
1555 5138 1629 5213 (Not.
1655 5140 1784 5197 lnnoeoto

985 5233 1061 5303 Deo).

1022 5324 1193 5395 Relipionem
1208 5337 1299 5394 oque.
1316 5318 1488 5391 lielipionem
1503 5316 1546 5372 hic
1559 5326 1636 5375 vocat
1651 5318 1783 5372 sanctita·
1889 5319 1892 5325 '

985 5411 1139 5482 aemiliam,
1163 5426 1223 5485 quae
1248 5407 1299 5483 ipsi
1323 5424 1401 5481 aquae
1421 5405 1586 5479 baptismali,
1602 5413 1731 5476 tanquam
1745 5407 1782 5461 rei

985 5517 1067 5559 sacrae
1090 5510 1117 5560 ct
1139 5501 1173 5559 nd
1197 5505 1396 5559 sacramentum
1419 5493 1547 5569 baptismi
1572 5494 1729 5565 destinata,
1743 5496 1782 5551 in-

985 5601 1034 5649 esl.
1058 5632 1063 5641 .
