3840 6134
126 297 176 356 501
733 299 837 362 hlall
864 298 942 359 abl.
963 295 1166 364 MARCIONEM.
1721 311 1775 372 502

126 423 194 480 aclis
219 426 312 483 refert.
333 429 417 488 Nemo
438 430 490 488 sibi
522 440 549 488 el
571 430 709 504 prolessor
723 438 751 487 el
777 429 852 487 testis
875 434 926 485 est.
941 440 965 521 fl
981 435 1011 484 ut
1025 439 1149 489 avertens
1168 449 1183 489 a
1199 433 1344 505 judaismo,
1368 449 1422 491 non
1446 437 1544 505 pariter
1567 437 1724 497 ostenderet
1746 440 1775 495 in

126 515 227 571 Praeter
236 516 294 574 haec
305 517 397 591 utique
411 519 501 595 legisti
516 521 594 593 (Luc.
610 538 674 590 xxi,
690 523 728 595 8),
739 523 844 580 multos
858 537 926 579 ceu·
980 519 1059 590 cujus
1074 521 1122 578 Dei
1135 521 1217 580 fidem
1231 531 1365 579 averteret
1380 542 1386 579 :
1404 525 1467 596 quia
1480 541 1559 583 namo
1573 528 1686 587 transire
1712 543 1776 601 pos·

127 609 207 662 turos
223 609 274 680 pai
282 607 380 666 dicant
395 628 404 664 .·
420 613 477 684 Epo
493 629 558 669 sum
576 613 712 671 Christus.
729 612 758 668 Si
772 619 813 667 est
831 610 878 683 qui
895 623 925 665 se
979 618 1021 666 set
1037 627 1052 665 a
1068 611 1205 678 creatore,
1225 613 1349 670 nesciens
1364 612 1398 670 ad
1411 629 1489 686 quem
1509 618 1700 674 transeundum
1722 614 1776 674 sibi

125 694 262 751 Christum
285 699 438 768 mentiatur,
454 703 655 776 quantomagis
668 701 758 774 quise
772 698 923 774 apostolum
979 707 1061 756 esset.
1079 701 1142 758 Sira
1161 701 1234 758 enim
1248 702 1372 759 Christus
1393 705 1450 772 jam
1471 703 1553 759 alium
1567 706 1654 761 Deum
1677 708 1775 766 revela·

125 784 255 856 predicet
268 786 389 845 Christi?
409 788 506 847 Adhuc
529 806 582 865 ego
606 792 633 847 in
661 804 778 864 persona
799 786 925 860 discipuli
979 798 1062 856 vorat,
1080 793 1241 863 sequebatur
1263 793 1345 848 ctiam
1366 792 1481 865 apostoli
1505 795 1637 863 testati03
1665 797 1708 854 rel
1741 812 1776 853 nc

125 881 151 930 et
165 875 334 947 inquisitoris
348 894 501 950 conversor,
515 887 545 937 nt
567 883 624 953 jam
643 882 744 937 hincet
759 879 837 935 fidem
851 888 922 934 tuam
978 891 1033 933 non
1053 877 1112 951 ejus
1133 880 1183 936 llei
1202 882 1341 952 apostolus
1369 882 1523 947 haberetur,
1550 897 1632 954 quem
1653 883 1776 941 Christus

126 965 284 1034 obtundam,
311 968 358 1041 qui
382 970 455 1025 undo
480 985 540 1027 eam
568 972 668 1042 probes
690 985 745 1026 non
768 969 873 1036 habes3
897 971 924 1021 at
979 968 1153 1037 revelaverat;
1170 972 1273 1045 etquis
1299 987 1354 1028 non
1376 971 1472 1028 licebat
1495 970 1625 1028 abscondi
1649 972 1684 1028 ab
1706 988 1775 1044 apo·

124 1054 323 1128 impudentiam
336 1057 501 1127 suffundam,
517 1060 563 1133 qui
577 1060 705 1126 vindicas,
721 1066 747 1116 et
767 1058 838 1114 unde
860 1069 924 1128 pos·
978 1058 1056 1125 stolo,
1072 1061 1119 1133 qui
1130 1061 1185 1131 jam
1200 1061 1334 1118 revelatus
1347 1061 1470 1117 luisseta
1489 1059 1607 1117 Christo.
1622 1061 1685 1118 Sive
1706 1060 1774 1117 nihil

125 1144 315 1203 sisrindicerc
336 1163 391 1204 uon
415 1149 523 1222 recipis.
547 1149 588 1207 Sit
615 1151 747 1216 Christus,
777 1146 925 1216 simma·
977 1145 1081 1204 talede
1103 1149 1162 1206 Dec
1182 1149 1302 1207 Christus
1328 1151 1501 1222 revelaverat,
1531 1156 1604 1206 unta
1628 1149 1716 1222 magis
1742 1149 1776 1205 nh

125 1235 220 1307 stolus,
237 1236 389 1294 utalterius
404 1238 470 1295 dum
492 1255 546 1295 non
575 1240 724 1311 probantur
745 1236 797 1293 nisi
824 1236 859 1294 de
884 1235 926 1291 in·
977 1237 1101 1306 apostolo
1144 1238 1274 1295 debuerat
1292 1237 1411 1305 revelari,
1444 1239 1492 1309 qni
1523 1239 1579 1309 jam
1607 1254 1660 1296 nan
1685 1244 1777 1309 posset

125 1331 276 1380 stramento
309 1325 454 1385 Crantoris.
478 1328 548 1383 Nam
575 1329 588 1368 ³
611 1328 678 1384 mihi
705 1328 818 1385 Paulum
845 1325 925 1382 etiam
978 1327 1012 1381 ab
1028 1325 1099 1398 ali03
1114 1326 1328 1384 concredendus
1348 1327 1406 1383 sine
1428 1325 1521 1398 dubio,
1546 1325 1569 1382 si
1589 1341 1641 1383 nec
1654 1326 1689 1382 ab
1708 1341 1776 1395 apo·

125 1410 238 1468 Genesis
258 1413 324 1469 olim
348 1415 512 1487 repromisit.
536 1418 609 1473 luter
633 1416 692 1474 illas
718 1416 791 1473 enim
823 1414 925 1487 figuras
979 1415 1048 1471 stolo
1062 1416 1205 1475 revelatus.
1221 1416 1300 1487 Quod
1315 1415 1416 1472 idcirco
1430 1415 1646 1488 praestruximus,
1666 1422 1695 1471 ut
1719 1416 1776 1486 jam

125 1506 149 1555 et
176 1501 352 1574 propheticas
384 1519 466 1575 super
503 1503 574 1561 filios
610 1520 674 1561 snos
708 1504 921 1572 benedictiones,
979 1504 1041 1561 hinc
1060 1504 1235 1577 profiteamur
1256 1521 1308 1562 nos
1334 1503 1446 1576 proinde
1471 1505 1642 1577 probaturos,
1671 1504 1776 1560 nullum

125 1588 204 1646 Jacob
226 1606 292 1647 cum
327 1592 360 1648 ad
388 1593 530 1666 BenJamin
562 1595 707 1652 direxisset
725 1597 748 1663 l,
773 1594 924 1664 benjamin,
980 1592 1062 1649 alium
1076 1594 1211 1651 Deumnb
1235 1593 1358 1664 apostolo
1385 1593 1581 1662 circumlatum,
1611 1592 1681 1650 sicat
1708 1608 1776 1663 prc-

126 1678 398 1752 inquit(ch.xn1x,
415 1685 924 1759 malamarapaa,aamatarmam
979 1681 1112 1750 barimus,
1137 1698 1187 1740 nec
1209 1681 1359 1748 aCbristo3
1383 1697 1417 1738 ex
1437 1681 1504 1753 ipsis
1529 1682 1623 1753 utique
1645 1680 1777 1754 Epistolis

128 1769 250 1828 cornuae
258 1770 360 1838 adhuc,
368 1776 396 1830 et
404 1772 441 1830 ad
449 1789 595 1847 vesperum
604 1772 839 1832 delitescamus
850 1773 922 1829 tribu
939 1729 962 1807 Β
978 1771 1064 1840 Pauli,
1087 1787 1155 1845 quas
1185 1771 1302 1843 proinde
1323 1770 1461 1827 mutilatas
1483 1769 1565 1827 etiam
1592 1771 1627 1827 de
1650 1782 1774 1835 numero,

131 1859 203 1915 enirn
216 1861 357 1932 benjamin
372 1865 504 1920 oriturum
518 1864 629 1922 Paulum
644 1865 812 1938 providebat,
824 1864 922 1935 lupum
976 1858 1062 1917 lorma
1088 1861 1144 1933 jam
1159 1858 1280 1918 heretici
1307 1858 1445 1934 Evangelii
1472 1858 1665 1930 praeiudicasse
1687 1857 1777 1914 debe·
1841 1841 1844 1847 ⁶

133 1965 263 2020 raperem,
274 1951 305 2006 ad
319 1953 479 2008 matutinum
493 1954 691 2021 comedentem,
715 1955 741 2010 id
756 1963 805 2021 est,
833 1954 922 2024 prima
976 1949 1026 2006 bit.

132 2045 207 2094 etate
225 2047 387 2096 vastaturum
416 2057 511 2113 pecora
527 2043 646 2113 Domini,
668 2051 697 2099 ut
720 2053 922 2114 persecutorem

128 2125 327 2196 Ecclesiamm3
349 2129 448 2186 dehinc
461 2131 495 2185 ad
510 2147 654 2203 vesperam
669 2147 758 2188 escam
785 2132 921 2196 daturum,
1293 2094 1405 2152 CAPUT
1424 2092 1459 2152 Π·

128 2213 222 2287 idest,
245 2218 410 2292 devergente
431 2221 487 2291 jam
505 2228 659 2278 aetateoves
673 2220 771 2278 Christi
793 2221 924 2277 educatu·
1015 2216 1191 2291 Principalem
1221 2219 1328 2289 (Galat.
1344 2216 1365 2291 ι)
1395 2219 1526 2276 adversus
1550 2215 1717 2275 ludaismum
1736 2218 1777 2290 (5)

127 2320 193 2373 rum,
209 2313 240 2362 nt
255 2308 397 2365 doctorem
416 2310 646 2367 nationumNam
674 2317 701 2367 et
723 2309 809 2366 Saulis
836 2309 924 2383 primo
979 2309 1118 2381 epistolam
1134 2308 1213 2366 m
1242 2324 1291 2364 nos
1305 2325 1413 2381 quoque
1436 2307 1604 2377 confitemur,
1620 2323 1680 2381 quae
1694 2307 1778 2364 Gala·

127 2396 256 2466 asperitas
271 2398 453 2456 insectationis
468 2416 533 2474 arga
558 2400 655 2471 David,
670 2399 767 2457 dehinc
790 2400 926 2472 poeniten-
981 2408 1020 2454 tas
1033 2398 1123 2458 docet.
1142 2398 1338 2470 Amplectimur
1352 2400 1452 2456 etenim
1478 2414 1587 2456 omnem
1612 2398 1685 2455 illam
1706 2396 1779 2471 legis

130 2483 159 2540 tia
180 2484 269 2544 110
288 2495 316 2544 et
331 2489 488 2559 satisfactio,
503 2491 575 2546 bona
597 2505 646 2562 pro
668 2490 746 2545 malis
761 2489 926 2560 recipientis,
980 2488 1079 2547 veteris
1101 2487 1286 2557 abolitionem,
1301 2497 1331 2545 ut
1353 2496 1380 2544 et
1394 2490 1480 2561 ipsam
1502 2490 1538 2546 de
1565 2487 1701 2545 Crantoris
1728 2501 1778 2542 ve-

130 2587 176 2627 non
190 2573 268 2631 aliud
283 2577 459 2648 portendebat
472 2595 552 2651 quam
574 2578 685 2635 Paulum
714 2579 741 2634 in
765 2577 856 2647 Saule,
879 2594 927 2634 se·
981 2578 1099 2635 nientcm
1112 2578 1301 2652 dispositione,
1314 2579 1384 2635 sicut
1397 2595 1470 2652 saepe
1483 2579 1538 2649 jam
1560 2576 1589 2633 in
1617 2576 1670 2634 isto
1683 2574 1778 2633 ordine

130 2663 242 2760 cundum
259 2666 364 2735 tribus,
381 2674 409 2722 et
432 2667 564 2723 lesumin
587 2667 683 2735 David,
706 2667 855 2723 secundam
874 2668 927 2724 vir·
981 2669 1165 2735 tractavimus,
1194 2668 1228 2723 de
1255 2668 1398 2741 praedicata
1422 2669 1565 2726 novatione
1596 2683 1612 2721 a
1638 2665 1779 2738 prophetis

130 2753 197 2820 gruis
220 2770 344 2810 censum.
374 2759 438 2814 Haec
464 2756 612 2831 figurarum
642 2765 808 2814 sacramenta
828 2757 851 2812 si
879 2757 929 2812 tibi
981 2756 1032 2811 Dei
1047 2756 1141 2813 nostri.
1156 2754 1234 2825 Quod
1249 2755 1273 2811 si
1286 2756 1398 2812 Creator
1421 2754 1529 2826 quidem
1556 2761 1646 2810 vetera
1668 2767 1779 2809 cessura

133 2839 280 2914 displicent,
301 2854 371 2903 carte
397 2846 464 2904 Acta
491 2847 676 2918 apostolomm
697 2848 768 2920 (cap.
792 2847 833 2919 rx)
856 2849 928 2902 hunc
983 2844 1116 2915 promisit,
1155 2844 1232 2901 novis
1268 2844 1371 2901 scilicet
1407 2842 1532 2909 orituris,
1561 2841 1684 2897 Christus
1711 2854 1778 2898 vcro

135 2931 331 2992 nilriordinem
355 2936 430 2993 Pauli
447 2937 623 3004 tradiderunt,
652 2954 669 2993 a
692 2944 718 2992 te
740 2951 850 3009 quoquc
874 2949 928 2991 non
982 2940 1088 3006 tempus
1102 2933 1284 2990 distinctionis
1296 2933 1373 2989 istius
1389 2933 1458 3005 (hee
1477 2937 1506 2989 et
1525 2932 1672 3004 Propheta
1690 2945 1779 3002 usque

134 3026 293 3097 negandum.
308 3026 373 3081 Inde
397 3028 548 3099 apostolum
572 3027 697 3084 ostendo
719 3033 928 3099 persecutorem,
944 3020 966 3101 c
980 3022 1016 3078 ad
1035 3020 1182 3091 loannem)
1207 3021 1353 3077 terminum
1383 3021 1412 3076 in
1435 3021 1538 3077 loanne
1560 3025 1682 3076 statuens
1710 3016 1779 3073 inter

133 3126 178 3169 non
192 3113 227 3169 ah
241 3114 406 3182 hominibus,
431 3133 521 3189 neque
544 3132 594 3189 per
622 3115 779 3181 homincm;
808 3114 871 3171 inde
898 3122 926 3170 et
980 3118 1125 3180 utrumque
1140 3109 1272 3176 ordinem,
1297 3107 1478 3165 desinentium
1500 3107 1598 3164 exinde
1612 3115 1731 3164 veterum
1752 3113 1779 3162 et

134 3200 177 3272 ipsi
190 3204 304 3260 credere
316 3203 448 3274 inducor3
463 3205 527 3262 inde
543 3213 569 3263 te
593 3205 780 3261 adeicnsione
799 3205 860 3276 ejus
874 3221 925 3262 ex·
979 3197 1167 3269 incipientium
1180 3211 1329 3263 nasorum3
1354 3195 1506 3254 necessarie
1530 3203 1558 3250 et
1578 3194 1727 3266 Apostolus
1749 3195 1778 3249 in

135 3291 217 3361 pel103
233 3292 382 3351 nectimeo
397 3295 547 3352 dicentem:
566 3297 607 3352 Tu
622 3311 688 3368 ergo
715 3309 799 3369 neges
819 3302 926 3364 aposto·
979 3288 1087 3345 Christo
1128 3294 1191 3358 post
1225 3287 1355 3343 loannem
1386 3283 1505 3341 revelata
1530 3291 1622 3340 vetera
1649 3282 1776 3350 infirmat,

134 3377 182 3436 lant
196 3379 338 3438 Panium?
352 3398 408 3439 nnn
422 3384 670 3457 blasphemoquem
686 3391 773 3441 tueor.
789 3383 877 3457 Nego,
896 3391 927 3440 ut
981 3392 1130 3434 novavere
1149 3373 1300 3441 confirmat,
1322 3381 1402 3447 atque
1423 3374 1459 3429 ita
1474 3389 1529 3429 non
1554 3371 1664 3428 alterins
1679 3370 1728 3428 Ilei
1744 3370 1777 3426 li·

134 3471 284 3544 taprobare
299 3472 469 3544 compellam.
484 3476 577 3549 Nego,
600 3483 630 3530 ut
656 3489 746 3529 meum
774 3489 837 3530 esse
856 3488 926 3529 con·
980 3466 1040 3522 dem
1062 3472 1138 3521 curat
1165 3481 1247 3538 quam
1269 3463 1413 3530 decoloris,
1437 3460 1508 3532 almd
1530 3476 1611 3532 ‘luem
1638 3470 1666 3516 <³²
1687 3468 1779 3516 vellii

135 3559 359 3619 neumausi
382 3562 416 3617 ad
439 3571 559 3619 nostram
587 3563 666 3619 iidcm
695 3571 812 3636 spectas,
835 3562 926 3635 recipe
980 3556 1123 3612 decessura
1143 3553 1371 3626 praedicabantur.
1395 3552 1484 3626 igitur
1507 3556 1535 3605 et
1562 3549 1642 3619 Legis
1671 3548 1777 3604 destru-

136 3663 264 3719 quaeeam
279 3649 390 3707 iaciunt.
416 3650 445 3707 Si
465 3651 498 3706 ad
520 3659 595 3708 tuam
621 3666 764 3723 provocas,
789 3649 839 3706 ede
866 3664 926 3721 quae
980 3645 1044 3711 ctio,
1061 3653 1088 3700 et
1097 3642 1236 3716 Evangelii
1245 3640 1398 3710 edificatio,
1414 3655 1463 3711 pro
1486 3637 1646 3695 melacium
1671 3636 1698 3691 in
1727 3635 1778 3693 ista

137 3752 186 3797 eam
209 3747 386 3813 praestruunt.
403 3740 457 3796 aut
478 3741 563 3813 proba
591 3756 657 3807 esse,
673 3756 733 3814 quae
755 3740 862 3808 credis;
881 3744 927 3795 aut
979 3747 1087 3805 quoque
1114 3731 1243 3804 Epistola,
1263 3730 1296 3785 ad
1320 3744 1381 3786 eam
1405 3729 1558 3785 Galatarum
1585 3724 1777 3797 praesumptio·

138 3825 219 3885 sinon
234 3830 344 3901 probas,
360 3829 497 3901 quomodo
520 3829 632 3886 aredis?
654 3832 706 3884 hut
728 3827 815 3901 qualis
830 3826 925 3885 esad·
980 3838 1043 3878 nem
1072 3821 1247 3894 pertinentes,
1272 3834 1324 3892 qua
1346 3816 1547 3890 presumebant
1577 3813 1710 3870 Christum
1734 3819 1776 3868 ut·

140 3929 223 3974 vorsus
237 3934 300 3974 eum
315 3918 437 3985 credens,
449 3936 465 3975 a
478 3935 533 3992 quo
552 3919 612 3975 solo
627 3919 755 3990 probatur
780 3915 926 3988 essequod
979 3918 1044 3983 puta
1070 3909 1215 3980 Creatoris,
1244 3908 1319 3963 salsa
1340 3905 1478 3963 Creatoris
1499 3904 1560 3979 lege
1583 3900 1773 3959 credendum:

142 4005 410 4066 adunassemus
428 4016 456 4064 et
473 4009 625 4080 apostolum
641 4007 674 4063 de
702 4023 774 4073 ineo,
802 4006 872 4063 sicut
899 4013 927 4061 et
979 4000 1053 4071 quod
1068 3999 1156 4055 adhuc
1169 3995 1326 4054 incredibile
1341 3994 1488 4059 videretur,
1512 3993 1601 4065 legem
1624 4005 1699 4047 asuo
1725 4004 1776 4045 au·

140 4092 285 4167 Christum,
309 4104 366 4153 tum
387 4113 477 4153 meum
503 4097 664 4168 apostolum,
693 4112 775 4169 quam
794 4103 822 4152 et
843 4094 925 4150 chri·
979 4097 1054 4143 atore
1074 4086 1183 4158 depcni.
1210 4087 1303 4152 Porro,
1329 4084 1352 4139 si
1379 4085 1491 4140 omnino
1518 4082 1599 4137 alium
1627 4080 1714 4136 Deum
1742 4078 1777 4134 ab

140 4185 320 4242 stum.1isdern
338 4186 366 4242 el
378 4187 422 4243 hic
434 4186 621 4244 dimicabimus
643 4186 720 4242 lineis
733 4186 787 4256 (t),
811 4185 838 4240 in
866 4184 925 4255 ipso
979 4175 1109 4246 Apostolo
1125 4173 1272 4239 audissent,
1287 4173 1358 4228 ultra
1373 4171 1465 4244 utique
1488 4171 1605 4226 scissent
1633 4167 1778 4223 abscedan-

140 4275 215 4341 trtdu
236 4276 442 4348 provocabimus
457 4275 679 4347 prescriptionis,
699 4281 826 4347 oportere
850 4271 924 4329 scili·
978 4265 1043 4318 dum
1059 4261 1109 4318 Sibi
1124 4277 1183 4318 0⁸⁵0
1206 4276 1223 4316 ἃ
1244 4262 1306 4333 108⁰
1324 4262 1384 4331 ⁰1⁰⁵
1407 4261 1459 4316 ⁰01
1486 4275 1567 4331 (luem
1592 4255 1775 4326 reliquis-50⁰¹,

142 4369 174 4418 vel
188 4371 216 4420 ct
230 4364 383 4437 apostolum
395 4364 440 4439 qui
455 4363 589 4420 Creatoris
603 4374 726 4436 negetur,
742 4362 797 4417 imo
815 4366 842 4417 et
873 4360 924 4416 ad.
941 4364 963 4442 n
979 4352 1059 4408 alium
1070 4349 1167 4406 secuti.
1181 4348 1250 4419 Quis
1262 4348 1336 4405 enim
1351 4353 1520 4420 exspectaret
1541 4343 1642 4401 diutius
1659 4344 1776 4415 discere,

143 4465 224 4510 rusus
248 4455 405 4512 Creatorem
437 4453 597 4525 proteratur,
630 4451 696 4508 nihil
723 4452 831 4519 docere,
857 4448 926 4505 nihil
978 4442 1053 4515 quod
1073 4455 1171 4498 novam
1191 4439 1303 4494 deberat
1327 4436 1424 4493 sectari
1450 4433 1631 4507 disciplinam.
1656 4433 1703 4505 (illi
1726 4449 1776 4491 n0·

143 4553 234 4615 sapere,
248 4542 317 4600 nihil
331 4542 398 4599 velle
413 4543 560 4600 seeundum
579 4542 743 4604 creatorem,
768 4547 796 4595 et
818 4537 846 4593 in
868 4536 926 4609 pri-
980 4548 1043 4589 vum
1061 4532 1149 4586 Deum
1173 4525 1343 4600 recepisset?
1371 4526 1438 4591 lmo,
1467 4523 1529 4596 quia
1546 4522 1640 4579 eadem
1666 4521 1777 4594 quidem
1833 4597 1836 4605 Ι

144 4630 185 4688 mis
210 4640 285 4689 tanta
312 4631 464 4689 constantia
486 4631 570 4689 alium
593 4631 682 4687 Deum
696 4627 813 4696 edicere,
828 4635 927 4692 quanta
982 4619 1107 4679 divinitas
1128 4616 1326 4690 predicabatur
1350 4614 1377 4670 in
1399 4610 1557 4686 Evangelio,
1586 4626 1647 4681 quar
1671 4626 1778 4681 semper

144 4719 366 4794 alegeCreatoris
379 4720 495 4791 abrupit.
514 4719 609 4792 Neque
623 4717 695 4775 enim
718 4713 862 4775 verisimile
875 4719 927 4782 est,
982 4717 1046 4768 nota
1072 4706 1159 4765 luerat
1180 4707 1208 4764 in
1235 4706 1316 4780 Lege,
1345 4701 1486 4776 disciplina
1505 4714 1569 4758 vero
1600 4711 1654 4754 non
1671 4696 1775 4764 eadem,

810 4830 906 4895 Variae
937 4830 1094 4892 lechones.

174 4943 184 4981 ²
196 4943 272 5003 Sic...
287 4943 327 5001 sic
341 4945 380 5001 nl.
398 4943 486 5000 ³Non
500 4943 588 5000 libera
605 4941 689 5000 Serul.
704 4937 814 4999 Obertb.
828 4935 966 4994 lllirrisset
979 4933 1067 4992 ntea.
1085 4931 1169 4991 Semi.
1184 4929 1295 4988 Olertlt.

829 5062 1078 5128 Commentarius.

171 5179 320 5251 (illiadem
338 5179 366 5233 ct
392 5177 437 5233 hic
456 5175 655 5233 dimicabimus
673 5172 765 5230 lineis.
787 5169 929 5226 Lineamm
983 5163 1026 5222 cui
1041 5161 1191 5231 adjecimus
1205 5177 1242 5218 aa
1265 5175 1328 5232 cap.
1353 5157 1432 5231 Atqui
1457 5157 1519 5215 iacit
1547 5156 1676 5215 adversus
1690 5158 1780 5215 haere·

142 5250 339 5318 proverbialiter
360 5249 459 5303 lubens
476 5247 609 5316 meminit,
624 5256 664 5312 ut,
682 5266 694 5296 a
715 5258 821 5300 rursum
845 5240 879 5296 ad
897 5239 930 5294 li·
985 5236 1051 5292 ticos
1064 5234 1209 5291 hodiernos
1228 5231 1296 5287 illud
1310 5230 1501 5305 principalem
1516 5228 1647 5287 aduersus
1665 5230 1781 5285 ludais-

141 5337 207 5388 nens,
223 5320 380 5393 praeducere
394 5319 513 5377 lineas.»
530 5319 622 5375 Rana.
984 5324 1064 5365 mum
1073 5307 1239 5380 Epistulam,
1253 5303 1300 5374 qui
1314 5318 1425 5359 sonsum
1435 5302 1579 5357 verborum
1593 5300 1716 5374 Apostoli
1727 5316 1782 5370 per-

169 5395 208 5465 (5)
220 5391 414 5463 Principalem
427 5391 560 5448 aduersas
580 5388 772 5453 Iudaismum,
783 5392 835 5440 etc.
851 5382 931 5451 Quod
984 5385 1128 5445 vertentes,
1144 5392 1198 5433 nan
1224 5375 1353 5433 adversus
1371 5374 1549 5437 ludaismum,
1580 5375 1627 5427 sed
1654 5372 1783 5426 adversus

137 5479 167 5521 ex
180 5465 303 5539 margine
318 5465 514 5521 incantantum
529 5460 682 5529 irrepserat,
710 5458 805 5514 iterum
820 5455 847 5510 in
861 5470 932 5510 mar·
986 5449 1180 5507 ecclesiasticas
1203 5447 1334 5504 iestamm
1361 5446 1467 5502 dierum
1490 5441 1704 5510 observationes,
1727 5442 1781 5496 hu·

134 5538 234 5606 gisem,
248 5544 306 5592 tum
325 5537 377 5592 hoc
395 5534 467 5599 loco,
485 5542 541 5589 tum
555 5530 657 5601 ubique
677 5527 757 5594 inira,
773 5527 928 5599 rejecimus.
983 5524 1028 5591 ius
1051 5520 1179 5592 Epistol-e
1198 5520 1283 5575 verba
1311 5534 1371 5589 cap.
1392 5531 1421 5572 re
1435 5532 1489 5574 non
1508 5519 1636 5572 verentur
1655 5511 1781 5586 allegare.

133 5607 252 5666 Titulum
270 5622 368 5680 nempe
381 5606 464 5679 hujus
477 5603 572 5676 capitis
588 5621 595 5659 :
611 5600 738 5676 Epistola
752 5600 789 5657 ad
804 5598 931 5668 Galatas,
984 5594 1092 5653 eman.
