<?xml version="1.0" encoding="UTF-8"?>
<!DOCTYPE html PUBLIC "-//W3C//DTD XHTML 1.0 Transitional//EN"
    "http://www.w3.org/TR/xhtml1/DTD/xhtml1-transitional.dtd">
<html xmlns="http://www.w3.org/1999/xhtml" xml:lang="en" lang="en">
 <head>
  <title>
</title>
<meta http-equiv="Content-Type" content="text/html;charset=utf-8" />
  <meta name='ocr-system' content='tesseract 3.04.00' />
  <meta name='ocr-capabilities' content='ocr_page ocr_carea ocr_par ocr_line ocrx_word'/>
</head>
<body>
  <div class='ocr_page' id='page_1' title='image "./patrologiaecurs51unkngoog/patrologiaecurs51unkngoog_0124.png"; bbox 0 0 3840 6134; ppageno 0'>
   <div class='ocr_carea' id='block_1_1' title="bbox 57 327 1709 411">
    <p class='ocr_par' dir='ltr' id='par_1_1' title="bbox 57 327 1709 411">
     <span class='ocr_line' id='line_1_1' title="bbox 57 327 1709 411; baseline 0.003 -16"><span class='ocrx_word' id='word_1_1' title='bbox 57 331 112 395; x_wconf 74' lang='lat' dir='ltr'><strong>iii</strong></span> <span class='ocrx_word' id='word_1_2' title='bbox 657 329 758 396; x_wconf 78' lang='lat' dir='ltr'><strong>ttulit</strong></span> <span class='ocrx_word' id='word_1_3' title='bbox 775 330 853 392; x_wconf 80' lang='lat' dir='ltr'><strong>llll.</strong></span> <span class='ocrx_word' id='word_1_4' title='bbox 869 327 1114 398; x_wconf 65' lang='lat' dir='ltr'><strong>simbolius.</strong></span> <span class='ocrx_word' id='word_1_5' title='bbox 1653 347 1709 411; x_wconf 67' lang='lat'><strong>238</strong></span> 
     </span>
    </p>
   </div>
   <div class='ocr_carea' id='block_1_2' title="bbox 57 454 1709 714">
    <p class='ocr_par' dir='ltr' id='par_1_2' title="bbox 57 454 1709 714">
     <span class='ocr_line' id='line_1_2' title="bbox 57 454 1707 550; baseline 0.011 -35"><span class='ocrx_word' id='word_1_6' title='bbox 57 457 858 534; x_wconf 64' lang='lat' dir='ltr'><strong>luquit‚adrrautilli,·etcarnforttusaciebat(superbam</strong></span> <span class='ocrx_word' id='word_1_7' title='bbox 874 454 982 550; x_wconf 57' lang='lat' dir='ltr'><strong>qliai:</strong></span> <span class='ocrx_word' id='word_1_8' title='bbox 997 459 1147 520; x_wconf 76' lang='lat' dir='ltr'><strong><em>Eructavit</em></strong></span> <span class='ocrx_word' id='word_1_9' title='bbox 1160 463 1249 531; x_wconf 81' lang='lat' dir='ltr'><strong>enim,</strong></span> <span class='ocrx_word' id='word_1_10' title='bbox 1272 462 1370 537; x_wconf 83' lang='lat' dir='ltr'><strong>inquit.</strong></span> <span class='ocrx_word' id='word_1_11' title='bbox 1394 481 1552 527; x_wconf 73' lang='lat' dir='ltr'><strong>temonem</strong></span> <span class='ocrx_word' id='word_1_12' title='bbox 1565 474 1707 545; x_wconf 84' lang='lat' dir='ltr'><strong>optimum</strong></span> 
     </span>
     <span class='ocr_line' id='line_1_3' title="bbox 59 546 1709 636; baseline 0.008 -31"><span class='ocrx_word' id='word_1_13' title='bbox 59 546 858 623; x_wconf 74' lang='lat' dir='ltr'><strong>toslqaoerursuotttabiis,etcumfirmospouelrctsorttes</strong></span> <span class='ocrx_word' id='word_1_14' title='bbox 916 548 1003 620; x_wconf 82' lang='lat' dir='ltr'><strong>(Psoi.</strong></span> <span class='ocrx_word' id='word_1_15' title='bbox 1028 565 1106 619; x_wconf 78' lang='lat' dir='ltr'><strong>nutv,</strong></span> <span class='ocrx_word' id='word_1_16' title='bbox 1128 553 1167 626; x_wconf 85' lang='lat' dir='ltr'><strong>l),</strong></span> <span class='ocrx_word' id='word_1_17' title='bbox 1192 568 1248 612; x_wconf 91' lang='lat' dir='ltr'><strong>non</strong></span> <span class='ocrx_word' id='word_1_18' title='bbox 1270 555 1328 611; x_wconf 90' lang='lat' dir='ltr'><strong>scin</strong></span> <span class='ocrx_word' id='word_1_19' title='bbox 1352 569 1386 611; x_wconf 88' lang='lat' dir='ltr'><strong>an</strong></span> <span class='ocrx_word' id='word_1_20' title='bbox 1405 557 1477 613; x_wconf 91' lang='lat' dir='ltr'><strong>bono</strong></span> <span class='ocrx_word' id='word_1_21' title='bbox 1500 560 1600 617; x_wconf 89' lang='lat' dir='ltr'><strong>malum</strong></span> <span class='ocrx_word' id='word_1_22' title='bbox 1622 564 1709 636; x_wconf 79' lang='lat' dir='ltr'><strong>possit</strong></span> 
     </span>
     <span class='ocr_line' id='line_1_4' title="bbox 58 636 1707 714; baseline 0.01 -20"><span class='ocrx_word' id='word_1_23' title='bbox 58 639 83 679; x_wconf 76' lang='lat'><strong>’³</strong></span> <span class='ocrx_word' id='word_1_24' title='bbox 96 640 380 713; x_wconf 55' lang='lat' dir='ltr'><strong>mquoesubeoelo</strong></span> <span class='ocrx_word' id='word_1_25' title='bbox 389 640 859 712; x_wconf 79' lang='lat' dir='ltr'><strong>est‚epoeramoompinoroscom</strong></span> <span class='ocrx_word' id='word_1_26' title='bbox 916 636 1031 706; x_wconf 80' lang='lat' dir='ltr'>adduci,</span> <span class='ocrx_word' id='word_1_27' title='bbox 1056 638 1171 698; x_wconf 82' lang='lat' dir='ltr'><strong>validius</strong></span> <span class='ocrx_word' id='word_1_28' title='bbox 1193 642 1228 698; x_wconf 91' lang='lat' dir='ltr'><strong>ab</strong></span> <span class='ocrx_word' id='word_1_29' title='bbox 1250 640 1376 713; x_wconf 82' lang='lat' dir='ltr'><strong>infirmo,</strong></span> <span class='ocrx_word' id='word_1_30' title='bbox 1401 651 1431 701; x_wconf 91' lang='lat' dir='ltr'><strong>nt</strong></span> <span class='ocrx_word' id='word_1_31' title='bbox 1453 645 1575 704; x_wconf 90' lang='lat' dir='ltr'><strong>innatum</strong></span> <span class='ocrx_word' id='word_1_32' title='bbox 1596 664 1614 707; x_wconf 91' lang='lat' dir='ltr'><strong>a</strong></span> <span class='ocrx_word' id='word_1_33' title='bbox 1634 662 1707 714; x_wconf 88' lang='lat' dir='ltr'><strong>nato.</strong></span> 
     </span>
    </p>
   </div>
   <div class='ocr_carea' id='block_1_3' title="bbox 58 725 1828 807">
    <p class='ocr_par' dir='ltr' id='par_1_3' title="bbox 58 725 1828 807">
     <span class='ocr_line' id='line_1_5' title="bbox 58 725 1828 807; baseline 0.005 -19"><span class='ocrx_word' id='word_1_34' title='bbox 58 733 125 803; x_wconf 81' lang='lat' dir='ltr'><strong>ipso.</strong></span> <span class='ocrx_word' id='word_1_35' title='bbox 143 731 202 802; x_wconf 72' lang='lat' dir='ltr'><strong>lion</strong></span> <span class='ocrx_word' id='word_1_36' title='bbox 216 727 446 803; x_wconf 83' lang='lat' dir='ltr'><strong>eromadqcnos</strong></span> <span class='ocrx_word' id='word_1_37' title='bbox 458 728 608 802; x_wconf 82' lang='lat' dir='ltr'><strong>prodebat,</strong></span> <span class='ocrx_word' id='word_1_38' title='bbox 623 725 748 801; x_wconf 78' lang='lat' dir='ltr'><strong>quotidie</strong></span> <span class='ocrx_word' id='word_1_39' title='bbox 761 731 858 786; x_wconf 84' lang='lat' dir='ltr'><strong>notem</strong></span> <span class='ocrx_word' id='word_1_40' title='bbox 912 726 952 782; x_wconf 92' lang='lat' dir='ltr'><strong>lta</strong></span> <span class='ocrx_word' id='word_1_41' title='bbox 966 736 994 784; x_wconf 93' lang='lat' dir='ltr'><strong>et</strong></span> <span class='ocrx_word' id='word_1_42' title='bbox 1006 729 1058 785; x_wconf 90' lang='lat' dir='ltr'><strong>boc</strong></span> <span class='ocrx_word' id='word_1_43' title='bbox 1071 730 1181 786; x_wconf 89' lang='lat' dir='ltr'><strong>nomine</strong></span> <span class='ocrx_word' id='word_1_44' title='bbox 1204 731 1344 788; x_wconf 79' lang='lat' dir='ltr'><strong>materiam</strong></span> <span class='ocrx_word' id='word_1_45' title='bbox 1367 733 1427 789; x_wconf 86' lang='lat' dir='ltr'><strong>Deo</strong></span> <span class='ocrx_word' id='word_1_46' title='bbox 1445 735 1579 807; x_wconf 79' lang='lat' dir='ltr'><strong>praeponit</strong></span> <span class='ocrx_word' id='word_1_47' title='bbox 1592 737 1707 798; x_wconf 88' lang='lat' dir='ltr'><strong>llermo·</strong></span> <span class='ocrx_word' id='word_1_48' title='bbox 1818 780 1828 789; x_wconf 77' lang='lat'><em>-</em></span> 
     </span>
    </p>
   </div>
   <div class='ocr_carea' id='block_1_4' title="bbox 54 815 1718 3918">
    <p class='ocr_par' dir='ltr' id='par_1_4' title="bbox 54 815 1718 3918">
     <span class='ocr_line' id='line_1_6' title="bbox 60 815 1708 896; baseline 0.005 -20"><span class='ocrx_word' id='word_1_49' title='bbox 60 815 142 876; x_wconf 71' lang='lat'><strong>”8</strong></span> <span class='ocrx_word' id='word_1_50' title='bbox 161 816 326 874; x_wconf 82' lang='lat' dir='ltr'><strong>oblectabar</strong></span> <span class='ocrx_word' id='word_1_51' title='bbox 340 817 373 875; x_wconf 82' lang='lat' dir='ltr'><strong>ic</strong></span> <span class='ocrx_word' id='word_1_52' title='bbox 393 833 515 891; x_wconf 79' lang='lat' dir='ltr'><strong>persona</strong></span> <span class='ocrx_word' id='word_1_53' title='bbox 539 820 600 883; x_wconf 82' lang='lat' dir='ltr'><strong>einr</strong></span> <span class='ocrx_word' id='word_1_54' title='bbox 619 815 712 889; x_wconf 85' lang='lat' dir='ltr'><strong>(lbid.)</strong></span> <span class='ocrx_word' id='word_1_55' title='bbox 727 833 735 873; x_wconf 75' lang='grc' dir='ltr'>ι</span> <span class='ocrx_word' id='word_1_56' title='bbox 750 816 858 890; x_wconf 89' lang='lat' dir='ltr'><strong>quando</strong></span> <span class='ocrx_word' id='word_1_57' title='bbox 911 829 1004 885; x_wconf 69' lang='lat' dir='ltr'><strong>ganea,</strong></span> <span class='ocrx_word' id='word_1_58' title='bbox 1020 819 1205 888; x_wconf 79' lang='lat' dir='ltr'><strong>proponendo</strong></span> <span class='ocrx_word' id='word_1_59' title='bbox 1225 835 1285 877; x_wconf 89' lang='lat' dir='ltr'><strong>eam</strong></span> <span class='ocrx_word' id='word_1_60' title='bbox 1309 818 1388 878; x_wconf 81' lang='lat' dir='ltr'><strong>Filia.</strong></span> <span class='ocrx_word' id='word_1_61' title='bbox 1406 822 1496 880; x_wconf 77' lang='lat' dir='ltr'><strong>lilios</strong></span> <span class='ocrx_word' id='word_1_62' title='bbox 1511 825 1588 882; x_wconf 81' lang='lat' dir='ltr'><strong>cuim</strong></span> <span class='ocrx_word' id='word_1_63' title='bbox 1601 826 1708 896; x_wconf 84' lang='lat' dir='ltr'><strong>Sermo,</strong></span> 
     </span>
     <span class='ocr_line' id='line_1_7' title="bbox 62 905 1709 984; baseline 0.004 -19"><span class='ocrx_word' id='word_1_64' title='bbox 62 908 248 965; x_wconf 70' lang='grc' dir='ltr'><strong>ουῑουιιυιιυυ</strong></span> <span class='ocrx_word' id='word_1_65' title='bbox 257 921 319 964; x_wconf 93' lang='lat' dir='ltr'><strong>cum</strong></span> <span class='ocrx_word' id='word_1_66' title='bbox 329 906 599 979; x_wconf 84' lang='lat' dir='ltr'><strong>perlacissetorbem,</strong></span> <span class='ocrx_word' id='word_1_67' title='bbox 611 915 638 962; x_wconf 87' lang='lat' dir='ltr'><strong>ot</strong></span> <span class='ocrx_word' id='word_1_68' title='bbox 647 905 859 963; x_wconf 76' lang='lat' dir='ltr'><strong>inoblectabatur</strong></span> <span class='ocrx_word' id='word_1_69' title='bbox 911 906 940 960; x_wconf 85' lang='lat' dir='ltr'><strong>et</strong></span> <span class='ocrx_word' id='word_1_70' title='bbox 954 906 1027 963; x_wconf 80' lang='lat' dir='ltr'><strong>beas</strong></span> <span class='ocrx_word' id='word_1_71' title='bbox 1042 906 1138 965; x_wconf 85' lang='lat' dir='ltr'><strong>Sermo</strong></span> <span class='ocrx_word' id='word_1_72' title='bbox 1152 908 1234 977; x_wconf 78' lang='lat' dir='ltr'><strong>(loon</strong></span> <span class='ocrx_word' id='word_1_73' title='bbox 1247 923 1268 975; x_wconf 88' lang='lat'><strong>1,</strong></span> <span class='ocrx_word' id='word_1_74' title='bbox 1283 912 1294 963; x_wconf 91' lang='lat' dir='ltr'><strong>l</strong></span> <span class='ocrx_word' id='word_1_75' title='bbox 1311 909 1337 981; x_wconf 88' lang='grc'><strong>);</strong></span> <span class='ocrx_word' id='word_1_76' title='bbox 1361 916 1402 966; x_wconf 87' lang='lat' dir='ltr'><strong>et:</strong></span> <span class='ocrx_word' id='word_1_77' title='bbox 1419 912 1473 984; x_wconf 79' lang='lat' dir='ltr'><strong>Epo</strong></span> <span class='ocrx_word' id='word_1_78' title='bbox 1487 916 1516 970; x_wconf 89' lang='lat' dir='ltr'><strong>et</strong></span> <span class='ocrx_word' id='word_1_79' title='bbox 1525 914 1709 972; x_wconf 73' lang='lat' dir='ltr'><strong>Paterninum</strong></span> 
     </span>
     <span class='ocr_line' id='line_1_8' title="bbox 62 993 1708 1077; baseline 0.004 -22"><span class='ocrx_word' id='word_1_80' title='bbox 62 995 156 1055; x_wconf 81' lang='lat' dir='ltr'><strong>‘uflliis</strong></span> <span class='ocrx_word' id='word_1_81' title='bbox 172 994 327 1052; x_wconf 85' lang='lat' dir='ltr'><strong>bominum.</strong></span> <span class='ocrx_word' id='word_1_82' title='bbox 338 993 407 1065; x_wconf 87' lang='lat' dir='ltr'><strong>Quis</strong></span> <span class='ocrx_word' id='word_1_83' title='bbox 420 1009 474 1053; x_wconf 91' lang='lat' dir='ltr'><strong>non</strong></span> <span class='ocrx_word' id='word_1_84' title='bbox 485 993 653 1068; x_wconf 81' lang='lat' dir='ltr'><strong>hanepotius</strong></span> <span class='ocrx_word' id='word_1_85' title='bbox 662 993 784 1050; x_wconf 84' lang='lat' dir='ltr'><strong>omniurn</strong></span> <span class='ocrx_word' id='word_1_86' title='bbox 796 993 859 1051; x_wconf 87' lang='lat' dir='ltr'><strong>ion·</strong></span> <span class='ocrx_word' id='word_1_87' title='bbox 912 1006 1010 1052; x_wconf 81' lang='lat' dir='ltr'><strong>scmus</strong></span> <span class='ocrx_word' id='word_1_88' title='bbox 1019 994 1113 1067; x_wconf 79' lang='lat' dir='ltr'><strong>(ioan.</strong></span> <span class='ocrx_word' id='word_1_89' title='bbox 1124 1010 1154 1063; x_wconf 85' lang='lat' dir='ltr'><strong>x,</strong></span> <span class='ocrx_word' id='word_1_90' title='bbox 1167 998 1225 1068; x_wconf 82' lang='lat' dir='ltr'><strong>lb):</strong></span> <span class='ocrx_word' id='word_1_91' title='bbox 1237 993 1318 1054; x_wconf 71' lang='lat' dir='ltr'><strong>m</strong></span> <span class='ocrx_word' id='word_1_92' title='bbox 1329 996 1381 1055; x_wconf 91' lang='lat' dir='ltr'><strong>nisi</strong></span> <span class='ocrx_word' id='word_1_93' title='bbox 1391 999 1467 1073; x_wconf 93' lang='lat' dir='ltr'><strong>quod</strong></span> <span class='ocrx_word' id='word_1_94' title='bbox 1477 1001 1620 1059; x_wconf 78' lang='lat' dir='ltr'><strong>sustinebit</strong></span> <span class='ocrx_word' id='word_1_95' title='bbox 1629 1019 1708 1077; x_wconf 79' lang='lat' dir='ltr'><strong>aeqno</strong></span> 
     </span>
     <span class='ocr_line' id='line_1_9' title="bbox 63 1081 1708 1165; baseline 0.005 -23"><span class='ocrx_word' id='word_1_96' title='bbox 63 1094 109 1142; x_wconf 74' lang='lat' dir='ltr'><strong>eur</strong></span> <span class='ocrx_word' id='word_1_97' title='bbox 125 1091 156 1140; x_wconf 85' lang='lat' dir='ltr'><strong>et</strong></span> <span class='ocrx_word' id='word_1_98' title='bbox 174 1083 315 1157; x_wconf 67' lang='lat' dir='ltr'><strong>originem</strong></span> <span class='ocrx_word' id='word_1_99' title='bbox 334 1081 519 1154; x_wconf 85' lang='lat' dir='ltr'><strong>commendet,</strong></span> <span class='ocrx_word' id='word_1_100' title='bbox 540 1082 681 1140; x_wconf 87' lang='lat' dir='ltr'><strong>materiam</strong></span> <span class='ocrx_word' id='word_1_101' title='bbox 694 1096 759 1138; x_wconf 84' lang='lat' dir='ltr'><strong>vcro</strong></span> <span class='ocrx_word' id='word_1_102' title='bbox 773 1088 859 1139; x_wconf 93' lang='lat' dir='ltr'><strong>mate-</strong></span> <span class='ocrx_word' id='word_1_103' title='bbox 912 1081 1003 1138; x_wconf 89' lang='lat' dir='ltr'><strong>animo</strong></span> <span class='ocrx_word' id='word_1_104' title='bbox 1016 1081 1087 1141; x_wconf 86' lang='lat' dir='ltr'><strong>lilius</strong></span> <span class='ocrx_word' id='word_1_105' title='bbox 1095 1097 1154 1141; x_wconf 89' lang='lat' dir='ltr'><strong>anm</strong></span> <span class='ocrx_word' id='word_1_106' title='bbox 1169 1087 1293 1158; x_wconf 81' lang='lat' dir='ltr'><strong>proponi</strong></span> <span class='ocrx_word' id='word_1_107' title='bbox 1303 1086 1364 1158; x_wconf 85' lang='lat' dir='ltr'><strong>sibi,</strong></span> <span class='ocrx_word' id='word_1_108' title='bbox 1381 1103 1442 1160; x_wconf 85' lang='lat' dir='ltr'><strong>quae</strong></span> <span class='ocrx_word' id='word_1_109' title='bbox 1457 1088 1530 1146; x_wconf 90' lang='lat' dir='ltr'><strong>Patri</strong></span> <span class='ocrx_word' id='word_1_110' title='bbox 1540 1090 1708 1165; x_wconf 73' lang='lat' dir='ltr'><strong>adaquatur.</strong></span> 
     </span>
     <span class='ocr_line' id='line_1_10' title="bbox 63 1169 859 1243; baseline -0.006 -13"><span class='ocrx_word' id='word_1_111' title='bbox 63 1173 159 1230; x_wconf 83' lang='lat' dir='ltr'><strong>rirrnm</strong></span> <span class='ocrx_word' id='word_1_112' title='bbox 173 1169 212 1239; x_wconf 76' lang='lat'><strong>⁹⁸,</strong></span> <span class='ocrx_word' id='word_1_113' title='bbox 223 1187 280 1231; x_wconf 87' lang='lat' dir='ltr'><strong>nan</strong></span> <span class='ocrx_word' id='word_1_114' title='bbox 289 1170 557 1243; x_wconf 83' lang='lat' dir='ltr'><strong>sibisnbrlitan‚non</strong></span> <span class='ocrx_word' id='word_1_115' title='bbox 566 1170 794 1238; x_wconf 84' lang='lat' dir='ltr'><strong>ststudirersam‚</strong></span> <span class='ocrx_word' id='word_1_116' title='bbox 804 1184 859 1226; x_wconf 91' lang='lat' dir='ltr'><strong>non</strong></span> 
     </span>
     <span class='ocr_line' id='line_1_11' title="bbox 62 1227 1405 1334; baseline -0.004 -14"><span class='ocrx_word' id='word_1_117' title='bbox 62 1270 130 1320; x_wconf 79' lang='lat' dir='ltr'><strong>notu</strong></span> <span class='ocrx_word' id='word_1_118' title='bbox 145 1260 313 1334; x_wconf 84' lang='lat' dir='ltr'><strong>inquietam,</strong></span> <span class='ocrx_word' id='word_1_119' title='bbox 334 1276 389 1318; x_wconf 90' lang='lat' dir='ltr'><strong>non</strong></span> <span class='ocrx_word' id='word_1_120' title='bbox 412 1258 673 1328; x_wconf 82' lang='lat' dir='ltr'><strong>babitainiorman,</strong></span> <span class='ocrx_word' id='word_1_121' title='bbox 687 1259 736 1317; x_wconf 89' lang='lat' dir='ltr'><strong>sad</strong></span> <span class='ocrx_word' id='word_1_122' title='bbox 751 1259 860 1316; x_wconf 88' lang='lat' dir='ltr'><strong>insitam</strong></span> <span class='ocrx_word' id='word_1_123' title='bbox 1202 1227 1314 1287; x_wconf 60' lang='lat' dir='ltr'>CAPUT</span> <span class='ocrx_word' id='word_1_124' title='bbox 1327 1229 1405 1287; x_wconf 64' lang='lat' dir='ltr'><strong>xlx·</strong></span> 
     </span>
     <span class='ocr_line' id='line_1_12' title="bbox 62 1346 1709 1429; baseline 0.005 -21"><span class='ocrx_word' id='word_1_125' title='bbox 62 1359 87 1408; x_wconf 82' lang='lat' dir='ltr'><strong>rt</strong></span> <span class='ocrx_word' id='word_1_126' title='bbox 110 1350 257 1424; x_wconf 78' lang='lat' dir='ltr'><strong>propriam</strong></span> <span class='ocrx_word' id='word_1_127' title='bbox 295 1359 323 1407; x_wconf 85' lang='lat' dir='ltr'><strong>et</strong></span> <span class='ocrx_word' id='word_1_128' title='bbox 351 1349 530 1424; x_wconf 80' lang='lat' dir='ltr'><strong>compositam</strong></span> <span class='ocrx_word' id='word_1_129' title='bbox 561 1356 589 1407; x_wconf 85' lang='lat' dir='ltr'><strong>et</strong></span> <span class='ocrx_word' id='word_1_130' title='bbox 610 1349 753 1419; x_wconf 80' lang='lat' dir='ltr'><strong>decoram,</strong></span> <span class='ocrx_word' id='word_1_131' title='bbox 787 1346 861 1421; x_wconf 92' lang='lat' dir='ltr'><strong>quali</strong></span> <span class='ocrx_word' id='word_1_132' title='bbox 924 1348 1043 1406; x_wconf 87' lang='lat' dir='ltr'><strong>-Sedet</strong></span> <span class='ocrx_word' id='word_1_133' title='bbox 1061 1349 1095 1406; x_wconf 90' lang='lat' dir='ltr'><strong>ad</strong></span> <span class='ocrx_word' id='word_1_134' title='bbox 1115 1350 1249 1426; x_wconf 76' lang='lat' dir='ltr'><strong>originale</strong></span> <span class='ocrx_word' id='word_1_135' title='bbox 1272 1351 1478 1410; x_wconf 78' lang='lat' dir='ltr'><strong>instrumentum</strong></span> <span class='ocrx_word' id='word_1_136' title='bbox 1501 1354 1588 1426; x_wconf 81' lang='lat' dir='ltr'><strong>llnpsi</strong></span> <span class='ocrx_word' id='word_1_137' title='bbox 1607 1373 1709 1429; x_wconf 89' lang='lat' dir='ltr'><strong>proro-</strong></span> 
     </span>
     <span class='ocr_line' id='line_1_13' title="bbox 61 1436 1711 1520; baseline 0.005 -23"><span class='ocrx_word' id='word_1_138' title='bbox 61 1439 130 1497; x_wconf 83' lang='lat' dir='ltr'><strong>bens</strong></span> <span class='ocrx_word' id='word_1_139' title='bbox 142 1438 171 1477; x_wconf 75' lang='lat'><strong>⁹⁵</strong></span> <span class='ocrx_word' id='word_1_140' title='bbox 185 1438 278 1511; x_wconf 89' lang='lat' dir='ltr'><strong>potuit</strong></span> <span class='ocrx_word' id='word_1_141' title='bbox 292 1438 411 1510; x_wconf 73' lang='lat' dir='ltr'><strong>eguisse,</strong></span> <span class='ocrx_word' id='word_1_142' title='bbox 422 1439 465 1497; x_wconf 86' lang='lat' dir='ltr'><strong>sui</strong></span> <span class='ocrx_word' id='word_1_143' title='bbox 473 1438 562 1512; x_wconf 69' lang='lat' dir='ltr'><strong>magis</strong></span> <span class='ocrx_word' id='word_1_144' title='bbox 572 1453 653 1511; x_wconf 91' lang='lat' dir='ltr'><strong>quam</strong></span> <span class='ocrx_word' id='word_1_145' title='bbox 663 1437 743 1494; x_wconf 87' lang='lat' dir='ltr'><strong>alieni</strong></span> <span class='ocrx_word' id='word_1_146' title='bbox 752 1436 861 1510; x_wconf 77' lang='lat' dir='ltr'><strong>eqansi</strong></span> <span class='ocrx_word' id='word_1_147' title='bbox 913 1440 992 1507; x_wconf 83' lang='lat' dir='ltr'><strong>cubo,</strong></span> <span class='ocrx_word' id='word_1_148' title='bbox 1007 1438 1079 1494; x_wconf 89' lang='lat' dir='ltr'><strong>uude</strong></span> <span class='ocrx_word' id='word_1_149' title='bbox 1097 1447 1124 1495; x_wconf 91' lang='lat' dir='ltr'><strong>et</strong></span> <span class='ocrx_word' id='word_1_150' title='bbox 1139 1439 1246 1498; x_wconf 79' lang='lat' dir='ltr'><strong>diversa</strong></span> <span class='ocrx_word' id='word_1_151' title='bbox 1265 1456 1329 1513; x_wconf 90' lang='lat' dir='ltr'><strong>pars</strong></span> <span class='ocrx_word' id='word_1_152' title='bbox 1352 1440 1521 1513; x_wconf 79' lang='lat' dir='ltr'><strong>suspiciones</strong></span> <span class='ocrx_word' id='word_1_153' title='bbox 1540 1460 1605 1502; x_wconf 87' lang='lat' dir='ltr'><strong>suas</strong></span> <span class='ocrx_word' id='word_1_154' title='bbox 1620 1448 1711 1520; x_wconf 79' lang='lat' dir='ltr'><strong>inqra-</strong></span> 
     </span>
     <span class='ocr_line' id='line_1_14' title="bbox 63 1524 1711 1600; baseline 0.005 -16"><span class='ocrx_word' id='word_1_155' title='bbox 63 1525 198 1600; x_wconf 74' lang='lat' dir='ltr'><strong>limique,</strong></span> <span class='ocrx_word' id='word_1_156' title='bbox 221 1536 254 1583; x_wconf 90' lang='lat' dir='ltr'><strong>ut</strong></span> <span class='ocrx_word' id='word_1_157' title='bbox 276 1527 458 1584; x_wconf 82' lang='lat' dir='ltr'><strong>necessariam</strong></span> <span class='ocrx_word' id='word_1_158' title='bbox 487 1527 572 1585; x_wconf 88' lang='lat' dir='ltr'><strong>sensit</strong></span> <span class='ocrx_word' id='word_1_159' title='bbox 593 1525 628 1583; x_wconf 96' lang='lat' dir='ltr'><strong>ad</strong></span> <span class='ocrx_word' id='word_1_160' title='bbox 651 1540 734 1597; x_wconf 90' lang='lat' dir='ltr'><strong>opera</strong></span> <span class='ocrx_word' id='word_1_161' title='bbox 756 1526 861 1593; x_wconf 93' lang='lat' dir='ltr'><strong>mnndi,</strong></span> <span class='ocrx_word' id='word_1_162' title='bbox 914 1524 977 1581; x_wconf 85' lang='lat' dir='ltr'><strong>tis⁴</strong></span> <span class='ocrx_word' id='word_1_163' title='bbox 1001 1525 1097 1583; x_wconf 81' lang='lat' dir='ltr'><strong>fulcire</strong></span> <span class='ocrx_word' id='word_1_164' title='bbox 1120 1537 1243 1599; x_wconf 82' lang='lat' dir='ltr'><strong>conatur,</strong></span> <span class='ocrx_word' id='word_1_165' title='bbox 1267 1545 1301 1586; x_wconf 87' lang='lat' dir='ltr'><strong>ne</strong></span> <span class='ocrx_word' id='word_1_166' title='bbox 1328 1529 1430 1589; x_wconf 89' lang='lat' dir='ltr'><strong>seilicet</strong></span> <span class='ocrx_word' id='word_1_167' title='bbox 1452 1547 1507 1589; x_wconf 91' lang='lat' dir='ltr'><strong>non</strong></span> <span class='ocrx_word' id='word_1_168' title='bbox 1529 1533 1592 1590; x_wconf 89' lang='lat' dir='ltr'><strong>inde</strong></span> <span class='ocrx_word' id='word_1_169' title='bbox 1614 1536 1711 1592; x_wconf 89' lang='lat' dir='ltr'><strong>instrui</strong></span> 
     </span>
     <span class='ocr_line' id='line_1_15' title="bbox 63 1615 1711 1693; baseline 0.004 -19"><span class='ocrx_word' id='word_1_170' title='bbox 63 1616 150 1674; x_wconf 79' lang='lat' dir='ltr'><strong>statim</strong></span> <span class='ocrx_word' id='word_1_171' title='bbox 163 1631 228 1675; x_wconf 73' lang='lat' dir='ltr'><strong>arm</strong></span> <span class='ocrx_word' id='word_1_172' title='bbox 240 1615 269 1656; x_wconf 79' lang='lat'><strong>⁹⁶</strong></span> <span class='ocrx_word' id='word_1_173' title='bbox 281 1615 375 1674; x_wconf 87' lang='lat' dir='ltr'><strong>condit</strong></span> <span class='ocrx_word' id='word_1_174' title='bbox 389 1624 417 1674; x_wconf 88' lang='lat' dir='ltr'><strong>et</strong></span> <span class='ocrx_word' id='word_1_175' title='bbox 429 1626 540 1689; x_wconf 78' lang='lat' dir='ltr'><strong>generat</strong></span> <span class='ocrx_word' id='word_1_176' title='bbox 552 1615 580 1673; x_wconf 93' lang='lat' dir='ltr'><strong>in</strong></span> <span class='ocrx_word' id='word_1_177' title='bbox 594 1616 756 1688; x_wconf 86' lang='lat' dir='ltr'><strong>semetipso:</strong></span> <span class='ocrx_word' id='word_1_178' title='bbox 769 1618 862 1675; x_wconf 84' lang='lat' dir='ltr'><strong>Domi·</strong></span> <span class='ocrx_word' id='word_1_179' title='bbox 915 1615 1055 1673; x_wconf 86' lang='lat' dir='ltr'><strong>rideretur</strong></span> <span class='ocrx_word' id='word_1_180' title='bbox 1077 1615 1151 1672; x_wconf 88' lang='lat' dir='ltr'><strong>unde</strong></span> <span class='ocrx_word' id='word_1_181' title='bbox 1170 1625 1288 1689; x_wconf 88' lang='lat' dir='ltr'><strong>oportet.</strong></span> <span class='ocrx_word' id='word_1_182' title='bbox 1313 1619 1406 1693; x_wconf 85' lang='lat' dir='ltr'><strong>ltaque</strong></span> <span class='ocrx_word' id='word_1_183' title='bbox 1437 1620 1593 1680; x_wconf 86' lang='lat' dir='ltr'><strong>occasiones</strong></span> <span class='ocrx_word' id='word_1_184' title='bbox 1622 1624 1675 1681; x_wconf 87' lang='lat' dir='ltr'><strong>sibi</strong></span> <span class='ocrx_word' id='word_1_185' title='bbox 1698 1625 1711 1666; x_wconf 87' lang='lat'>⁵</span> 
     </span>
     <span class='ocr_line' id='line_1_16' title="bbox 63 1704 1711 1779; baseline 0.005 -14"><span class='ocrx_word' id='word_1_186' title='bbox 63 1721 126 1777; x_wconf 74' lang='lat' dir='ltr'><strong>aas,</strong></span> <span class='ocrx_word' id='word_1_187' title='bbox 140 1705 688 1778; x_wconf 55' lang='lat' dir='ltr'><strong>inquitcortdiditmeinitiamuiorum</strong></span> <span class='ocrx_word' id='word_1_188' title='bbox 701 1708 862 1764; x_wconf 76' lang='lat' dir='ltr'><strong>scammis</strong></span> <span class='ocrx_word' id='word_1_189' title='bbox 916 1704 1032 1777; x_wconf 83' lang='lat' dir='ltr'><strong>sumpsit</strong></span> <span class='ocrx_word' id='word_1_190' title='bbox 1059 1706 1237 1779; x_wconf 86' lang='lat' dir='ltr'><strong>quorumdam</strong></span> <span class='ocrx_word' id='word_1_191' title='bbox 1265 1709 1420 1778; x_wconf 82' lang='lat' dir='ltr'><strong>verborum,</strong></span> <span class='ocrx_word' id='word_1_192' title='bbox 1436 1716 1466 1768; x_wconf 88' lang='lat' dir='ltr'><strong>ut</strong></span> <span class='ocrx_word' id='word_1_193' title='bbox 1497 1712 1629 1770; x_wconf 83' lang='lat' dir='ltr'><strong>baereticis</strong></span> <span class='ocrx_word' id='word_1_194' title='bbox 1654 1714 1711 1774; x_wconf 83' lang='lat' dir='ltr'><strong>tera</strong></span> 
     </span>
     <span class='ocr_line' id='line_1_17' title="bbox 65 1753 1712 1876; baseline 0.006 -25"><span class='ocrx_word' id='word_1_195' title='bbox 65 1811 148 1869; x_wconf 63' lang='lat' dir='ltr'><strong>mern</strong></span> <span class='ocrx_word' id='word_1_196' title='bbox 159 1810 240 1852; x_wconf 73' lang='lat' dir='ltr'><strong>nto:</strong></span> <span class='ocrx_word' id='word_1_197' title='bbox 256 1797 326 1853; x_wconf 80' lang='lat' dir='ltr'><strong>oute</strong></span> <span class='ocrx_word' id='word_1_198' title='bbox 338 1795 445 1853; x_wconf 77' lang='lat' dir='ltr'><strong>rorata</strong></span> <span class='ocrx_word' id='word_1_199' title='bbox 457 1794 593 1866; x_wconf 75' lang='lat' dir='ltr'><strong>fundauit</strong></span> <span class='ocrx_word' id='word_1_200' title='bbox 606 1811 660 1862; x_wconf 85' lang='lat' dir='ltr'><strong>me,</strong></span> <span class='ocrx_word' id='word_1_201' title='bbox 673 1795 756 1867; x_wconf 71' lang='lat' dir='ltr'><strong>prius</strong></span> <span class='ocrx_word' id='word_1_202' title='bbox 774 1810 862 1867; x_wconf 86' lang='lat' dir='ltr'><strong>qaam</strong></span> <span class='ocrx_word' id='word_1_203' title='bbox 880 1753 902 1834; x_wconf 64' lang='grc' dir='ltr'><strong>Β</strong></span> <span class='ocrx_word' id='word_1_204' title='bbox 917 1810 977 1853; x_wconf 89' lang='lat' dir='ltr'><strong>mos</strong></span> <span class='ocrx_word' id='word_1_205' title='bbox 990 1803 1033 1853; x_wconf 84' lang='lat' dir='ltr'><strong>est</strong></span> <span class='ocrx_word' id='word_1_206' title='bbox 1043 1794 1178 1868; x_wconf 88' lang='lat' dir='ltr'><strong>simplicia</strong></span> <span class='ocrx_word' id='word_1_207' title='bbox 1198 1810 1314 1872; x_wconf 81' lang='lat' dir='ltr'><strong>quaeque</strong></span> <span class='ocrx_word' id='word_1_208' title='bbox 1337 1806 1478 1872; x_wconf 86' lang='lat' dir='ltr'><strong>torquere.</strong></span> <span class='ocrx_word' id='word_1_209' title='bbox 1501 1800 1567 1857; x_wconf 90' lang='lat' dir='ltr'><strong>Nam</strong></span> <span class='ocrx_word' id='word_1_210' title='bbox 1581 1810 1609 1859; x_wconf 87' lang='lat' dir='ltr'><strong>et</strong></span> <span class='ocrx_word' id='word_1_211' title='bbox 1622 1804 1712 1876; x_wconf 91' lang='lat' dir='ltr'><strong>ipsum</strong></span> 
     </span>
     <span class='ocr_line' id='line_1_18' title="bbox 63 1883 1711 1965; baseline 0.003 -22"><span class='ocrx_word' id='word_1_212' title='bbox 63 1885 172 1955; x_wconf 68' lang='lat' dir='ltr'><strong>sumt</strong></span> <span class='ocrx_word' id='word_1_213' title='bbox 187 1888 309 1952; x_wconf 81' lang='lat' dir='ltr'><strong>terram,</strong></span> <span class='ocrx_word' id='word_1_214' title='bbox 323 1886 504 1959; x_wconf 76' lang='lat' dir='ltr'><strong>priusquam</strong></span> <span class='ocrx_word' id='word_1_215' title='bbox 513 1889 624 1946; x_wconf 80' lang='lat' dir='ltr'><strong>montes</strong></span> <span class='ocrx_word' id='word_1_216' title='bbox 634 1884 861 1951; x_wconf 66' lang='lat' dir='ltr'><strong>soliacensium</strong></span> <span class='ocrx_word' id='word_1_217' title='bbox 915 1883 1091 1958; x_wconf 88' lang='lat' dir='ltr'><strong>principium,</strong></span> <span class='ocrx_word' id='word_1_218' title='bbox 1106 1885 1134 1941; x_wconf 89' lang='lat' dir='ltr'><strong>in</strong></span> <span class='ocrx_word' id='word_1_219' title='bbox 1145 1902 1200 1960; x_wconf 93' lang='lat' dir='ltr'><strong>quo</strong></span> <span class='ocrx_word' id='word_1_220' title='bbox 1213 1889 1287 1946; x_wconf 87' lang='lat' dir='ltr'><strong>Deus</strong></span> <span class='ocrx_word' id='word_1_221' title='bbox 1300 1886 1361 1945; x_wconf 86' lang='lat' dir='ltr'><strong>iecit</strong></span> <span class='ocrx_word' id='word_1_222' title='bbox 1374 1889 1474 1946; x_wconf 87' lang='lat' dir='ltr'><strong>coelum</strong></span> <span class='ocrx_word' id='word_1_223' title='bbox 1489 1901 1516 1946; x_wconf 86' lang='lat' dir='ltr'><strong>at</strong></span> <span class='ocrx_word' id='word_1_224' title='bbox 1525 1897 1623 1948; x_wconf 87' lang='lat' dir='ltr'><strong>terram</strong></span> <span class='ocrx_word' id='word_1_225' title='bbox 1642 1892 1711 1965; x_wconf 86' lang='grc'>(39),</span> 
     </span>
     <span class='ocr_line' id='line_1_19' title="bbox 66 1972 1712 2052; baseline 0.004 -20"><span class='ocrx_word' id='word_1_226' title='bbox 66 1976 133 2032; x_wconf 73' lang='lat' dir='ltr'><strong>tute</strong></span> <span class='ocrx_word' id='word_1_227' title='bbox 156 1989 255 2032; x_wconf 75' lang='lat' dir='ltr'><strong>omnes</strong></span> <span class='ocrx_word' id='word_1_228' title='bbox 283 1977 381 2032; x_wconf 61' lang='lat' dir='ltr'><strong>numus</strong></span> <span class='ocrx_word' id='word_1_229' title='bbox 407 1972 489 2032; x_wconf 76' lang='lat' dir='ltr'><strong>cottas</strong></span> <span class='ocrx_word' id='word_1_230' title='bbox 517 1974 664 2046; x_wconf 79' lang='lat' dir='ltr'><strong>peroravit</strong></span> <span class='ocrx_word' id='word_1_231' title='bbox 690 1987 755 2041; x_wconf 86' lang='lat' dir='ltr'><strong>me,·</strong></span> <span class='ocrx_word' id='word_1_232' title='bbox 781 1974 863 2044; x_wconf 82' lang='lat' dir='ltr'><strong>prior</strong></span> <span class='ocrx_word' id='word_1_233' title='bbox 916 1973 1018 2048; x_wconf 88' lang='lat' dir='ltr'><strong>aliquid</strong></span> <span class='ocrx_word' id='word_1_234' title='bbox 1036 1974 1129 2031; x_wconf 84' lang='lat' dir='ltr'><strong>volunt</strong></span> <span class='ocrx_word' id='word_1_235' title='bbox 1143 1973 1228 2031; x_wconf 82' lang='lat' dir='ltr'><strong>inisse</strong></span> <span class='ocrx_word' id='word_1_236' title='bbox 1251 1975 1328 2047; x_wconf 89' lang='lat' dir='ltr'><strong>quasi</strong></span> <span class='ocrx_word' id='word_1_237' title='bbox 1352 1976 1550 2034; x_wconf 76' lang='lat' dir='ltr'><strong>substantivum</strong></span> <span class='ocrx_word' id='word_1_238' title='bbox 1573 1990 1712 2052; x_wconf 88' lang='lat' dir='ltr'><strong>etcorpn·</strong></span> 
     </span>
     <span class='ocr_line' id='line_1_20' title="bbox 63 2059 1713 2138; baseline 0.002 -17"><span class='ocrx_word' id='word_1_239' title='bbox 63 2067 161 2121; x_wconf 71' lang='lat' dir='ltr'><strong>nictit</strong></span> <span class='ocrx_word' id='word_1_240' title='bbox 183 2064 283 2136; x_wconf 72' lang='lat' dir='ltr'><strong>abysse</strong></span> <span class='ocrx_word' id='word_1_241' title='bbox 306 2060 332 2104; x_wconf 73' lang='lat'><strong>⁹²</strong></span> <span class='ocrx_word' id='word_1_242' title='bbox 353 2064 452 2136; x_wconf 84' lang='lat' dir='ltr'><strong>pertita</strong></span> <span class='ocrx_word' id='word_1_243' title='bbox 467 2079 534 2121; x_wconf 79' lang='lat' dir='ltr'><strong>tum</strong></span> <span class='ocrx_word' id='word_1_244' title='bbox 551 2062 656 2136; x_wconf 75' lang='lat' dir='ltr'><strong>(loia).</strong></span> <span class='ocrx_word' id='word_1_245' title='bbox 676 2064 814 2136; x_wconf 77' lang='lat' dir='ltr'><strong>Agnoscat</strong></span> <span class='ocrx_word' id='word_1_246' title='bbox 837 2059 863 2098; x_wconf 78' lang='lat'><strong>⁹⁸</strong></span> <span class='ocrx_word' id='word_1_247' title='bbox 915 2062 1030 2133; x_wconf 88' lang='lat' dir='ltr'><strong>lentum,</strong></span> <span class='ocrx_word' id='word_1_248' title='bbox 1046 2061 1118 2136; x_wconf 92' lang='lat' dir='ltr'><strong>quod</strong></span> <span class='ocrx_word' id='word_1_249' title='bbox 1141 2062 1169 2118; x_wconf 95' lang='lat' dir='ltr'><strong>in</strong></span> <span class='ocrx_word' id='word_1_250' title='bbox 1192 2062 1336 2118; x_wconf 80' lang='lat' dir='ltr'><strong>materiam</strong></span> <span class='ocrx_word' id='word_1_251' title='bbox 1358 2064 1528 2137; x_wconf 85' lang='lat' dir='ltr'><strong>interpretari</strong></span> <span class='ocrx_word' id='word_1_252' title='bbox 1542 2068 1640 2138; x_wconf 86' lang='lat' dir='ltr'><strong>possit.</strong></span> <span class='ocrx_word' id='word_1_253' title='bbox 1656 2067 1713 2124; x_wconf 88' lang='lat' dir='ltr'><strong>Nos</strong></span> 
     </span>
     <span class='ocr_line' id='line_1_21' title="bbox 62 2148 1713 2227; baseline 0.004 -19"><span class='ocrx_word' id='word_1_254' title='bbox 62 2165 131 2226; x_wconf 73' lang='lat' dir='ltr'><strong>erqo</strong></span> <span class='ocrx_word' id='word_1_255' title='bbox 145 2151 337 2227; x_wconf 71' lang='lat' dir='ltr'><strong>llcrmoqcnes</strong></span> <span class='ocrx_word' id='word_1_256' title='bbox 349 2151 451 2211; x_wconf 87' lang='lat' dir='ltr'><strong>idcirco</strong></span> <span class='ocrx_word' id='word_1_257' title='bbox 464 2150 543 2209; x_wconf 88' lang='lat' dir='ltr'><strong>etiam</strong></span> <span class='ocrx_word' id='word_1_258' title='bbox 559 2152 690 2224; x_wconf 89' lang='lat' dir='ltr'><strong>Sopbiam</strong></span> <span class='ocrx_word' id='word_1_259' title='bbox 707 2148 758 2207; x_wconf 88' lang='lat' dir='ltr'><strong>Dei</strong></span> <span class='ocrx_word' id='word_1_260' title='bbox 771 2157 862 2207; x_wconf 75' lang='lat' dir='ltr'><strong>naum</strong></span> <span class='ocrx_word' id='word_1_261' title='bbox 916 2162 1008 2208; x_wconf 86' lang='lat' dir='ltr'><strong>sutem</strong></span> <span class='ocrx_word' id='word_1_262' title='bbox 1037 2151 1183 2224; x_wconf 86' lang='lat' dir='ltr'><strong>uniruique</strong></span> <span class='ocrx_word' id='word_1_263' title='bbox 1210 2152 1343 2210; x_wconf 87' lang='lat' dir='ltr'><strong>vocabulo</strong></span> <span class='ocrx_word' id='word_1_264' title='bbox 1376 2154 1567 2226; x_wconf 85' lang='lat' dir='ltr'><strong>proprietatem</strong></span> <span class='ocrx_word' id='word_1_265' title='bbox 1598 2158 1713 2214; x_wconf 67' lang='grc' dir='ltr'><strong>υυυυυ6</strong></span> 
     </span>
     <span class='ocr_line' id='line_1_22' title="bbox 63 2238 1714 2317; baseline 0.004 -19"><span class='ocrx_word' id='word_1_266' title='bbox 63 2240 245 2299; x_wconf 70' lang='lat' dir='ltr'><strong>amasium</strong></span> <span class='ocrx_word' id='word_1_267' title='bbox 269 2239 421 2314; x_wconf 66' lang='lat' dir='ltr'><strong>predicari,</strong></span> <span class='ocrx_word' id='word_1_268' title='bbox 444 2256 479 2297; x_wconf 86' lang='lat' dir='ltr'><strong>ue</strong></span> <span class='ocrx_word' id='word_1_269' title='bbox 498 2239 563 2313; x_wconf 91' lang='lat' dir='ltr'><strong>quid</strong></span> <span class='ocrx_word' id='word_1_270' title='bbox 578 2240 700 2296; x_wconf 88' lang='lat' dir='ltr'><strong>innatum</strong></span> <span class='ocrx_word' id='word_1_271' title='bbox 722 2245 750 2295; x_wconf 89' lang='lat' dir='ltr'><strong>et</strong></span> <span class='ocrx_word' id='word_1_272' title='bbox 764 2238 861 2295; x_wconf 89' lang='lat' dir='ltr'><strong>incon·</strong></span> <span class='ocrx_word' id='word_1_273' title='bbox 916 2241 1094 2313; x_wconf 77' lang='lat' dir='ltr'><strong>vindicamus,</strong></span> <span class='ocrx_word' id='word_1_274' title='bbox 1113 2241 1277 2314; x_wconf 90' lang='lat' dir='ltr'><strong>principium</strong></span> <span class='ocrx_word' id='word_1_275' title='bbox 1291 2241 1399 2299; x_wconf 86' lang='lat' dir='ltr'><strong>initium</strong></span> <span class='ocrx_word' id='word_1_276' title='bbox 1420 2259 1490 2311; x_wconf 84' lang='lat' dir='ltr'><strong>osse,</strong></span> <span class='ocrx_word' id='word_1_277' title='bbox 1507 2253 1535 2301; x_wconf 86' lang='lat' dir='ltr'><strong>at</strong></span> <span class='ocrx_word' id='word_1_278' title='bbox 1549 2245 1714 2317; x_wconf 86' lang='lat' dir='ltr'><strong>competisse</strong></span> 
     </span>
     <span class='ocr_line' id='line_1_23' title="bbox 59 2325 1714 2407; baseline 0.002 -20"><span class='ocrx_word' id='word_1_279' title='bbox 59 2329 145 2387; x_wconf 80' lang='lat' dir='ltr'><strong>ditant</strong></span> <span class='ocrx_word' id='word_1_280' title='bbox 167 2337 273 2404; x_wconf 70' lang='lat' dir='ltr'><strong>praeter</strong></span> <span class='ocrx_word' id='word_1_281' title='bbox 296 2327 384 2386; x_wconf 85' lang='lat' dir='ltr'><strong>solnm</strong></span> <span class='ocrx_word' id='word_1_282' title='bbox 411 2329 498 2386; x_wconf 81' lang='lat' dir='ltr'><strong>Deum</strong></span> <span class='ocrx_word' id='word_1_283' title='bbox 520 2328 710 2386; x_wconf 87' lang='lat' dir='ltr'><strong>crederemus.</strong></span> <span class='ocrx_word' id='word_1_284' title='bbox 736 2325 863 2383; x_wconf 85' lang='lat' dir='ltr'><strong>sienim</strong></span> <span class='ocrx_word' id='word_1_285' title='bbox 916 2330 953 2387; x_wconf 79' lang='lat' dir='ltr'><strong>its</strong></span> <span class='ocrx_word' id='word_1_286' title='bbox 967 2331 1032 2403; x_wconf 92' lang='lat' dir='ltr'><strong>poni</strong></span> <span class='ocrx_word' id='word_1_287' title='bbox 1050 2331 1132 2387; x_wconf 87' lang='lat' dir='ltr'><strong>rebus</strong></span> <span class='ocrx_word' id='word_1_288' title='bbox 1145 2329 1337 2402; x_wconf 85' lang='lat' dir='ltr'><strong>incipientibus</strong></span> <span class='ocrx_word' id='word_1_289' title='bbox 1359 2330 1429 2388; x_wconf 83' lang='lat' dir='ltr'><strong>lieri.</strong></span> <span class='ocrx_word' id='word_1_290' title='bbox 1453 2332 1526 2389; x_wconf 87' lang='lat' dir='ltr'><strong>Nihil</strong></span> <span class='ocrx_word' id='word_1_291' title='bbox 1541 2333 1623 2405; x_wconf 87' lang='lat' dir='ltr'><strong>enim,</strong></span> <span class='ocrx_word' id='word_1_292' title='bbox 1639 2333 1714 2407; x_wconf 93' lang='lat' dir='ltr'><strong>quod</strong></span> 
     </span>
     <span class='ocr_line' id='line_1_24' title="bbox 60 2414 1714 2494; baseline 0.003 -19"><span class='ocrx_word' id='word_1_293' title='bbox 60 2417 129 2475; x_wconf 79' lang='lat' dir='ltr'><strong>intra</strong></span> <span class='ocrx_word' id='word_1_294' title='bbox 153 2417 309 2475; x_wconf 76' lang='lat' dir='ltr'><strong>Dumium</strong></span> <span class='ocrx_word' id='word_1_295' title='bbox 335 2417 409 2490; x_wconf 87' lang='lat' dir='ltr'><strong>quod</strong></span> <span class='ocrx_word' id='word_1_296' title='bbox 436 2433 471 2474; x_wconf 86' lang='lat' dir='ltr'><strong>ex</strong></span> <span class='ocrx_word' id='word_1_297' title='bbox 496 2416 558 2490; x_wconf 88' lang='lat' dir='ltr'><strong>ipso</strong></span> <span class='ocrx_word' id='word_1_298' title='bbox 586 2424 613 2472; x_wconf 88' lang='lat' dir='ltr'><strong>et</strong></span> <span class='ocrx_word' id='word_1_299' title='bbox 639 2415 667 2472; x_wconf 93' lang='lat' dir='ltr'><strong>in</strong></span> <span class='ocrx_word' id='word_1_300' title='bbox 699 2415 759 2488; x_wconf 87' lang='lat' dir='ltr'><strong>ipso</strong></span> <span class='ocrx_word' id='word_1_301' title='bbox 791 2414 862 2484; x_wconf 84' lang='lat' dir='ltr'><strong>luit,</strong></span> <span class='ocrx_word' id='word_1_302' title='bbox 916 2419 976 2477; x_wconf 83' lang='lat' dir='ltr'><strong>lieri</strong></span> <span class='ocrx_word' id='word_1_303' title='bbox 1002 2420 1093 2491; x_wconf 84' lang='lat' dir='ltr'><strong>babet,</strong></span> <span class='ocrx_word' id='word_1_304' title='bbox 1122 2420 1180 2477; x_wconf 89' lang='lat' dir='ltr'><strong>sine</strong></span> <span class='ocrx_word' id='word_1_305' title='bbox 1195 2419 1272 2477; x_wconf 91' lang='lat' dir='ltr'><strong>initio</strong></span> <span class='ocrx_word' id='word_1_306' title='bbox 1299 2435 1371 2491; x_wconf 82' lang='lat' dir='ltr'><strong>esse,</strong></span> <span class='ocrx_word' id='word_1_307' title='bbox 1400 2421 1466 2494; x_wconf 93' lang='lat' dir='ltr'><strong>quin</strong></span> <span class='ocrx_word' id='word_1_308' title='bbox 1489 2421 1594 2479; x_wconf 87' lang='lat' dir='ltr'><strong>initium</strong></span> <span class='ocrx_word' id='word_1_309' title='bbox 1617 2423 1653 2480; x_wconf 86' lang='lat' dir='ltr'><strong>sit</strong></span> <span class='ocrx_word' id='word_1_310' title='bbox 1675 2423 1714 2480; x_wconf 92' lang='lat' dir='ltr'><strong>illi</strong></span> 
     </span>
     <span class='ocr_line' id='line_1_25' title="bbox 62 2503 1715 2583; baseline 0.002 -19"><span class='ocrx_word' id='word_1_311' title='bbox 62 2507 118 2564; x_wconf 85' lang='lat' dir='ltr'><strong>sine</strong></span> <span class='ocrx_word' id='word_1_312' title='bbox 132 2506 216 2564; x_wconf 87' lang='lat' dir='ltr'><strong>initio</strong></span> <span class='ocrx_word' id='word_1_313' title='bbox 231 2521 289 2562; x_wconf 92' lang='lat' dir='ltr'><strong>nou</strong></span> <span class='ocrx_word' id='word_1_314' title='bbox 310 2505 382 2562; x_wconf 83' lang='lat' dir='ltr'><strong>luit:</strong></span> <span class='ocrx_word' id='word_1_315' title='bbox 407 2503 509 2578; x_wconf 87' lang='lat' dir='ltr'><strong>Sophia</strong></span> <span class='ocrx_word' id='word_1_316' title='bbox 532 2504 635 2561; x_wconf 85' lang='lat' dir='ltr'><strong>seilicet</strong></span> <span class='ocrx_word' id='word_1_317' title='bbox 657 2503 741 2575; x_wconf 87' lang='lat' dir='ltr'><strong>ipsius</strong></span> <span class='ocrx_word' id='word_1_318' title='bbox 765 2505 863 2562; x_wconf 81' lang='lat' dir='ltr'><strong>exinde</strong></span> <span class='ocrx_word' id='word_1_319' title='bbox 917 2510 1005 2582; x_wconf 89' lang='lat' dir='ltr'><strong>ipsum</strong></span> <span class='ocrx_word' id='word_1_320' title='bbox 1029 2510 1096 2567; x_wconf 88' lang='lat' dir='ltr'><strong>dum</strong></span> <span class='ocrx_word' id='word_1_321' title='bbox 1119 2509 1214 2581; x_wconf 84' lang='lat' dir='ltr'><strong>incipit</strong></span> <span class='ocrx_word' id='word_1_322' title='bbox 1236 2506 1304 2566; x_wconf 85' lang='lat' dir='ltr'><strong>lieri.</strong></span> <span class='ocrx_word' id='word_1_323' title='bbox 1328 2509 1369 2566; x_wconf 87' lang='lat' dir='ltr'><strong>lta</strong></span> <span class='ocrx_word' id='word_1_324' title='bbox 1395 2509 1559 2583; x_wconf 90' lang='lat' dir='ltr'><strong>principium</strong></span> <span class='ocrx_word' id='word_1_325' title='bbox 1585 2511 1643 2570; x_wconf 88' lang='lat' dir='ltr'><strong>sirc</strong></span> <span class='ocrx_word' id='word_1_326' title='bbox 1660 2511 1715 2568; x_wconf 92' lang='lat' dir='ltr'><strong>ini-</strong></span> 
     </span>
     <span class='ocr_line' id='line_1_26' title="bbox 60 2591 1716 2672; baseline 0.005 -20"><span class='ocrx_word' id='word_1_327' title='bbox 60 2604 122 2653; x_wconf 82' lang='lat' dir='ltr'><strong>usta</strong></span> <span class='ocrx_word' id='word_1_328' title='bbox 147 2602 177 2653; x_wconf 89' lang='lat' dir='ltr'><strong>et</strong></span> <span class='ocrx_word' id='word_1_329' title='bbox 205 2592 330 2661; x_wconf 81' lang='lat' dir='ltr'><strong>condita,</strong></span> <span class='ocrx_word' id='word_1_330' title='bbox 357 2608 391 2651; x_wconf 84' lang='lat' dir='ltr'><strong>at</strong></span> <span class='ocrx_word' id='word_1_331' title='bbox 417 2607 473 2668; x_wconf 86' lang='lat' dir='ltr'><strong>quo</strong></span> <span class='ocrx_word' id='word_1_332' title='bbox 494 2593 523 2650; x_wconf 93' lang='lat' dir='ltr'><strong>in</strong></span> <span class='ocrx_word' id='word_1_333' title='bbox 547 2608 628 2651; x_wconf 89' lang='lat' dir='ltr'><strong>sensu</strong></span> <span class='ocrx_word' id='word_1_334' title='bbox 649 2591 702 2649; x_wconf 86' lang='lat' dir='ltr'><strong>Dei</strong></span> <span class='ocrx_word' id='word_1_335' title='bbox 726 2592 760 2649; x_wconf 88' lang='lat' dir='ltr'><strong>ad</strong></span> <span class='ocrx_word' id='word_1_336' title='bbox 778 2606 862 2664; x_wconf 83' lang='lat' dir='ltr'><strong>opera</strong></span> <span class='ocrx_word' id='word_1_337' title='bbox 918 2599 985 2656; x_wconf 84' lang='lat' dir='ltr'><strong>tiutn</strong></span> <span class='ocrx_word' id='word_1_338' title='bbox 1008 2599 1074 2671; x_wconf 76' lang='lat' dir='ltr'><strong>(lo),</strong></span> <span class='ocrx_word' id='word_1_339' title='bbox 1102 2598 1275 2670; x_wconf 83' lang='lat' dir='ltr'><strong>incoeptionis</strong></span> <span class='ocrx_word' id='word_1_340' title='bbox 1297 2613 1359 2655; x_wconf 86' lang='lat' dir='ltr'><strong>essa</strong></span> <span class='ocrx_word' id='word_1_341' title='bbox 1380 2599 1506 2670; x_wconf 82' lang='lat' dir='ltr'><strong>verbum,</strong></span> <span class='ocrx_word' id='word_1_342' title='bbox 1530 2615 1585 2657; x_wconf 93' lang='lat' dir='ltr'><strong>non</strong></span> <span class='ocrx_word' id='word_1_343' title='bbox 1600 2601 1716 2672; x_wconf 86' lang='lat' dir='ltr'><strong>alicujus</strong></span> 
     </span>
     <span class='ocr_line' id='line_1_27' title="bbox 58 2679 1716 2761; baseline 0.002 -19"><span class='ocrx_word' id='word_1_344' title='bbox 58 2684 152 2742; x_wconf 77' lang='lat' dir='ltr'><strong>nundi</strong></span> <span class='ocrx_word' id='word_1_345' title='bbox 177 2681 356 2758; x_wconf 67' lang='lat' dir='ltr'><strong>disponam</strong></span> <span class='ocrx_word' id='word_1_346' title='bbox 394 2683 478 2755; x_wconf 83' lang='lat' dir='ltr'><strong>coepit</strong></span> <span class='ocrx_word' id='word_1_347' title='bbox 505 2681 633 2756; x_wconf 80' lang='lat' dir='ltr'><strong>agitari:</strong></span> <span class='ocrx_word' id='word_1_348' title='bbox 664 2681 748 2738; x_wconf 90' lang='lat' dir='ltr'><strong>multo</strong></span> <span class='ocrx_word' id='word_1_349' title='bbox 775 2679 863 2754; x_wconf 79' lang='lat' dir='ltr'><strong>magis</strong></span> <span class='ocrx_word' id='word_1_350' title='bbox 918 2688 1077 2746; x_wconf 73' lang='lat' dir='ltr'><strong>substantia</strong></span> <span class='ocrx_word' id='word_1_351' title='bbox 1099 2702 1207 2746; x_wconf 90' lang='lat' dir='ltr'><strong>nomen.</strong></span> <span class='ocrx_word' id='word_1_352' title='bbox 1237 2688 1297 2743; x_wconf 87' lang='lat' dir='ltr'><strong>lam</strong></span> <span class='ocrx_word' id='word_1_353' title='bbox 1320 2701 1402 2757; x_wconf 82' lang='lat' dir='ltr'><strong>nunc,</strong></span> <span class='ocrx_word' id='word_1_354' title='bbox 1426 2688 1449 2743; x_wconf 89' lang='lat' dir='ltr'><strong>si</strong></span> <span class='ocrx_word' id='word_1_355' title='bbox 1476 2688 1638 2761; x_wconf 87' lang='lat' dir='ltr'><strong>principalia</strong></span> <span class='ocrx_word' id='word_1_356' title='bbox 1665 2690 1716 2747; x_wconf 89' lang='lat' dir='ltr'><strong>Dei</strong></span> 
     </span>
     <span class='ocr_line' id='line_1_28' title="bbox 56 2768 1716 2849; baseline 0.002 -18"><span class='ocrx_word' id='word_1_357' title='bbox 56 2788 113 2831; x_wconf 79' lang='lat' dir='ltr'><strong>m</strong></span> <span class='ocrx_word' id='word_1_358' title='bbox 137 2772 216 2848; x_wconf 78' lang='lat' dir='ltr'><strong>rapit</strong></span> <span class='ocrx_word' id='word_1_359' title='bbox 242 2771 308 2830; x_wconf 82' lang='lat' dir='ltr'><strong>tina</strong></span> <span class='ocrx_word' id='word_1_360' title='bbox 333 2770 411 2829; x_wconf 89' lang='lat' dir='ltr'><strong>initio</strong></span> <span class='ocrx_word' id='word_1_361' title='bbox 438 2771 587 2846; x_wconf 87' lang='lat' dir='ltr'><strong>quidquam</strong></span> <span class='ocrx_word' id='word_1_362' title='bbox 612 2768 698 2827; x_wconf 89' lang='lat' dir='ltr'><strong>iuiase</strong></span> <span class='ocrx_word' id='word_1_363' title='bbox 725 2769 783 2842; x_wconf 80' lang='grc'>(38)</span> <span class='ocrx_word' id='word_1_364' title='bbox 807 2783 862 2842; x_wconf 85' lang='lat' dir='ltr'><strong>quo</strong></span> <span class='ocrx_word' id='word_1_365' title='bbox 916 2790 1001 2849; x_wconf 86' lang='lat' dir='ltr'><strong>opera</strong></span> <span class='ocrx_word' id='word_1_366' title='bbox 1023 2776 1121 2834; x_wconf 86' lang='lat' dir='ltr'><strong>coelnm</strong></span> <span class='ocrx_word' id='word_1_367' title='bbox 1144 2783 1172 2833; x_wconf 89' lang='lat' dir='ltr'><strong>et</strong></span> <span class='ocrx_word' id='word_1_368' title='bbox 1192 2783 1264 2833; x_wconf 88' lang='lat' dir='ltr'><strong>terra</strong></span> <span class='ocrx_word' id='word_1_369' title='bbox 1289 2782 1363 2845; x_wconf 87' lang='lat' dir='ltr'><strong>sunt,</strong></span> <span class='ocrx_word' id='word_1_370' title='bbox 1378 2791 1439 2849; x_wconf 83' lang='lat' dir='ltr'><strong>quae</strong></span> <span class='ocrx_word' id='word_1_371' title='bbox 1458 2784 1520 2835; x_wconf 87' lang='lat' dir='ltr'><strong>ante</strong></span> <span class='ocrx_word' id='word_1_372' title='bbox 1535 2777 1627 2834; x_wconf 90' lang='lat' dir='ltr'><strong>omnia</strong></span> <span class='ocrx_word' id='word_1_373' title='bbox 1640 2778 1716 2835; x_wconf 90' lang='lat' dir='ltr'><strong>Deus</strong></span> 
     </span>
     <span class='ocr_line' id='line_1_29' title="bbox 58 2856 1717 2940; baseline 0.001 -18"><span class='ocrx_word' id='word_1_374' title='bbox 58 2871 134 2920; x_wconf 72' lang='lat' dir='ltr'><strong>extr·</strong></span> <span class='ocrx_word' id='word_1_375' title='bbox 164 2859 317 2922; x_wconf 74' lang='lat' dir='ltr'><strong>Dominum</strong></span> <span class='ocrx_word' id='word_1_376' title='bbox 344 2859 435 2918; x_wconf 85' lang='lat' dir='ltr'><strong>inerit.</strong></span> <span class='ocrx_word' id='word_1_377' title='bbox 469 2859 498 2916; x_wconf 87' lang='lat' dir='ltr'><strong>Si</strong></span> <span class='ocrx_word' id='word_1_378' title='bbox 536 2872 601 2917; x_wconf 88' lang='lat' dir='ltr'><strong>reru</strong></span> <span class='ocrx_word' id='word_1_379' title='bbox 635 2856 736 2930; x_wconf 84' lang='lat' dir='ltr'><strong>Sophia</strong></span> <span class='ocrx_word' id='word_1_380' title='bbox 766 2857 861 2914; x_wconf 76' lang='lat' dir='ltr'><strong>eudem</strong></span> <span class='ocrx_word' id='word_1_381' title='bbox 917 2864 981 2922; x_wconf 83' lang='lat' dir='ltr'><strong>iecit</strong></span> <span class='ocrx_word' id='word_1_382' title='bbox 995 2879 1106 2922; x_wconf 90' lang='lat' dir='ltr'><strong>suorum</strong></span> <span class='ocrx_word' id='word_1_383' title='bbox 1123 2861 1135 2902; x_wconf 63' lang='grc' dir='ltr'>Ἰ</span> <span class='ocrx_word' id='word_1_384' title='bbox 1150 2880 1211 2923; x_wconf 83' lang='lat' dir='ltr'><strong>esse</strong></span> <span class='ocrx_word' id='word_1_385' title='bbox 1224 2864 1335 2937; x_wconf 90' lang='lat' dir='ltr'><strong>proprie</strong></span> <span class='ocrx_word' id='word_1_386' title='bbox 1352 2864 1527 2937; x_wconf 88' lang='lat' dir='ltr'><strong>principium,</strong></span> <span class='ocrx_word' id='word_1_387' title='bbox 1544 2882 1606 2939; x_wconf 77' lang='lat' dir='ltr'><strong>qum</strong></span> <span class='ocrx_word' id='word_1_388' title='bbox 1624 2867 1717 2940; x_wconf 87' lang='lat' dir='ltr'><strong>priora</strong></span> 
     </span>
     <span class='ocr_line' id='line_1_30' title="bbox 64 2945 1718 3030; baseline 0.003 -20"><span class='ocrx_word' id='word_1_389' title='bbox 64 2951 118 3007; x_wconf 74' lang='lat' dir='ltr'><strong>liri</strong></span> <span class='ocrx_word' id='word_1_390' title='bbox 147 2965 242 3011; x_wconf 69' lang='lat' dir='ltr'><strong>suno</strong></span> <span class='ocrx_word' id='word_1_391' title='bbox 278 2957 321 3008; x_wconf 77' lang='lat' dir='ltr'><strong>cst</strong></span> <span class='ocrx_word' id='word_1_392' title='bbox 352 2950 441 3008; x_wconf 58' lang='lat' dir='ltr'><strong>send·</strong></span> <span class='ocrx_word' id='word_1_393' title='bbox 473 2947 571 3021; x_wconf 84' lang='lat' dir='ltr'><strong>sopbiu</strong></span> <span class='ocrx_word' id='word_1_394' title='bbox 604 2945 630 2985; x_wconf 82' lang='lat'><strong>⁹⁹</strong></span> <span class='ocrx_word' id='word_1_395' title='bbox 656 2953 683 3004; x_wconf 86' lang='lat' dir='ltr'><strong>et</strong></span> <span class='ocrx_word' id='word_1_396' title='bbox 718 2946 777 3002; x_wconf 79' lang='lat' dir='ltr'><strong>tina</strong></span> <span class='ocrx_word' id='word_1_397' title='bbox 809 2960 864 3017; x_wconf 87' lang='lat' dir='ltr'><strong>quo</strong></span> <span class='ocrx_word' id='word_1_398' title='bbox 918 2953 1073 3023; x_wconf 85' lang='lat' dir='ltr'><strong>suntiscta,</strong></span> <span class='ocrx_word' id='word_1_399' title='bbox 1088 2954 1184 3009; x_wconf 91' lang='lat' dir='ltr'><strong>merito</strong></span> <span class='ocrx_word' id='word_1_400' title='bbox 1198 2953 1531 3026; x_wconf 84' lang='lat' dir='ltr'><strong>sicpraeiaturScriptura</strong></span> <span class='ocrx_word' id='word_1_401' title='bbox 1545 2955 1571 3014; x_wconf 79' lang='lat'><strong>⁸:</strong></span> <span class='ocrx_word' id='word_1_402' title='bbox 1588 2958 1620 3013; x_wconf 87' lang='lat' dir='ltr'><strong>lrt</strong></span> <span class='ocrx_word' id='word_1_403' title='bbox 1633 2958 1718 3030; x_wconf 83' lang='lat' dir='ltr'><strong>pritt-</strong></span> 
     </span>
     <span class='ocr_line' id='line_1_31' title="bbox 71 3036 1716 3120; baseline 0.002 -22"><span class='ocrx_word' id='word_1_404' title='bbox 71 3039 172 3098; x_wconf 75' lang='lat' dir='ltr'><strong>isctn</strong></span> <span class='ocrx_word' id='word_1_405' title='bbox 190 3050 235 3100; x_wconf 70' lang='lat' dir='ltr'><strong>ot</strong></span> <span class='ocrx_word' id='word_1_406' title='bbox 255 3040 321 3098; x_wconf 80' lang='lat' dir='ltr'><strong>nibil</strong></span> <span class='ocrx_word' id='word_1_407' title='bbox 344 3040 439 3113; x_wconf 78' lang='grc' dir='ltr'><strong>(Ιυυυ.</strong></span> <span class='ocrx_word' id='word_1_408' title='bbox 464 3055 483 3107; x_wconf 90' lang='lat' dir='ltr'><strong>t,</strong></span> <span class='ocrx_word' id='word_1_409' title='bbox 508 3043 547 3111; x_wconf 78' lang='grc'><strong>3),</strong></span> <span class='ocrx_word' id='word_1_410' title='bbox 566 3037 637 3096; x_wconf 88' lang='lat' dir='ltr'><strong>sicut</strong></span> <span class='ocrx_word' id='word_1_411' title='bbox 659 3046 687 3094; x_wconf 91' lang='lat' dir='ltr'><strong>et</strong></span> <span class='ocrx_word' id='word_1_412' title='bbox 704 3036 864 3110; x_wconf 86' lang='lat' dir='ltr'><strong>dispositum</strong></span> <span class='ocrx_word' id='word_1_413' title='bbox 880 3039 991 3120; x_wconf 66' lang='lat' dir='ltr'><strong>eripio</strong></span> <span class='ocrx_word' id='word_1_414' title='bbox 1004 3044 1073 3114; x_wconf 73' lang='lat' dir='ltr'><strong>sccii</strong></span> <span class='ocrx_word' id='word_1_415' title='bbox 1086 3044 1158 3100; x_wconf 81' lang='lat' dir='ltr'><strong>Deus</strong></span> <span class='ocrx_word' id='word_1_416' title='bbox 1171 3041 1313 3099; x_wconf 83' lang='lat' dir='ltr'><strong>coeiamet</strong></span> <span class='ocrx_word' id='word_1_417' title='bbox 1324 3044 1515 3113; x_wconf 72' lang='lat' dir='ltr'><strong>terramidea.</strong></span> <span class='ocrx_word' id='word_1_418' title='bbox 1526 3059 1546 3110; x_wconf 88' lang='lat' dir='ltr'><strong>t,</strong></span> <span class='ocrx_word' id='word_1_419' title='bbox 1558 3047 1604 3116; x_wconf 86' lang='lat' dir='ltr'><strong>l);</strong></span> <span class='ocrx_word' id='word_1_420' title='bbox 1617 3062 1716 3117; x_wconf 91' lang='lat' dir='ltr'><strong>quem-</strong></span> 
     </span>
     <span class='ocr_line' id='line_1_32' title="bbox 70 3125 1717 3203; baseline 0.001 -15"><span class='ocrx_word' id='word_1_421' title='bbox 70 3130 136 3187; x_wconf 83' lang='lat' dir='ltr'><strong>sine</strong></span> <span class='ocrx_word' id='word_1_422' title='bbox 156 3129 353 3203; x_wconf 50' lang='lat' dir='ltr'><strong>apumque</strong></span> <span class='ocrx_word' id='word_1_423' title='bbox 376 3136 418 3187; x_wconf 84' lang='lat' dir='ltr'><strong>cst</strong></span> <span class='ocrx_word' id='word_1_424' title='bbox 439 3137 470 3186; x_wconf 89' lang='lat' dir='ltr'><strong>ut</strong></span> <span class='ocrx_word' id='word_1_425' title='bbox 491 3128 560 3185; x_wconf 86' lang='lat' dir='ltr'><strong>Filio</strong></span> <span class='ocrx_word' id='word_1_426' title='bbox 582 3126 632 3185; x_wconf 85' lang='lat' dir='ltr'><strong>uei</strong></span> <span class='ocrx_word' id='word_1_427' title='bbox 654 3140 780 3183; x_wconf 85' lang='lat' dir='ltr'><strong>sermone</strong></span> <span class='ocrx_word' id='word_1_428' title='bbox 803 3125 866 3180; x_wconf 89' lang='lat' dir='ltr'><strong>uni·</strong></span> <span class='ocrx_word' id='word_1_429' title='bbox 921 3130 1068 3188; x_wconf 87' lang='lat' dir='ltr'><strong>admodum</strong></span> <span class='ocrx_word' id='word_1_430' title='bbox 1096 3127 1239 3186; x_wconf 87' lang='lat' dir='ltr'><strong>dixisset:</strong></span> <span class='ocrx_word' id='word_1_431' title='bbox 1269 3127 1300 3183; x_wconf 93' lang='lat' dir='ltr'><strong>ln</strong></span> <span class='ocrx_word' id='word_1_432' title='bbox 1328 3128 1411 3184; x_wconf 87' lang='lat' dir='ltr'><strong>finem</strong></span> <span class='ocrx_word' id='word_1_433' title='bbox 1434 3131 1507 3186; x_wconf 85' lang='lat' dir='ltr'><strong>Deus</strong></span> <span class='ocrx_word' id='word_1_434' title='bbox 1530 3131 1595 3188; x_wconf 88' lang='lat' dir='ltr'><strong>iecit</strong></span> <span class='ocrx_word' id='word_1_435' title='bbox 1617 3133 1717 3189; x_wconf 87' lang='lat' dir='ltr'><strong>coslum</strong></span> 
     </span>
     <span class='ocr_line' id='line_1_33' title="bbox 106 3214 1715 3295; baseline -0.009 -4"><span class='ocrx_word' id='word_1_436' title='bbox 106 3217 175 3276; x_wconf 67' lang='lat'><strong>³5¹⁰</strong></span> <span class='ocrx_word' id='word_1_437' title='bbox 201 3225 230 3275; x_wconf 59' lang='grc' dir='ltr'>ἅ</span> <span class='ocrx_word' id='word_1_438' title='bbox 248 3217 431 3295; x_wconf 63' lang='grc' dir='ltr'><strong>Ρῑῑῦθίθῦὶῐῡ</strong></span> <span class='ocrx_word' id='word_1_439' title='bbox 458 3216 560 3292; x_wconf 65' lang='lat' dir='ltr'><strong>ssliquid</strong></span> <span class='ocrx_word' id='word_1_440' title='bbox 586 3214 667 3274; x_wconf 70' lang='lat' dir='ltr'><strong>suelli</strong></span> <span class='ocrx_word' id='word_1_441' title='bbox 694 3221 792 3289; x_wconf 68' lang='lat' dir='ltr'><strong>plffliel</strong></span> <span class='ocrx_word' id='word_1_442' title='bbox 816 3215 866 3270; x_wconf 73' lang='lat' dir='ltr'><strong>Pit·</strong></span> <span class='ocrx_word' id='word_1_443' title='bbox 920 3231 948 3280; x_wconf 85' lang='lat' dir='ltr'><strong>at</strong></span> <span class='ocrx_word' id='word_1_444' title='bbox 965 3227 1063 3277; x_wconf 88' lang='lat' dir='ltr'><strong>terram</strong></span> <span class='ocrx_word' id='word_1_445' title='bbox 1076 3235 1083 3275; x_wconf 94' lang='lat'><strong>:</strong></span> <span class='ocrx_word' id='word_1_446' title='bbox 1098 3217 1122 3275; x_wconf 91' lang='lat' dir='ltr'><strong>si</strong></span> <span class='ocrx_word' id='word_1_447' title='bbox 1136 3224 1198 3290; x_wconf 91' lang='lat' dir='ltr'><strong>post</strong></span> <span class='ocrx_word' id='word_1_448' title='bbox 1210 3216 1339 3274; x_wconf 80' lang='lat' dir='ltr'><strong>uniuersa</strong></span> <span class='ocrx_word' id='word_1_449' title='bbox 1360 3216 1480 3274; x_wconf 89' lang='lat' dir='ltr'><strong>lecisset.</strong></span> <span class='ocrx_word' id='word_1_450' title='bbox 1495 3219 1551 3274; x_wconf 79' lang='lat' dir='ltr'><strong>Aut</strong></span> <span class='ocrx_word' id='word_1_451' title='bbox 1569 3220 1593 3275; x_wconf 91' lang='lat' dir='ltr'><strong>si</strong></span> <span class='ocrx_word' id='word_1_452' title='bbox 1607 3221 1715 3290; x_wconf 92' lang='lat' dir='ltr'><strong>prinoi-</strong></span> 
     </span>
     <span class='ocr_line' id='line_1_34' title="bbox 71 3303 1715 3385; baseline -0.002 -17"><span class='ocrx_word' id='word_1_453' title='bbox 71 3325 138 3368; x_wconf 77' lang='lat' dir='ltr'><strong>rem</strong></span> <span class='ocrx_word' id='word_1_454' title='bbox 161 3308 316 3385; x_wconf 76' lang='lat' dir='ltr'><strong>antiquius:</strong></span> <span class='ocrx_word' id='word_1_455' title='bbox 340 3319 367 3368; x_wconf 87' lang='lat' dir='ltr'><strong>et</strong></span> <span class='ocrx_word' id='word_1_456' title='bbox 394 3311 447 3369; x_wconf 86' lang='lat' dir='ltr'><strong>bos</strong></span> <span class='ocrx_word' id='word_1_457' title='bbox 468 3309 551 3367; x_wconf 89' lang='lat' dir='ltr'><strong>modo</strong></span> <span class='ocrx_word' id='word_1_458' title='bbox 579 3307 673 3382; x_wconf 86' lang='lat' dir='ltr'><strong>utique</strong></span> <span class='ocrx_word' id='word_1_459' title='bbox 695 3303 864 3381; x_wconf 77' lang='lat' dir='ltr'><strong>generosius,</strong></span> <span class='ocrx_word' id='word_1_460' title='bbox 919 3311 994 3383; x_wconf 88' lang='lat' dir='ltr'><strong>pium</strong></span> <span class='ocrx_word' id='word_1_461' title='bbox 1012 3306 1107 3382; x_wconf 88' lang='lat' dir='ltr'><strong>aliqua</strong></span> <span class='ocrx_word' id='word_1_462' title='bbox 1128 3307 1347 3376; x_wconf 62' lang='lat' dir='ltr'><strong>substantium,</strong></span> <span class='ocrx_word' id='word_1_463' title='bbox 1367 3305 1458 3362; x_wconf 90' lang='lat' dir='ltr'><strong>eritet</strong></span> <span class='ocrx_word' id='word_1_464' title='bbox 1477 3305 1715 3381; x_wconf 87' lang='lat' dir='ltr'><strong>finisaliquama-</strong></span> 
     </span>
     <span class='ocr_line' id='line_1_35' title="bbox 60 3393 1716 3473; baseline -0.002 -16"><span class='ocrx_word' id='word_1_465' title='bbox 60 3399 167 3457; x_wconf 73' lang='grc' dir='ltr'>υοάυυι</span> <span class='ocrx_word' id='word_1_466' title='bbox 180 3399 259 3473; x_wconf 87' lang='lat' dir='ltr'><strong>qnod</strong></span> <span class='ocrx_word' id='word_1_467' title='bbox 277 3401 402 3457; x_wconf 84' lang='lat' dir='ltr'><strong>innatum</strong></span> <span class='ocrx_word' id='word_1_468' title='bbox 417 3396 430 3439; x_wconf 80' lang='lat'><strong><em>¹</em></strong></span> <span class='ocrx_word' id='word_1_469' title='bbox 443 3407 507 3458; x_wconf 90' lang='lat' dir='ltr'><strong>nato</strong></span> <span class='ocrx_word' id='word_1_470' title='bbox 523 3397 628 3465; x_wconf 86' lang='lat' dir='ltr'><strong>lortius,</strong></span> <span class='ocrx_word' id='word_1_471' title='bbox 645 3404 672 3455; x_wconf 92' lang='lat' dir='ltr'><strong>et</strong></span> <span class='ocrx_word' id='word_1_472' title='bbox 690 3395 764 3469; x_wconf 92' lang='lat' dir='ltr'><strong>quod</strong></span> <span class='ocrx_word' id='word_1_473' title='bbox 777 3393 865 3451; x_wconf 86' lang='lat' dir='ltr'><strong>iniec·</strong></span> <span class='ocrx_word' id='word_1_474' title='bbox 918 3398 1001 3455; x_wconf 90' lang='lat' dir='ltr'><strong>teria.</strong></span> <span class='ocrx_word' id='word_1_475' title='bbox 1033 3396 1114 3453; x_wconf 87' lang='lat' dir='ltr'><strong>Plane</strong></span> <span class='ocrx_word' id='word_1_476' title='bbox 1144 3394 1238 3453; x_wconf 87' lang='lat' dir='ltr'><strong>licebit</strong></span> <span class='ocrx_word' id='word_1_477' title='bbox 1269 3394 1350 3450; x_wconf 89' lang='lat' dir='ltr'><strong>etiam</strong></span> <span class='ocrx_word' id='word_1_478' title='bbox 1386 3394 1584 3451; x_wconf 82' lang='lat' dir='ltr'><strong>substantivum</strong></span> <span class='ocrx_word' id='word_1_479' title='bbox 1611 3395 1716 3468; x_wconf 92' lang='lat' dir='ltr'><strong>aliquid</strong></span> 
     </span>
     <span class='ocr_line' id='line_1_36' title="bbox 58 3482 1714 3562; baseline -0.004 -15"><span class='ocrx_word' id='word_1_480' title='bbox 58 3500 118 3547; x_wconf 78' lang='lat' dir='ltr'><strong>tun</strong></span> <span class='ocrx_word' id='word_1_481' title='bbox 142 3488 245 3549; x_wconf 58' lang='grc' dir='ltr'><strong>Μυῒ</strong></span> <span class='ocrx_word' id='word_1_482' title='bbox 266 3488 412 3548; x_wconf 77' lang='lat' dir='ltr'><strong>validius?</strong></span> <span class='ocrx_word' id='word_1_483' title='bbox 435 3487 501 3562; x_wconf 88' lang='lat' dir='ltr'><strong>qnia</strong></span> <span class='ocrx_word' id='word_1_484' title='bbox 523 3486 598 3561; x_wconf 91' lang='lat' dir='ltr'><strong>qnod</strong></span> <span class='ocrx_word' id='word_1_485' title='bbox 619 3494 649 3543; x_wconf 89' lang='lat' dir='ltr'><strong>ut</strong></span> <span class='ocrx_word' id='word_1_486' title='bbox 670 3490 744 3542; x_wconf 86' lang='lat' dir='ltr'><strong>esset</strong></span> <span class='ocrx_word' id='word_1_487' title='bbox 765 3483 865 3540; x_wconf 89' lang='lat' dir='ltr'><strong>nullius</strong></span> <span class='ocrx_word' id='word_1_488' title='bbox 918 3485 1083 3560; x_wconf 90' lang='lat' dir='ltr'><strong>principium</strong></span> <span class='ocrx_word' id='word_1_489' title='bbox 1104 3501 1165 3543; x_wconf 85' lang='lat' dir='ltr'><strong>esse</strong></span> <span class='ocrx_word' id='word_1_490' title='bbox 1187 3484 1234 3541; x_wconf 89' lang='lat' dir='ltr'><strong>alii</strong></span> <span class='ocrx_word' id='word_1_491' title='bbox 1255 3483 1305 3553; x_wconf 82' lang='lat' dir='ltr'><strong>rai,</strong></span> <span class='ocrx_word' id='word_1_492' title='bbox 1325 3497 1388 3555; x_wconf 88' lang='lat' dir='ltr'><strong>quae</strong></span> <span class='ocrx_word' id='word_1_493' title='bbox 1415 3499 1448 3539; x_wconf 82' lang='lat' dir='ltr'><strong>ex</strong></span> <span class='ocrx_word' id='word_1_494' title='bbox 1471 3482 1532 3556; x_wconf 89' lang='lat' dir='ltr'><strong>ipso</strong></span> <span class='ocrx_word' id='word_1_495' title='bbox 1554 3485 1589 3542; x_wconf 89' lang='lat' dir='ltr'><strong>sit</strong></span> <span class='ocrx_word' id='word_1_496' title='bbox 1611 3482 1714 3556; x_wconf 86' lang='lat' dir='ltr'><strong>iutura,</strong></span> 
     </span>
     <span class='ocr_line' id='line_1_37' title="bbox 61 3570 1715 3651; baseline -0.004 -16"><span class='ocrx_word' id='word_1_497' title='bbox 61 3580 142 3651; x_wconf 75' lang='lat' dir='ltr'><strong>eguit</strong></span> <span class='ocrx_word' id='word_1_498' title='bbox 169 3576 301 3651; x_wconf 68' lang='lat' dir='ltr'><strong>amoris,</strong></span> <span class='ocrx_word' id='word_1_499' title='bbox 326 3578 412 3636; x_wconf 85' lang='lat' dir='ltr'><strong>multo</strong></span> <span class='ocrx_word' id='word_1_500' title='bbox 434 3575 576 3634; x_wconf 74' lang='lat' dir='ltr'><strong>sublimius</strong></span> <span class='ocrx_word' id='word_1_501' title='bbox 596 3574 650 3632; x_wconf 91' lang='lat' dir='ltr'><strong>erit</strong></span> <span class='ocrx_word' id='word_1_502' title='bbox 670 3587 703 3631; x_wconf 84' lang='lat' dir='ltr'><strong>eo</strong></span> <span class='ocrx_word' id='word_1_503' title='bbox 727 3570 810 3646; x_wconf 83' lang='lat' dir='ltr'><strong>quod,</strong></span> <span class='ocrx_word' id='word_1_504' title='bbox 835 3576 869 3628; x_wconf 90' lang='lat' dir='ltr'><strong>ut</strong></span> <span class='ocrx_word' id='word_1_505' title='bbox 918 3583 948 3633; x_wconf 93' lang='lat' dir='ltr'><strong>nt</strong></span> <span class='ocrx_word' id='word_1_506' title='bbox 970 3574 1065 3648; x_wconf 74' lang='lat' dir='ltr'><strong>argilla</strong></span> <span class='ocrx_word' id='word_1_507' title='bbox 1087 3572 1248 3647; x_wconf 86' lang='lat' dir='ltr'><strong>principium</strong></span> <span class='ocrx_word' id='word_1_508' title='bbox 1271 3578 1359 3644; x_wconf 84' lang='lat' dir='ltr'><strong>tastae,</strong></span> <span class='ocrx_word' id='word_1_509' title='bbox 1384 3576 1415 3628; x_wconf 90' lang='lat' dir='ltr'><strong>ut</strong></span> <span class='ocrx_word' id='word_1_510' title='bbox 1437 3587 1530 3630; x_wconf 86' lang='lat' dir='ltr'><strong>semen</strong></span> <span class='ocrx_word' id='word_1_511' title='bbox 1552 3572 1715 3647; x_wconf 85' lang='lat' dir='ltr'><strong>principium</strong></span> 
     </span>
     <span class='ocr_line' id='line_1_38' title="bbox 60 3660 1717 3742; baseline -0.003 -16"><span class='ocrx_word' id='word_1_512' title='bbox 60 3676 150 3737; x_wconf 61' lang='lat' dir='ltr'><strong>aet,</strong></span> <span class='ocrx_word' id='word_1_513' title='bbox 164 3667 288 3742; x_wconf 80' lang='lat' dir='ltr'><strong>aliquem</strong></span> <span class='ocrx_word' id='word_1_514' title='bbox 308 3666 404 3725; x_wconf 89' lang='lat' dir='ltr'><strong>babuit</strong></span> <span class='ocrx_word' id='word_1_515' title='bbox 426 3673 589 3724; x_wconf 87' lang='lat' dir='ltr'><strong>auctorem:</strong></span> <span class='ocrx_word' id='word_1_516' title='bbox 613 3661 738 3736; x_wconf 85' lang='lat' dir='ltr'><strong>proinde,</strong></span> <span class='ocrx_word' id='word_1_517' title='bbox 758 3660 783 3718; x_wconf 87' lang='lat' dir='ltr'><strong>ai</strong></span> <span class='ocrx_word' id='word_1_518' title='bbox 806 3676 864 3716; x_wconf 87' lang='lat' dir='ltr'><strong>ma·</strong></span> <span class='ocrx_word' id='word_1_519' title='bbox 918 3663 1019 3720; x_wconf 85' lang='lat' dir='ltr'><strong>berbaei</strong></span> <span class='ocrx_word' id='word_1_520' title='bbox 1050 3661 1104 3720; x_wconf 84' lang='lat' dir='ltr'><strong>Sed</strong></span> <span class='ocrx_word' id='word_1_521' title='bbox 1131 3676 1193 3719; x_wconf 87' lang='lat' dir='ltr'><strong>cum</strong></span> <span class='ocrx_word' id='word_1_522' title='bbox 1226 3663 1266 3718; x_wconf 88' lang='lat' dir='ltr'><strong>ita</strong></span> <span class='ocrx_word' id='word_1_523' title='bbox 1294 3660 1396 3717; x_wconf 86' lang='lat' dir='ltr'><strong>utimur</strong></span> <span class='ocrx_word' id='word_1_524' title='bbox 1423 3661 1557 3719; x_wconf 84' lang='lat' dir='ltr'><strong>vocabulo</strong></span> <span class='ocrx_word' id='word_1_525' title='bbox 1588 3662 1717 3735; x_wconf 89' lang='lat' dir='ltr'><strong>principii</strong></span> 
     </span>
     <span class='ocr_line' id='line_1_39' title="bbox 54 3748 1716 3843; baseline -0.004 -29"><span class='ocrx_word' id='word_1_526' title='bbox 54 3757 117 3814; x_wconf 88' lang='lat' dir='ltr'><strong>lnrn</strong></span> <span class='ocrx_word' id='word_1_527' title='bbox 145 3755 260 3830; x_wconf 78' lang='lat' dir='ltr'><strong>quidem</strong></span> <span class='ocrx_word' id='word_1_528' title='bbox 286 3756 412 3818; x_wconf 86' lang='lat' dir='ltr'><strong>innatum</strong></span> <span class='ocrx_word' id='word_1_529' title='bbox 440 3763 490 3827; x_wconf 82' lang='lat' dir='ltr'><strong>est,</strong></span> <span class='ocrx_word' id='word_1_530' title='bbox 520 3762 599 3812; x_wconf 87' lang='lat' dir='ltr'><strong>natus</strong></span> <span class='ocrx_word' id='word_1_531' title='bbox 627 3760 719 3810; x_wconf 88' lang='lat' dir='ltr'><strong>autam</strong></span> <span class='ocrx_word' id='word_1_532' title='bbox 738 3751 750 3791; x_wconf 90' lang='lat'>³</span> <span class='ocrx_word' id='word_1_533' title='bbox 767 3765 864 3843; x_wconf 38' lang='lat' dir='ltr'><strong>,serato</strong></span> <span class='ocrx_word' id='word_1_534' title='bbox 920 3753 1000 3825; x_wconf 89' lang='lat' dir='ltr'><strong>quasi</strong></span> <span class='ocrx_word' id='word_1_535' title='bbox 1027 3749 1151 3826; x_wconf 74' lang='lat' dir='ltr'><strong>originis,</strong></span> <span class='ocrx_word' id='word_1_536' title='bbox 1175 3764 1229 3807; x_wconf 92' lang='lat' dir='ltr'><strong>non</strong></span> <span class='ocrx_word' id='word_1_537' title='bbox 1251 3749 1328 3824; x_wconf 88' lang='lat' dir='ltr'><strong>quasi</strong></span> <span class='ocrx_word' id='word_1_538' title='bbox 1349 3748 1454 3807; x_wconf 87' lang='lat' dir='ltr'><strong>ordinis</strong></span> <span class='ocrx_word' id='word_1_539' title='bbox 1477 3751 1597 3820; x_wconf 84' lang='lat' dir='ltr'><strong>nomine,</strong></span> <span class='ocrx_word' id='word_1_540' title='bbox 1619 3751 1716 3821; x_wconf 75' lang='lat' dir='ltr'><strong>adiici-</strong></span> 
     </span>
     <span class='ocr_line' id='line_1_40' title="bbox 750 3846 1027 3918; baseline 0 -6"><span class='ocrx_word' id='word_1_541' title='bbox 750 3846 850 3913; x_wconf 82' lang='lat' dir='ltr'><strong>Varloe</strong></span> <span class='ocrx_word' id='word_1_542' title='bbox 871 3853 1027 3918; x_wconf 90' lang='lat' dir='ltr'><strong>lectiones.</strong></span> 
     </span>
    </p>
   </div>
   <div class='ocr_carea' id='block_1_5' title="bbox 47 3955 1720 4606">
    <p class='ocr_par' dir='ltr' id='par_1_5' title="bbox 47 3955 1720 4606">
     <span class='ocr_line' id='line_1_41' title="bbox 94 3955 1717 4029; baseline -0.003 -11"><span class='ocrx_word' id='word_1_543' title='bbox 94 3960 124 4001; x_wconf 78' lang='lat'><strong>⁹³</strong></span> <span class='ocrx_word' id='word_1_544' title='bbox 135 3960 249 4019; x_wconf 69' lang='lat' dir='ltr'><strong>lentes</strong></span> <span class='ocrx_word' id='word_1_545' title='bbox 261 3956 352 4020; x_wconf 78' lang='lat' dir='ltr'><strong>libert.</strong></span> <span class='ocrx_word' id='word_1_546' title='bbox 366 3958 451 4021; x_wconf 84' lang='lat' dir='ltr'><strong>Semi.</strong></span> <span class='ocrx_word' id='word_1_547' title='bbox 466 3960 535 4018; x_wconf 76' lang='lat' dir='ltr'><strong>tan.</strong></span> <span class='ocrx_word' id='word_1_548' title='bbox 553 3958 579 4000; x_wconf 78' lang='lat'><strong>⁹⁴</strong></span> <span class='ocrx_word' id='word_1_549' title='bbox 592 3955 763 4016; x_wconf 73' lang='lat' dir='ltr'><strong>sessurum</strong></span> <span class='ocrx_word' id='word_1_550' title='bbox 778 3955 856 4016; x_wconf 83' lang='lat' dir='ltr'><strong>abest</strong></span> <span class='ocrx_word' id='word_1_551' title='bbox 869 3957 902 4016; x_wconf 87' lang='lat' dir='ltr'><strong>itt</strong></span> <span class='ocrx_word' id='word_1_552' title='bbox 916 3955 965 4015; x_wconf 80' lang='lat' dir='ltr'><strong>rto.</strong></span> <span class='ocrx_word' id='word_1_553' title='bbox 991 3956 1105 4015; x_wconf 75' lang='lat' dir='ltr'><strong>Pithoi.</strong></span> <span class='ocrx_word' id='word_1_554' title='bbox 1122 3957 1182 4029; x_wconf 78' lang='lat' dir='ltr'><strong>llio.</strong></span> <span class='ocrx_word' id='word_1_555' title='bbox 1198 3957 1266 4014; x_wconf 78' lang='lat' dir='ltr'><strong>iou.</strong></span> <span class='ocrx_word' id='word_1_556' title='bbox 1283 3957 1350 4028; x_wconf 75' lang='lat' dir='ltr'><strong>lepis</strong></span> <span class='ocrx_word' id='word_1_557' title='bbox 1366 3973 1373 4014; x_wconf 94' lang='lat'><strong>:</strong></span> <span class='ocrx_word' id='word_1_558' title='bbox 1387 3955 1525 4012; x_wconf 85' lang='lat' dir='ltr'><strong>materiam</strong></span> <span class='ocrx_word' id='word_1_559' title='bbox 1548 3971 1613 4016; x_wconf 86' lang='lat' dir='ltr'><strong>raro</strong></span> <span class='ocrx_word' id='word_1_560' title='bbox 1628 3964 1717 4014; x_wconf 88' lang='lat' dir='ltr'><strong>mats-</strong></span> 
     </span>
     <span class='ocr_line' id='line_1_42' title="bbox 50 4025 1716 4105; baseline -0.004 -15"><span class='ocrx_word' id='word_1_561' title='bbox 50 4033 168 4105; x_wconf 74' lang='lat' dir='ltr'><strong>riarum</strong></span> <span class='ocrx_word' id='word_1_562' title='bbox 195 4046 252 4090; x_wconf 90' lang='lat' dir='ltr'><strong>non</strong></span> <span class='ocrx_word' id='word_1_563' title='bbox 278 4031 321 4088; x_wconf 86' lang='lat' dir='ltr'><strong>tic</strong></span> <span class='ocrx_word' id='word_1_564' title='bbox 347 4031 479 4089; x_wconf 85' lang='lat' dir='ltr'><strong>subditam</strong></span> <span class='ocrx_word' id='word_1_565' title='bbox 506 4046 539 4088; x_wconf 89' lang='lat' dir='ltr'><strong>ex</strong></span> <span class='ocrx_word' id='word_1_566' title='bbox 565 4029 694 4104; x_wconf 80' lang='lat' dir='ltr'><strong>llirscttq.</strong></span> <span class='ocrx_word' id='word_1_567' title='bbox 723 4028 783 4086; x_wconf 84' lang='lat' dir='ltr'><strong>cod.</strong></span> <span class='ocrx_word' id='word_1_568' title='bbox 812 4028 900 4089; x_wconf 77' lang='lat' dir='ltr'><strong>Rieu.</strong></span> <span class='ocrx_word' id='word_1_569' title='bbox 914 4027 1014 4088; x_wconf 73' lang='lat' dir='ltr'><strong>iide.⁹⁵</strong></span> <span class='ocrx_word' id='word_1_570' title='bbox 1027 4025 1106 4096; x_wconf 86' lang='lat' dir='ltr'><strong>Quali</strong></span> <span class='ocrx_word' id='word_1_571' title='bbox 1124 4029 1181 4084; x_wconf 90' lang='lat' dir='ltr'><strong>Deo</strong></span> <span class='ocrx_word' id='word_1_572' title='bbox 1195 4027 1281 4099; x_wconf 90' lang='lat' dir='ltr'><strong>potnit</strong></span> <span class='ocrx_word' id='word_1_573' title='bbox 1298 4025 1431 4101; x_wconf 69' lang='lat' dir='ltr'><strong>eguisse?</strong></span> <span class='ocrx_word' id='word_1_574' title='bbox 1450 4028 1493 4083; x_wconf 87' lang='lat' dir='ltr'><strong>sui</strong></span> <span class='ocrx_word' id='word_1_575' title='bbox 1517 4043 1560 4083; x_wconf 88' lang='lat' dir='ltr'><strong>ma</strong></span> <span class='ocrx_word' id='word_1_576' title='bbox 1582 4028 1604 4084; x_wconf 87' lang='lat' dir='ltr'><strong>&#39;s</strong></span> <span class='ocrx_word' id='word_1_577' title='bbox 1635 4044 1716 4101; x_wconf 88' lang='lat' dir='ltr'><strong>quam</strong></span> 
     </span>
     <span class='ocr_line' id='line_1_43' title="bbox 53 4097 1716 4176; baseline -0.004 -14"><span class='ocrx_word' id='word_1_578' title='bbox 53 4103 145 4162; x_wconf 74' lang='lat' dir='ltr'><strong>aliem</strong></span> <span class='ocrx_word' id='word_1_579' title='bbox 172 4102 260 4163; x_wconf 78' lang='lat' dir='ltr'><strong>sent.</strong></span> <span class='ocrx_word' id='word_1_580' title='bbox 279 4102 392 4163; x_wconf 64' lang='lat' dir='ltr'><strong>otest</strong></span> <span class='ocrx_word' id='word_1_581' title='bbox 411 4101 514 4161; x_wconf 71' lang='lat' dir='ltr'><strong>Alienis</strong></span> <span class='ocrx_word' id='word_1_582' title='bbox 537 4100 698 4176; x_wconf 83' lang='lat' dir='ltr'><strong>genuscod.</strong></span> <span class='ocrx_word' id='word_1_583' title='bbox 722 4098 873 4173; x_wconf 78' lang='lat' dir='ltr'><strong>Hirsooq.‚·</strong></span> <span class='ocrx_word' id='word_1_584' title='bbox 901 4099 975 4157; x_wconf 79' lang='lat' dir='ltr'><strong>unde</strong></span> <span class='ocrx_word' id='word_1_585' title='bbox 997 4097 1085 4158; x_wconf 80' lang='lat' dir='ltr'><strong>libert.</strong></span> <span class='ocrx_word' id='word_1_586' title='bbox 1100 4099 1214 4158; x_wconf 84' lang='lat' dir='ltr'><strong>uoluit:</strong></span> <span class='ocrx_word' id='word_1_587' title='bbox 1239 4099 1301 4154; x_wconf 88' lang='lat' dir='ltr'><strong>Suis</strong></span> <span class='ocrx_word' id='word_1_588' title='bbox 1327 4115 1354 4153; x_wconf 93' lang='lat' dir='ltr'><strong>m</strong></span> <span class='ocrx_word' id='word_1_589' title='bbox 1390 4098 1414 4155; x_wconf 84' lang='lat' dir='ltr'><strong>is</strong></span> <span class='ocrx_word' id='word_1_590' title='bbox 1440 4114 1522 4170; x_wconf 90' lang='lat' dir='ltr'><strong>quam</strong></span> <span class='ocrx_word' id='word_1_591' title='bbox 1570 4099 1716 4172; x_wconf 80' lang='lat' dir='ltr'><strong>ronigenis.</strong></span> 
     </span>
     <span class='ocr_line' id='line_1_44' title="bbox 58 4167 1717 4246; baseline -0.001 -15"><span class='ocrx_word' id='word_1_592' title='bbox 58 4174 88 4213; x_wconf 80' lang='lat'><strong>⁵⁸</strong></span> <span class='ocrx_word' id='word_1_593' title='bbox 101 4175 145 4231; x_wconf 75' lang='lat' dir='ltr'><strong>lis</strong></span> <span class='ocrx_word' id='word_1_594' title='bbox 182 4174 277 4230; x_wconf 78' lang='lat' dir='ltr'><strong>leret.</strong></span> <span class='ocrx_word' id='word_1_595' title='bbox 300 4171 326 4210; x_wconf 61' lang='grc' dir='ltr'><strong>θ’</strong></span> <span class='ocrx_word' id='word_1_596' title='bbox 339 4173 419 4231; x_wconf 85' lang='lat' dir='ltr'><strong>Prior</strong></span> <span class='ocrx_word' id='word_1_597' title='bbox 445 4173 511 4231; x_wconf 87' lang='lat' dir='ltr'><strong>item</strong></span> <span class='ocrx_word' id='word_1_598' title='bbox 539 4174 637 4246; x_wconf 76' lang='lat' dir='ltr'><strong>abysso</strong></span> <span class='ocrx_word' id='word_1_599' title='bbox 665 4173 732 4230; x_wconf 82' lang='lat' dir='ltr'><strong>tun.</strong></span> <span class='ocrx_word' id='word_1_600' title='bbox 747 4167 773 4207; x_wconf 75' lang='lat'><strong>⁹⁸</strong></span> <span class='ocrx_word' id='word_1_601' title='bbox 786 4171 884 4229; x_wconf 79' lang='lat' dir='ltr'><strong>Geniis</strong></span> <span class='ocrx_word' id='word_1_602' title='bbox 899 4186 970 4229; x_wconf 87' lang='lat' dir='ltr'><strong>tum.</strong></span> <span class='ocrx_word' id='word_1_603' title='bbox 996 4171 1064 4228; x_wconf 84' lang='lat' dir='ltr'><strong>Gnrn</strong></span> <span class='ocrx_word' id='word_1_604' title='bbox 1079 4176 1216 4243; x_wconf 72' lang='lat' dir='ltr'><strong>agnoscat,</strong></span> <span class='ocrx_word' id='word_1_605' title='bbox 1235 4169 1321 4227; x_wconf 76' lang='lat' dir='ltr'><strong>libert.</strong></span> <span class='ocrx_word' id='word_1_606' title='bbox 1348 4171 1368 4228; x_wconf 87' lang='lat'><strong><em>0</em></strong></span> <span class='ocrx_word' id='word_1_607' title='bbox 1385 4170 1458 4226; x_wconf 84' lang='lat' dir='ltr'><strong>crib.</strong></span> <span class='ocrx_word' id='word_1_608' title='bbox 1476 4171 1593 4228; x_wconf 83' lang='lat' dir='ltr'><strong>semler.</strong></span> <span class='ocrx_word' id='word_1_609' title='bbox 1608 4173 1717 4229; x_wconf 72' lang='lat' dir='ltr'><strong>invitm</strong></span> 
     </span>
     <span class='ocr_line' id='line_1_45' title="bbox 56 4239 1715 4322; baseline -0.002 -19"><span class='ocrx_word' id='word_1_610' title='bbox 56 4251 93 4303; x_wconf 77' lang='lat' dir='ltr'><strong>at</strong></span> <span class='ocrx_word' id='word_1_611' title='bbox 107 4247 291 4319; x_wconf 72' lang='lat' dir='ltr'><strong>inprobam.</strong></span> <span class='ocrx_word' id='word_1_612' title='bbox 307 4242 333 4282; x_wconf 80' lang='lat'><strong>⁹⁹</strong></span> <span class='ocrx_word' id='word_1_613' title='bbox 345 4244 440 4302; x_wconf 86' lang='lat' dir='ltr'><strong>Sermo</strong></span> <span class='ocrx_word' id='word_1_614' title='bbox 453 4253 504 4311; x_wconf 84' lang='lat' dir='ltr'><strong>est,</strong></span> <span class='ocrx_word' id='word_1_615' title='bbox 521 4260 616 4301; x_wconf 88' lang='lat' dir='ltr'><strong>sensus</strong></span> <span class='ocrx_word' id='word_1_616' title='bbox 630 4243 732 4315; x_wconf 87' lang='lat' dir='ltr'><strong>Sophia</strong></span> <span class='ocrx_word' id='word_1_617' title='bbox 742 4241 818 4322; x_wconf 28' lang='lat' dir='ltr'><strong>‘iura</strong></span> <span class='ocrx_word' id='word_1_618' title='bbox 834 4241 937 4300; x_wconf 83' lang='lat' dir='ltr'><strong>Sensus</strong></span> <span class='ocrx_word' id='word_1_619' title='bbox 963 4240 1105 4322; x_wconf 24' lang='lat' dir='ltr'><strong>etOSopbin</strong></span> <span class='ocrx_word' id='word_1_620' title='bbox 1133 4239 1170 4295; x_wconf 86' lang='lat' dir='ltr'><strong>lib</strong></span> <span class='ocrx_word' id='word_1_621' title='bbox 1193 4239 1326 4297; x_wconf 86' lang='lat' dir='ltr'><strong>.Pitbcei.</strong></span> <span class='ocrx_word' id='word_1_622' title='bbox 1344 4240 1353 4277; x_wconf 89' lang='lat'><strong>¹</strong></span> <span class='ocrx_word' id='word_1_623' title='bbox 1372 4241 1442 4297; x_wconf 87' lang='lat' dir='ltr'><strong>Nato</strong></span> <span class='ocrx_word' id='word_1_624' title='bbox 1470 4243 1608 4298; x_wconf 84' lang='lat' dir='ltr'><strong>inseritur</strong></span> <span class='ocrx_word' id='word_1_625' title='bbox 1630 4245 1715 4300; x_wconf 83' lang='lat' dir='ltr'><strong>Fron.</strong></span> 
     </span>
     <span class='ocr_line' id='line_1_46' title="bbox 53 4309 1718 4383; baseline -0.002 -10"><span class='ocrx_word' id='word_1_626' title='bbox 53 4316 210 4373; x_wconf 76' lang='lat' dir='ltr'><strong>²l²sesnm</strong></span> <span class='ocrx_word' id='word_1_627' title='bbox 238 4316 324 4374; x_wconf 84' lang='lat' dir='ltr'><strong>Semi.</strong></span> <span class='ocrx_word' id='word_1_628' title='bbox 355 4315 466 4374; x_wconf 76' lang='lat' dir='ltr'><strong>Obortis.</strong></span> <span class='ocrx_word' id='word_1_629' title='bbox 486 4316 499 4356; x_wconf 85' lang='lat'>³</span> <span class='ocrx_word' id='word_1_630' title='bbox 521 4317 645 4372; x_wconf 88' lang='lat' dir='ltr'><strong>innatum</strong></span> <span class='ocrx_word' id='word_1_631' title='bbox 666 4325 717 4383; x_wconf 86' lang='lat' dir='ltr'><strong>est,</strong></span> <span class='ocrx_word' id='word_1_632' title='bbox 741 4313 768 4368; x_wconf 84' lang='lat' dir='ltr'><strong>nd</strong></span> <span class='ocrx_word' id='word_1_633' title='bbox 784 4312 935 4381; x_wconf 85' lang='lat' dir='ltr'><strong>estSarmo</strong></span> <span class='ocrx_word' id='word_1_634' title='bbox 948 4314 1000 4370; x_wconf 86' lang='lat' dir='ltr'><strong>Det</strong></span> <span class='ocrx_word' id='word_1_635' title='bbox 1026 4312 1112 4370; x_wconf 84' lang='lat' dir='ltr'><strong>Semi.</strong></span> <span class='ocrx_word' id='word_1_636' title='bbox 1130 4309 1242 4368; x_wconf 80' lang='lat' dir='ltr'><strong>uberta.</strong></span> <span class='ocrx_word' id='word_1_637' title='bbox 1261 4310 1494 4383; x_wconf 79' lang='lat' dir='ltr'><strong>⁴lnqratiisiou.</strong></span> <span class='ocrx_word' id='word_1_638' title='bbox 1524 4311 1718 4370; x_wconf 87' lang='lat' dir='ltr'><strong>⁵Occusiones</strong></span> 
     </span>
     <span class='ocr_line' id='line_1_47' title="bbox 50 4380 1718 4462; baseline -0.004 -16"><span class='ocrx_word' id='word_1_639' title='bbox 50 4387 98 4446; x_wconf 86' lang='lat' dir='ltr'><strong>ibi</strong></span> <span class='ocrx_word' id='word_1_640' title='bbox 113 4389 193 4446; x_wconf 72' lang='lat' dir='ltr'><strong>iure.</strong></span> <span class='ocrx_word' id='word_1_641' title='bbox 208 4387 222 4425; x_wconf 80' lang='lat'><strong>⁶</strong></span> <span class='ocrx_word' id='word_1_642' title='bbox 239 4386 437 4459; x_wconf 84' lang='lat' dir='ltr'><strong>Proprietatent</strong></span> <span class='ocrx_word' id='word_1_643' title='bbox 459 4403 519 4444; x_wconf 90' lang='lat' dir='ltr'><strong>cum</strong></span> <span class='ocrx_word' id='word_1_644' title='bbox 545 4386 714 4446; x_wconf 73' lang='lat' dir='ltr'><strong>vindicamus</strong></span> <span class='ocrx_word' id='word_1_645' title='bbox 744 4384 857 4444; x_wconf 69' lang='lat' dir='ltr'><strong>semet</strong></span> <span class='ocrx_word' id='word_1_646' title='bbox 879 4383 1038 4442; x_wconf 82' lang='lat' dir='ltr'><strong>Universum</strong></span> <span class='ocrx_word' id='word_1_647' title='bbox 1061 4385 1123 4440; x_wconf 82' lang='lat' dir='ltr'><strong>Lat.</strong></span> <span class='ocrx_word' id='word_1_648' title='bbox 1140 4382 1174 4439; x_wconf 80' lang='lat' dir='ltr'><strong>ln</strong></span> <span class='ocrx_word' id='word_1_649' title='bbox 1206 4380 1343 4462; x_wconf 70' lang='lat' dir='ltr'><strong>impressit</strong></span> <span class='ocrx_word' id='word_1_650' title='bbox 1358 4380 1481 4462; x_wconf 70' lang='lat' dir='ltr'><strong>Coqrcct.</strong></span> <span class='ocrx_word' id='word_1_651' title='bbox 1506 4382 1588 4442; x_wconf 82' lang='lat' dir='ltr'><strong>babet</strong></span> <span class='ocrx_word' id='word_1_652' title='bbox 1607 4384 1718 4440; x_wconf 86' lang='lat' dir='ltr'><strong>univer-</strong></span> 
     </span>
     <span class='ocr_line' id='line_1_48' title="bbox 47 4451 1720 4531; baseline -0.005 -12"><span class='ocrx_word' id='word_1_653' title='bbox 47 4474 160 4519; x_wconf 73' lang='lat' dir='ltr'><strong>sorum</strong></span> <span class='ocrx_word' id='word_1_654' title='bbox 190 4458 220 4516; x_wconf 81' lang='lat' dir='ltr'><strong>d.</strong></span> <span class='ocrx_word' id='word_1_655' title='bbox 250 4458 371 4515; x_wconf 75' lang='lat' dir='ltr'><strong>locrus.</strong></span> <span class='ocrx_word' id='word_1_656' title='bbox 399 4458 467 4516; x_wconf 80' lang='lat' dir='ltr'><strong>ian.</strong></span> <span class='ocrx_word' id='word_1_657' title='bbox 482 4457 603 4514; x_wconf 80' lang='lat' dir='ltr'><strong>⁸lderito</strong></span> <span class='ocrx_word' id='word_1_658' title='bbox 626 4459 667 4515; x_wconf 90' lang='lat' dir='ltr'><strong>sic</strong></span> <span class='ocrx_word' id='word_1_659' title='bbox 689 4457 818 4531; x_wconf 85' lang='lat' dir='ltr'><strong>praelatur</strong></span> <span class='ocrx_word' id='word_1_660' title='bbox 838 4456 976 4530; x_wconf 89' lang='lat' dir='ltr'><strong>Scriptura</strong></span> <span class='ocrx_word' id='word_1_661' title='bbox 994 4454 1057 4513; x_wconf 85' lang='lat' dir='ltr'><strong>olii.</strong></span> <span class='ocrx_word' id='word_1_662' title='bbox 1072 4453 1140 4512; x_wconf 78' lang='lat' dir='ltr'><strong>usse</strong></span> <span class='ocrx_word' id='word_1_663' title='bbox 1161 4463 1272 4525; x_wconf 81' lang='lat' dir='ltr'><strong>proprie</strong></span> <span class='ocrx_word' id='word_1_664' title='bbox 1298 4451 1471 4525; x_wconf 82' lang='lat' dir='ltr'><strong>pnnciptum,</strong></span> <span class='ocrx_word' id='word_1_665' title='bbox 1485 4468 1539 4526; x_wconf 90' lang='lat' dir='ltr'><strong>quo</strong></span> <span class='ocrx_word' id='word_1_666' title='bbox 1553 4452 1643 4524; x_wconf 88' lang='lat' dir='ltr'><strong>priora</strong></span> <span class='ocrx_word' id='word_1_667' title='bbox 1657 4460 1720 4510; x_wconf 90' lang='lat' dir='ltr'><strong>sunt</strong></span> 
     </span>
     <span class='ocr_line' id='line_1_49' title="bbox 48 4527 1014 4606; baseline -0.009 -15"><span class='ocrx_word' id='word_1_668' title='bbox 48 4532 143 4606; x_wconf 62' lang='lat' dir='ltr'><strong>uta,</strong></span> <span class='ocrx_word' id='word_1_669' title='bbox 164 4527 321 4603; x_wconf 87' lang='lat' dir='ltr'><strong>meritoque</strong></span> <span class='ocrx_word' id='word_1_670' title='bbox 333 4530 374 4588; x_wconf 82' lang='lat' dir='ltr'><strong>sic</strong></span> <span class='ocrx_word' id='word_1_671' title='bbox 386 4528 526 4602; x_wconf 72' lang='lat' dir='ltr'><strong>prefatam</strong></span> <span class='ocrx_word' id='word_1_672' title='bbox 540 4528 704 4605; x_wconf 82' lang='lat' dir='ltr'><strong>scripturam</strong></span> <span class='ocrx_word' id='word_1_673' title='bbox 719 4549 727 4588; x_wconf 78' lang='lat' dir='ltr'><strong>s</strong></span> <span class='ocrx_word' id='word_1_674' title='bbox 743 4529 937 4604; x_wconf 82' lang='lat' dir='ltr'><strong>luprioct&#39;pio,</strong></span> <span class='ocrx_word' id='word_1_675' title='bbox 948 4529 1014 4585; x_wconf 77' lang='lat' dir='ltr'><strong>tart.</strong></span> 
     </span>
    </p>
   </div>
   <div class='ocr_carea' id='block_1_6' title="bbox 768 4653 1022 4719">
    <p class='ocr_par' dir='ltr' id='par_1_6' title="bbox 768 4653 1022 4719">
     <span class='ocr_line' id='line_1_50' title="bbox 768 4653 1022 4719; baseline -0.02 0"><span class='ocrx_word' id='word_1_676' title='bbox 768 4653 1022 4719; x_wconf 83' lang='lat' dir='ltr'><strong>Commentarius.</strong></span> 
     </span>
    </p>
   </div>
   <div class='ocr_carea' id='block_1_7' title="bbox 47 4753 1723 5202">
    <p class='ocr_par' dir='ltr' id='par_1_7' title="bbox 47 4753 1723 5184">
     <span class='ocr_line' id='line_1_51' title="bbox 91 4753 1720 4893; baseline -0.005 -71"><span class='ocrx_word' id='word_1_677' title='bbox 91 4762 157 4851; x_wconf 72' lang='grc'>(38)</span> <span class='ocrx_word' id='word_1_678' title='bbox 171 4761 238 4847; x_wconf 68' lang='lat' dir='ltr'><strong>liert</strong></span> <span class='ocrx_word' id='word_1_679' title='bbox 251 4763 330 4839; x_wconf 84' lang='lat' dir='ltr'><strong>capit</strong></span> <span class='ocrx_word' id='word_1_680' title='bbox 342 4763 501 4847; x_wconf 69' lang='lat' dir='ltr'><strong>timuisitis</strong></span> <span class='ocrx_word' id='word_1_681' title='bbox 509 4765 770 4893; x_wconf 53' lang='lat' dir='ltr'><strong>quecquaothisse.</strong></span> <span class='ocrx_word' id='word_1_682' title='bbox 779 4764 867 4847; x_wconf 74' lang='lat' dir='ltr'><strong>lisam</strong></span> <span class='ocrx_word' id='word_1_683' title='bbox 883 4777 907 4857; x_wconf 70' lang='lat' dir='ltr'><strong>q</strong></span> <span class='ocrx_word' id='word_1_684' title='bbox 922 4767 1021 4844; x_wconf 72' lang='grc' dir='ltr'>υυυυῑυ.</span> <span class='ocrx_word' id='word_1_685' title='bbox 1044 4758 1105 4818; x_wconf 81' lang='lat' dir='ltr'><strong>uro.</strong></span> <span class='ocrx_word' id='word_1_686' title='bbox 1129 4786 1167 4804; x_wconf 88' lang='lat'><em>-</em></span> <span class='ocrx_word' id='word_1_687' title='bbox 1188 4755 1325 4841; x_wconf 79' lang='lat' dir='ltr'><strong>Quidqpid</strong></span> <span class='ocrx_word' id='word_1_688' title='bbox 1344 4753 1464 4840; x_wconf 77' lang='lat' dir='ltr'><strong>dixerint</strong></span> <span class='ocrx_word' id='word_1_689' title='bbox 1485 4753 1669 4840; x_wconf 79' lang='lat' dir='ltr'><strong>Tertullianus</strong></span> <span class='ocrx_word' id='word_1_690' title='bbox 1692 4763 1720 4814; x_wconf 90' lang='lat' dir='ltr'><strong>et</strong></span> 
     </span>
     <span class='ocr_line' id='line_1_52' title="bbox 47 4828 1721 4918; baseline -0.006 -22"><span class='ocrx_word' id='word_1_691' title='bbox 47 4838 146 4909; x_wconf 68' lang='lat' dir='ltr'><strong>hunus</strong></span> <span class='ocrx_word' id='word_1_692' title='bbox 170 4834 369 4906; x_wconf 75' lang='lat' dir='ltr'><strong>tmpemonalrs</strong></span> <span class='ocrx_word' id='word_1_693' title='bbox 391 4836 477 4918; x_wconf 73' lang='lat' dir='ltr'><strong>verbi,</strong></span> <span class='ocrx_word' id='word_1_694' title='bbox 502 4840 589 4918; x_wconf 73' lang='lat' dir='ltr'><strong>capet,</strong></span> <span class='ocrx_word' id='word_1_695' title='bbox 608 4853 643 4918; x_wconf 90' lang='lat' dir='ltr'><strong>qu</strong></span> <span class='ocrx_word' id='word_1_696' title='bbox 698 4837 801 4894; x_wconf 82' lang='lat' dir='ltr'><strong>Graects</strong></span> <span class='ocrx_word' id='word_1_697' title='bbox 815 4843 866 4901; x_wconf 87' lang='lat' dir='ltr'><strong>est,</strong></span> <span class='ocrx_word' id='word_1_698' title='bbox 922 4850 981 4904; x_wconf 74' lang='lat' dir='ltr'><strong>epus</strong></span> <span class='ocrx_word' id='word_1_699' title='bbox 1013 4831 1203 4915; x_wconf 79' lang='lat' dir='ltr'><strong>adnotatores,</strong></span> <span class='ocrx_word' id='word_1_700' title='bbox 1234 4830 1409 4912; x_wconf 65' lang='lat' dir='ltr'><strong>nibilominus</strong></span> <span class='ocrx_word' id='word_1_701' title='bbox 1440 4828 1517 4885; x_wconf 83' lang='lat' dir='ltr'><strong>mults</strong></span> <span class='ocrx_word' id='word_1_702' title='bbox 1547 4837 1721 4914; x_wconf 75' lang='lat' dir='ltr'><strong>inveniuntur</strong></span> 
     </span>
     <span class='ocr_line' id='line_1_53' title="bbox 50 4900 1721 5038; baseline -0.004 -2"><span class='ocrx_word' id='word_1_703' title='bbox 50 4905 869 5038; x_wconf 50' lang='lat' dir='ltr'><strong>“iffibtlllsllllllllitlitlttlll</strong></span> <span class='ocrx_word' id='word_1_704' title='bbox 921 4900 1591 5035; x_wconf 57' lang='lat' dir='ltr'><strong>Etitltdltlttllb¹¹¹lli³ltlsbll</strong></span> <span class='ocrx_word' id='word_1_705' title='bbox 1626 4917 1721 5030; x_wconf 72' lang='lat' dir='ltr'><strong>itt:</strong></span> 
     </span>
     <span class='ocr_line' id='line_1_54' title="bbox 51 4982 1723 5184; baseline -0.001 -77"><span class='ocrx_word' id='word_1_706' title='bbox 51 4982 330 5184; x_wconf 35' lang='lat' dir='ltr'><strong>&amp;trimos</strong></span> <span class='ocrx_word' id='word_1_707' title='bbox 342 4992 509 5134; x_wconf 59' lang='lat' dir='ltr'><strong>acpseidiqcsq</strong></span> <span class='ocrx_word' id='word_1_708' title='bbox 520 5047 654 5133; x_wconf 65' lang='lat' dir='ltr'><strong>Eiarinon</strong></span> <span class='ocrx_word' id='word_1_709' title='bbox 664 5023 762 5121; x_wconf 79' lang='lat' dir='ltr'><strong>po’test.</strong></span> <span class='ocrx_word' id='word_1_710' title='bbox 772 4995 866 5106; x_wconf 59' lang='grc' dir='ltr'><strong>Βυέυ.</strong></span> <span class='ocrx_word' id='word_1_711' title='bbox 920 4995 989 5131; x_wconf 57' lang='grc' dir='ltr'>ἔξυς’,</span> <span class='ocrx_word' id='word_1_712' title='bbox 1005 5056 1057 5104; x_wconf 90' lang='lat' dir='ltr'><strong>etc.</strong></span> <span class='ocrx_word' id='word_1_713' title='bbox 1074 5046 1129 5103; x_wconf 76' lang='lat' dir='ltr'><strong>Alii</strong></span> <span class='ocrx_word' id='word_1_714' title='bbox 1151 5045 1233 5102; x_wconf 91' lang='lat' dir='ltr'><strong>aliurn</strong></span> <span class='ocrx_word' id='word_1_715' title='bbox 1248 4989 1356 5101; x_wconf 54' lang='lat' dir='ltr'><strong>aegrum</strong></span> <span class='ocrx_word' id='word_1_716' title='bbox 1367 5015 1413 5100; x_wconf 71' lang='lat' dir='ltr'><strong>&#39;bis</strong></span> <span class='ocrx_word' id='word_1_717' title='bbox 1430 5044 1524 5125; x_wconf 28' lang='lat' dir='ltr'><strong>‘serbis</strong></span> <span class='ocrx_word' id='word_1_718' title='bbox 1547 5013 1677 5128; x_wconf 65' lang='lat' dir='ltr'><strong>tribuunt,</strong></span> <span class='ocrx_word' id='word_1_719' title='bbox 1693 5056 1723 5105; x_wconf 89' lang='lat' dir='ltr'><strong>ut</strong></span> 
     </span>
    </p>

    <p class='ocr_par' dir='ltr' id='par_1_8' title="bbox 94 5115 1722 5202">
     <span class='ocr_line' id='line_1_55' title="bbox 94 5115 1722 5202; baseline -0.004 -22"><span class='ocrx_word' id='word_1_720' title='bbox 94 5128 107 5192; x_wconf 88' lang='grc'>(</span> <span class='ocrx_word' id='word_1_721' title='bbox 172 5120 250 5180; x_wconf 78' lang='lat' dir='ltr'><strong>iiam</strong></span> <span class='ocrx_word' id='word_1_722' title='bbox 261 5123 395 5195; x_wconf 79' lang='lat' dir='ltr'><strong>cleptum</strong></span> <span class='ocrx_word' id='word_1_723' title='bbox 409 5135 601 5195; x_wconf 82' lang='lat' dir='ltr'><strong>prtuctptam,</strong></span> <span class='ocrx_word' id='word_1_724' title='bbox 613 5137 646 5176; x_wconf 83' lang='lat' dir='ltr'><strong>to</strong></span> <span class='ocrx_word' id='word_1_725' title='bbox 673 5122 870 5202; x_wconf 77' lang='lat' dir='ltr'><strong>uobeasseoii</strong></span> <span class='ocrx_word' id='word_1_726' title='bbox 922 5121 1014 5177; x_wconf 79' lang='lat' dir='ltr'><strong>videre</strong></span> <span class='ocrx_word' id='word_1_727' title='bbox 1041 5129 1081 5175; x_wconf 91' lang='lat' dir='ltr'><strong>est</strong></span> <span class='ocrx_word' id='word_1_728' title='bbox 1111 5117 1185 5189; x_wconf 87' lang='lat' dir='ltr'><strong>apud</strong></span> <span class='ocrx_word' id='word_1_729' title='bbox 1216 5115 1298 5173; x_wconf 89' lang='lat' dir='ltr'><strong>Corn.</strong></span> <span class='ocrx_word' id='word_1_730' title='bbox 1328 5133 1344 5172; x_wconf 89' lang='lat' dir='ltr'><strong>a</strong></span> <span class='ocrx_word' id='word_1_731' title='bbox 1375 5116 1484 5186; x_wconf 79' lang='lat' dir='ltr'><strong>Lepide.</strong></span> <span class='ocrx_word' id='word_1_732' title='bbox 1513 5116 1556 5174; x_wconf 81' lang='lat' dir='ltr'><strong>tel</strong></span> <span class='ocrx_word' id='word_1_733' title='bbox 1585 5133 1613 5173; x_wconf 88' lang='lat' dir='ltr'><strong>tn</strong></span> <span class='ocrx_word' id='word_1_734' title='bbox 1636 5117 1722 5176; x_wconf 84' lang='lat' dir='ltr'><strong>Gurs.</strong></span> 
     </span>
    </p>
   </div>
   <div class='ocr_carea' id='block_1_8' title="bbox 55 5138 1346 5264">
    <p class='ocr_par' dir='ltr' id='par_1_9' title="bbox 55 5138 1346 5264">
     <span class='ocr_line' id='line_1_56' title="bbox 55 5138 1346 5264; baseline -0.007 -8"><span class='ocrx_word' id='word_1_735' title='bbox 55 5196 167 5255; x_wconf 65' lang='lat' dir='ltr'><strong>coehut</strong></span> <span class='ocrx_word' id='word_1_736' title='bbox 183 5194 216 5250; x_wconf 80' lang='lat' dir='ltr'><strong>ct</strong></span> <span class='ocrx_word' id='word_1_737' title='bbox 229 5196 350 5250; x_wconf 63' lang='lat' dir='ltr'><strong>maus.</strong></span> <span class='ocrx_word' id='word_1_738' title='bbox 366 5191 469 5250; x_wconf 81' lang='lat' dir='ltr'><strong>Omnes</strong></span> <span class='ocrx_word' id='word_1_739' title='bbox 482 5190 548 5248; x_wconf 83' lang='lat' dir='ltr'><strong>istas</strong></span> <span class='ocrx_word' id='word_1_740' title='bbox 557 5193 637 5248; x_wconf 87' lang='lat' dir='ltr'><strong>tricas</strong></span> <span class='ocrx_word' id='word_1_741' title='bbox 651 5138 728 5249; x_wconf 54' lang='lat' dir='ltr'><strong>fissile</strong></span> <span class='ocrx_word' id='word_1_742' title='bbox 741 5192 869 5264; x_wconf 86' lang='lat' dir='ltr'><strong>atpedtre</strong></span> <span class='ocrx_word' id='word_1_743' title='bbox 924 5192 1027 5264; x_wconf 83' lang='lat' dir='ltr'><strong>compl.</strong></span> <span class='ocrx_word' id='word_1_744' title='bbox 1047 5191 1151 5264; x_wconf 81' lang='lat' dir='ltr'><strong>script.</strong></span> <span class='ocrx_word' id='word_1_745' title='bbox 1167 5204 1265 5248; x_wconf 77' lang='lat' dir='ltr'><strong>sacru.</strong></span> <span class='ocrx_word' id='word_1_746' title='bbox 1278 5189 1346 5247; x_wconf 80' lang='lat' dir='ltr'><strong>lino.</strong></span> 
     </span>
    </p>
   </div>
   <div class='ocr_carea' id='block_1_9' title="bbox 55 5258 1725 5697">
    <p class='ocr_par' dir='ltr' id='par_1_10' title="bbox 55 5258 1725 5697">
     <span class='ocr_line' id='line_1_57' title="bbox 55 5258 1724 5338; baseline -0.005 -13"><span class='ocrx_word' id='word_1_747' title='bbox 55 5266 173 5324; x_wconf 76' lang='lat' dir='ltr'><strong>ridetur</strong></span> <span class='ocrx_word' id='word_1_748' title='bbox 187 5263 237 5338; x_wconf 86' lang='lat' dir='ltr'><strong>qui</strong></span> <span class='ocrx_word' id='word_1_749' title='bbox 251 5262 333 5323; x_wconf 78' lang='lat' dir='ltr'><strong>rerba</strong></span> <span class='ocrx_word' id='word_1_750' title='bbox 352 5261 446 5330; x_wconf 83' lang='lat' dir='ltr'><strong>llosis,</strong></span> <span class='ocrx_word' id='word_1_751' title='bbox 463 5263 496 5320; x_wconf 82' lang='lat' dir='ltr'><strong>itt</strong></span> <span class='ocrx_word' id='word_1_752' title='bbox 508 5264 652 5338; x_wconf 82' lang='lat' dir='ltr'><strong>principio</strong></span> <span class='ocrx_word' id='word_1_753' title='bbox 676 5263 782 5321; x_wconf 83' lang='lat' dir='ltr'><strong>creauit</strong></span> <span class='ocrx_word' id='word_1_754' title='bbox 797 5265 870 5320; x_wconf 84' lang='lat' dir='ltr'><strong>Deus</strong></span> <span class='ocrx_word' id='word_1_755' title='bbox 960 5264 1018 5334; x_wconf 82' lang='lat' dir='ltr'><strong>(ta)</strong></span> <span class='ocrx_word' id='word_1_756' title='bbox 1033 5263 1082 5320; x_wconf 83' lang='lat' dir='ltr'><strong>llo</strong></span> <span class='ocrx_word' id='word_1_757' title='bbox 1094 5263 1192 5335; x_wconf 84' lang='lat' dir='ltr'><strong>princi</strong></span> <span class='ocrx_word' id='word_1_758' title='bbox 1210 5263 1272 5318; x_wconf 82' lang='lat' dir='ltr'><strong>irent</strong></span> <span class='ocrx_word' id='word_1_759' title='bbox 1287 5258 1486 5326; x_wconf 64' lang='lat' dir='ltr'><strong>masinilibus,</strong></span> <span class='ocrx_word' id='word_1_760' title='bbox 1501 5268 1554 5316; x_wconf 88' lang='lat' dir='ltr'><strong>etc.</strong></span> <span class='ocrx_word' id='word_1_761' title='bbox 1571 5259 1724 5317; x_wconf 82' lang='lat' dir='ltr'><strong>Verisimile</strong></span> 
     </span>
     <span class='ocr_line' id='line_1_58' title="bbox 59 5279 1723 5412; baseline -0.005 -17"><span class='ocrx_word' id='word_1_762' title='bbox 59 5340 170 5395; x_wconf 67' lang='lat' dir='ltr'><strong>culus»</strong></span> <span class='ocrx_word' id='word_1_763' title='bbox 184 5338 218 5395; x_wconf 82' lang='lat' dir='ltr'><strong>et</strong></span> <span class='ocrx_word' id='word_1_764' title='bbox 235 5336 357 5401; x_wconf 77' lang='lat' dir='ltr'><strong>terrem,</strong></span> <span class='ocrx_word' id='word_1_765' title='bbox 373 5334 414 5392; x_wconf 87' lang='lat' dir='ltr'><strong>sic</strong></span> <span class='ocrx_word' id='word_1_766' title='bbox 425 5334 633 5408; x_wconf 83' lang='lat' dir='ltr'><strong>interpretatur:</strong></span> <span class='ocrx_word' id='word_1_767' title='bbox 653 5332 741 5404; x_wconf 76' lang='lat' dir='ltr'><strong>«Quo</strong></span> <span class='ocrx_word' id='word_1_768' title='bbox 754 5334 869 5391; x_wconf 85' lang='lat' dir='ltr'><strong>exstite-</strong></span> <span class='ocrx_word' id='word_1_769' title='bbox 924 5342 977 5404; x_wconf 83' lang='lat' dir='ltr'><strong>est,</strong></span> <span class='ocrx_word' id='word_1_770' title='bbox 992 5342 1022 5390; x_wconf 90' lang='lat' dir='ltr'><strong>ut</strong></span> <span class='ocrx_word' id='word_1_771' title='bbox 1041 5335 1110 5392; x_wconf 88' lang='lat' dir='ltr'><strong>hauc</strong></span> <span class='ocrx_word' id='word_1_772' title='bbox 1124 5279 1348 5406; x_wconf 40' lang='lat' dir='ltr'><strong>significationem</strong></span> <span class='ocrx_word' id='word_1_773' title='bbox 1361 5331 1458 5404; x_wconf 78' lang='lat' dir='ltr'><strong>prinei</strong></span> <span class='ocrx_word' id='word_1_774' title='bbox 1477 5332 1499 5388; x_wconf 85' lang='lat' dir='ltr'><strong>ii</strong></span> <span class='ocrx_word' id='word_1_775' title='bbox 1515 5333 1723 5412; x_wconf 77' lang='lat' dir='ltr'><strong>indicaretauc·</strong></span> 
     </span>
     <span class='ocr_line' id='line_1_59' title="bbox 60 5347 1723 5478; baseline -0.007 -13"><span class='ocrx_word' id='word_1_776' title='bbox 60 5417 128 5465; x_wconf 82' lang='lat' dir='ltr'><strong>runt</strong></span> <span class='ocrx_word' id='word_1_777' title='bbox 142 5406 335 5465; x_wconf 84' lang='lat' dir='ltr'><strong>initiocoelum</strong></span> <span class='ocrx_word' id='word_1_778' title='bbox 344 5409 467 5473; x_wconf 79' lang='lat' dir='ltr'><strong>etiarm,</strong></span> <span class='ocrx_word' id='word_1_779' title='bbox 478 5420 511 5463; x_wconf 84' lang='lat' dir='ltr'><strong>ea</strong></span> <span class='ocrx_word' id='word_1_780' title='bbox 521 5407 596 5463; x_wconf 84' lang='lat' dir='ltr'><strong>Deus</strong></span> <span class='ocrx_word' id='word_1_781' title='bbox 605 5404 770 5463; x_wconf 85' lang='lat' dir='ltr'><strong>illacrearit.</strong></span> <span class='ocrx_word' id='word_1_782' title='bbox 784 5426 797 5457; x_wconf 75' lang='grc' dir='ltr'><strong><em>ι</em></strong></span> <span class='ocrx_word' id='word_1_783' title='bbox 813 5405 872 5463; x_wconf 85' lang='grc' dir='ltr'><strong>Ηου</strong></span> <span class='ocrx_word' id='word_1_784' title='bbox 925 5413 980 5472; x_wconf 87' lang='lat' dir='ltr'><strong>tor,</strong></span> <span class='ocrx_word' id='word_1_785' title='bbox 995 5415 1140 5478; x_wconf 87' lang='lat' dir='ltr'><strong>propterea</strong></span> <span class='ocrx_word' id='word_1_786' title='bbox 1158 5405 1223 5461; x_wconf 91' lang='lat' dir='ltr'><strong>alibi</strong></span> <span class='ocrx_word' id='word_1_787' title='bbox 1237 5405 1271 5461; x_wconf 87' lang='lat' dir='ltr'><strong>ab</strong></span> <span class='ocrx_word' id='word_1_788' title='bbox 1293 5418 1326 5459; x_wconf 93' lang='lat' dir='ltr'><strong>eo</strong></span> <span class='ocrx_word' id='word_1_789' title='bbox 1341 5401 1408 5459; x_wconf 76' lang='lat' dir='ltr'><strong>ruti</strong></span> <span class='ocrx_word' id='word_1_790' title='bbox 1423 5347 1519 5468; x_wconf 57' lang='lat' dir='ltr'><strong>sossre,</strong></span> <span class='ocrx_word' id='word_1_791' title='bbox 1535 5417 1596 5457; x_wconf 89' lang='lat' dir='ltr'><strong>cnm</strong></span> <span class='ocrx_word' id='word_1_792' title='bbox 1624 5403 1723 5456; x_wconf 82' lang='lat' dir='ltr'><strong>ductam</strong></span> 
     </span>
     <span class='ocr_line' id='line_1_60' title="bbox 64 5471 1725 5549; baseline -0.005 -14"><span class='ocrx_word' id='word_1_793' title='bbox 64 5483 139 5537; x_wconf 81' lang='lat' dir='ltr'><strong>enirn</strong></span> <span class='ocrx_word' id='word_1_794' title='bbox 149 5477 239 5538; x_wconf 79' lang='lat' dir='ltr'><strong>mltis</strong></span> <span class='ocrx_word' id='word_1_795' title='bbox 250 5481 366 5548; x_wconf 68' lang='lat' dir='ltr'><strong>floreat</strong></span> <span class='ocrx_word' id='word_1_796' title='bbox 381 5476 445 5535; x_wconf 85' lang='lat' dir='ltr'><strong>ooeli</strong></span> <span class='ocrx_word' id='word_1_797' title='bbox 468 5490 502 5533; x_wconf 86' lang='lat' dir='ltr'><strong>ac</strong></span> <span class='ocrx_word' id='word_1_798' title='bbox 522 5485 602 5535; x_wconf 83' lang='lat' dir='ltr'><strong>terroe</strong></span> <span class='ocrx_word' id='word_1_799' title='bbox 625 5475 778 5532; x_wconf 86' lang='lat' dir='ltr'><strong>nominibus</strong></span> <span class='ocrx_word' id='word_1_800' title='bbox 791 5491 872 5533; x_wconf 90' lang='lat' dir='ltr'><strong>muu-</strong></span> <span class='ocrx_word' id='word_1_801' title='bbox 926 5474 1090 5549; x_wconf 88' lang='lat' dir='ltr'><strong>Scripturtm</strong></span> <span class='ocrx_word' id='word_1_802' title='bbox 1103 5477 1183 5533; x_wconf 87' lang='lat' dir='ltr'><strong>citat:</strong></span> <span class='ocrx_word' id='word_1_803' title='bbox 1198 5475 1231 5531; x_wconf 84' lang='lat' dir='ltr'><strong>ln</strong></span> <span class='ocrx_word' id='word_1_804' title='bbox 1243 5472 1401 5548; x_wconf 81' lang='lat' dir='ltr'><strong>primordio</strong></span> <span class='ocrx_word' id='word_1_805' title='bbox 1415 5476 1485 5544; x_wconf 68' lang='lat' dir='ltr'><strong>[eost</strong></span> <span class='ocrx_word' id='word_1_806' title='bbox 1497 5475 1572 5529; x_wconf 84' lang='lat' dir='ltr'><strong>Deus</strong></span> <span class='ocrx_word' id='word_1_807' title='bbox 1584 5471 1686 5528; x_wconf 85' lang='lat' dir='ltr'><strong>ooeium</strong></span> <span class='ocrx_word' id='word_1_808' title='bbox 1696 5474 1725 5527; x_wconf 89' lang='lat' dir='ltr'><strong>et</strong></span> 
     </span>
     <span class='ocr_line' id='line_1_61' title="bbox 67 5544 1724 5626; baseline -0.006 -18"><span class='ocrx_word' id='word_1_809' title='bbox 67 5550 130 5608; x_wconf 78' lang='lat' dir='ltr'><strong>dnm</strong></span> <span class='ocrx_word' id='word_1_810' title='bbox 145 5550 307 5610; x_wconf 70' lang='lat' dir='ltr'><strong>uuiversum</strong></span> <span class='ocrx_word' id='word_1_811' title='bbox 322 5546 492 5626; x_wconf 74' lang='lat' dir='ltr'><strong>siquiflcttrit</strong></span> <span class='ocrx_word' id='word_1_812' title='bbox 504 5562 520 5603; x_wconf 89' lang='lat' dir='ltr'><strong>a</strong></span> <span class='ocrx_word' id='word_1_813' title='bbox 534 5548 592 5606; x_wconf 83' lang='lat' dir='ltr'><strong>lien</strong></span> <span class='ocrx_word' id='word_1_814' title='bbox 615 5554 747 5604; x_wconf 82' lang='lat' dir='ltr'><strong>creatum.</strong></span> <span class='ocrx_word' id='word_1_815' title='bbox 770 5546 873 5605; x_wconf 86' lang='lat' dir='ltr'><strong>Deinde</strong></span> <span class='ocrx_word' id='word_1_816' title='bbox 928 5552 1047 5616; x_wconf 86' lang='lat' dir='ltr'><strong>terram,</strong></span> <span class='ocrx_word' id='word_1_817' title='bbox 1063 5547 1249 5619; x_wconf 69' lang='lat' dir='ltr'><strong>montisaperti,</strong></span> <span class='ocrx_word' id='word_1_818' title='bbox 1264 5546 1312 5602; x_wconf 92' lang='lat' dir='ltr'><strong>lib.</strong></span> <span class='ocrx_word' id='word_1_819' title='bbox 1332 5544 1367 5602; x_wconf 88' lang='lat' dir='ltr'><strong>de</strong></span> <span class='ocrx_word' id='word_1_820' title='bbox 1392 5545 1545 5614; x_wconf 69' lang='lat' dir='ltr'><strong>septem,</strong></span> <span class='ocrx_word' id='word_1_821' title='bbox 1568 5557 1628 5614; x_wconf 81' lang='lat' dir='ltr'><strong>asp.</strong></span> <span class='ocrx_word' id='word_1_822' title='bbox 1656 5544 1683 5610; x_wconf 87' lang='grc'><strong>3,</strong></span> <span class='ocrx_word' id='word_1_823' title='bbox 1697 5545 1724 5598; x_wconf 82' lang='lat'><strong>5.</strong></span> 
     </span>
     <span class='ocr_line' id='line_1_62' title="bbox 69 5616 998 5697; baseline -0.004 -18"><span class='ocrx_word' id='word_1_824' title='bbox 69 5623 189 5695; x_wconf 76' lang='lat' dir='ltr'><strong>explicat</strong></span> <span class='ocrx_word' id='word_1_825' title='bbox 203 5636 257 5697; x_wconf 87' lang='lat' dir='ltr'><strong>qno</strong></span> <span class='ocrx_word' id='word_1_826' title='bbox 269 5621 368 5682; x_wconf 85' lang='lat' dir='ltr'><strong>ordine</strong></span> <span class='ocrx_word' id='word_1_827' title='bbox 381 5627 411 5679; x_wconf 86' lang='lat' dir='ltr'><strong>at</strong></span> <span class='ocrx_word' id='word_1_828' title='bbox 425 5618 507 5678; x_wconf 86' lang='lat' dir='ltr'><strong>nodo</strong></span> <span class='ocrx_word' id='word_1_829' title='bbox 531 5616 669 5692; x_wconf 71' lang='lat' dir='ltr'><strong>precipua</strong></span> <span class='ocrx_word' id='word_1_830' title='bbox 684 5633 800 5694; x_wconf 76' lang='lat' dir='ltr'><strong>queque</strong></span> <span class='ocrx_word' id='word_1_831' title='bbox 819 5618 873 5675; x_wconf 90' lang='lat' dir='ltr'><strong>sint</strong></span> <span class='ocrx_word' id='word_1_832' title='bbox 926 5618 998 5677; x_wconf 78' lang='lat' dir='ltr'><strong>Pau.</strong></span> 
     </span>
    </p>
   </div>
   <div class='ocr_carea' id='block_1_10' title="bbox 0 0 1941 6132">
    <p class='ocr_par' dir='ltr' id='par_1_11' title="bbox 0 0 1941 6132">
     <span class='ocr_line' id='line_1_63' title="bbox 0 0 1941 6132; baseline 0 0"><span class='ocrx_word' id='word_1_833' title='bbox 0 0 1941 6132; x_wconf 95' lang='lat' dir='ltr'><strong> </strong></span> 
     </span>
    </p>
   </div>
  </div>
 </body>
</html>
