3840 6134
93 260 149 322 ets
689 260 786 324 multu
814 262 892 324 abl.
910 264 1146 327 behuoeuhnn.
1689 275 1743 338 250

92 397 202 444 struere
214 384 378 444 videbuntur
393 401 402 443 ι
418 389 454 445 Et
467 387 589 447 mnabroe
607 405 691 463 super
704 388 843 463 abyssum,
863 396 892 449 ct
906 406 929 487 Α
942 402 1088 468 suggestus
1102 408 1167 452 suos
1181 394 1317 468 proprios,
1337 397 1426 470 quiin
1440 398 1506 470 ipsis
1520 400 1637 460 summis
1657 401 1740 459 intel·

91 479 212 551 spiritus
226 477 461 550 onssperspuar
475 478 709 550 sumnturfficn.
723 493 743 548 1,
753 480 781 551 ι)
794 497 802 549 ;
815 479 892 552 quasi
943 483 993 559 ligi
1008 484 1122 556 possint.
1144 484 1296 558 Suggestus
1319 496 1411 544 antem
1425 489 1489 547 coeli
1510 496 1538 547 et
1553 497 1633 548 tarrae
1648 492 1739 566 primo

91 575 117 623 et
135 567 182 623 har
202 564 327 623 contuse
339 565 508 636 substantie,
523 567 647 626 massalis
664 568 737 626 illius
755 568 837 625 molis
849 585 894 626 ar·
944 579 1007 631 tuuc
1033 573 1134 630 luerint
1161 573 1288 644 tenebrae,
1309 583 1336 632 et
1362 575 1488 647 abyssus,
1512 585 1539 634 et
1566 581 1688 652 spiritns,
1711 591 1739 639 et

90 664 219 731 purnenta
253 655 425 728 portendant.
450 657 554 729 Atquin
587 656 728 732 sigillatim
758 657 893 716 deliniens
944 677 1033 732 aquoe.
1048 662 1117 718 Nam
1138 669 1217 720 terre
1234 662 1342 736 quidem
1356 666 1465 722 suberat
1485 668 1601 738 abyssus
1623 677 1651 726 et
1665 678 1740 728 tenc·

91 746 232 814 unebrss,
258 743 399 818 abyssum,
415 745 538 818 spiritum
552 746 614 818 Dei,
638 763 732 822 squas,
748 747 813 804 nihil
827 763 892 806 con-
945 753 1014 811 bre.
1035 751 1065 810 Si
1085 752 1157 809 anim
1176 754 1290 825 abyssus
1303 755 1375 814 inira
1389 765 1496 825 terram,
1512 760 1630 817 tenebrae
1648 767 1739 820 autem

86 833 187 906 lemur,
207 848 263 893 nec
286 835 315 892 in
338 833 497 893 contusione
524 836 657 895 incertum
681 837 809 894 aestimari
829 837 893 896 iacit
945 857 1028 914 super
1040 841 1178 912 abyssum,
1193 843 1251 900 sina
1259 844 1343 901 dubio
1357 853 1384 902 et
1400 847 1518 903 tenebrae
1526 854 1553 903 et
1567 849 1682 921 abyssus
1695 851 1739 907 in·

91 933 139 980 tam
152 922 248 981 divisa
259 923 282 964 ⁶¹
297 923 395 981 relatio
416 931 552 984 certorum
573 935 600 983 et
626 925 813 985 distinctorum
836 925 892 984 ela·
944 930 987 987 fra
1001 936 1107 987 terram.
1119 931 1194 989 Coelo
1208 947 1271 989 vero
1286 933 1396 1006 spiritus
1409 943 1436 991 et
1450 952 1527 1008 aquea
1542 938 1736 1009 subjacebant:

90 1019 257 1070 murum.
279 1014 339 1070 linc
358 1013 467 1087 quidem
490 1015 615 1088 amplius,
645 1031 706 1072 cum
730 1017 799 1073 situs
822 1032 891 1089 pro·
943 1035 1006 1077 nam
1021 1020 1044 1076 si
1063 1036 1141 1094 aquae
1154 1037 1238 1093 supcr
1260 1031 1368 1091 terram,
1383 1041 1443 1097 quae
1457 1041 1517 1085 ιιιιι
1532 1033 1661 1095 texerant,
1682 1030 1738 1101 spi-

88 1099 159 1173 pios
172 1100 218 1157 eis
231 1100 356 1169 ascribit,
372 1101 499 1158 tenebras
515 1118 598 1175 snper
611 1103 750 1177 abyssum,
766 1105 891 1177 spiritum
944 1109 1011 1166 ritus
1024 1117 1112 1167 autem
1125 1127 1207 1182 super
1228 1127 1323 1185 equas,
1339 1113 1439 1185 pariter
1453 1125 1480 1172 et
1493 1115 1603 1187 spiritus
1617 1124 1643 1174 at
1660 1134 1736 1192 equae

87 1205 170 1262 snper
197 1204 296 1262 ιιιιιιι,
321 1189 429 1262 negant
451 1189 638 1248 coniuuoncm
667 1192 889 1265 substantiarum,
943 1214 1024 1272 snper
1039 1207 1148 1258 terram.
1162 1199 1228 1271 Qus
1242 1216 1307 1257 uero
1321 1217 1403 1272 super
1417 1211 1526 1270 terram,
1540 1220 1572 1261 ea
1593 1206 1684 1278 ntique
1699 1207 1740 1263 in·

87 1294 205 1354 qurum
229 1279 442 1336 demonstrando
466 1280 680 1353 dispositionem,
694 1282 892 1343 demonstravit
944 1285 986 1343 ira
999 1286 1107 1345 coelum.
1122 1287 1158 1345 Et
1179 1288 1249 1346 sicut
1262 1297 1333 1347 terra
1353 1292 1451 1363 abysso
1464 1300 1492 1349 et
1505 1294 1633 1361 tenebris,
1651 1295 1690 1351 ita
1712 1304 1740 1354 et

87 1372 167 1427 ιιίιιιι
181 1368 399 1439 distimbonem,
416 1369 599 1428 Vanissimum
614 1372 640 1411 ⁶²
654 1372 770 1445 denique
781 1374 849 1445 (63),
860 1381 892 1431 ιιι
943 1376 1040 1433 coelum
1054 1376 1161 1447 spiritui
1174 1386 1202 1434 et
1215 1379 1295 1450 aquis
1308 1377 1463 1450 incubabat,
1480 1390 1506 1438 et
1518 1383 1740 1455 complecteban-

87 1460 203 1517 murts
218 1474 283 1532 quie
305 1457 431 1516 inlnrmis
450 1457 537 1520 225
551 1459 697 1529 inducitur,
719 1462 754 1517 de
779 1469 818 1520 tot
838 1463 890 1519 tor
943 1470 986 1520 tur
1000 1464 1035 1520 ⁶⁹.
1050 1465 1135 1522 Erite
1150 1480 1247 1524 norum
1262 1475 1381 1540 nonest,
1395 1469 1468 1589 Ὗ
1481 1469 1569 1527 solum
1584 1472 1659 1543 quod
1672 1488 1738 1530 con·

87 1563 194 1605 marum
207 1546 352 1606 vocabulis
377 1545 500 1604 internis
528 1557 709 1617 mereretur,
739 1565 793 1607 nou
817 1551 888 1610 edito
943 1551 1010 1610 tinet
1032 1553 1197 1622 nominetur,
1221 1569 1275 1625 qua
1295 1555 1428 1612 summale
1449 1597 1455 1610 .
1477 1556 1504 1613 in
1524 1558 1576 1616 isto
1590 1567 1681 1617 sutem
1700 1562 1739 1617 in-

88 1636 151 1711 pail
164 1636 204 1694 sit
216 1635 285 1694 illud
314 1650 414 1708 corpus
429 1636 605 1705 confusionis,
620 1637 693 1711 qnod
706 1638 815 1697 unicum
832 1637 888 1696 nti·
943 1639 1076 1714 telligstur
1090 1638 1178 1699 228
1191 1648 1217 1697 et
1231 1641 1303 1713 quod
1317 1642 1477 1711 conunetur,
1493 1659 1549 1717 qna
1572 1646 1735 1717 portionale.

87 1741 139 1798 qne
160 1724 331 1784 credendum
345 1730 396 1795 est,
418 1724 442 1780 si
455 1724 572 1782 inlorme
587 1735 628 1784 est
643 1742 650 1784 :
667 1726 802 1786 uniforme
829 1737 888 1787 ete-
904 1689 1020 1797 'Ecca
1036 1729 1059 1785 si
1072 1729 1169 1794 dicam,
1199 1728 1299 1787 Ciuitas
1322 1732 1452 1789 exstruxit
1474 1734 1609 1790 theatrum
1634 1743 1661 1791 et
1683 1735 1737 1793 cir·

88 1815 144 1873 nim
163 1813 241 1888 qnod
255 1813 372 1872 intorme
385 1822 436 1872 ast.
453 1814 572 1872 lniorme
586 1823 686 1884 auum,
700 1817 775 1889 qnod
787 1833 821 1875 ex
835 1834 887 1876 ra·
942 1834 1002 1876 cum
1031 1837 1038 1873 ι
1063 1832 1145 1876 scena
1172 1825 1261 1874 nutem
1284 1826 1343 1874 erat
1366 1818 1427 1877 talis
1442 1827 1469 1876 et
1497 1819 1569 1888 talis,
1587 1829 1615 1879 et
1641 1830 1738 1881 statne

87 1905 180 1963 risula
192 1902 344 1961 coniumm
358 1911 409 1976 est,
424 1919 504 1960 unam
527 1905 628 1963 babeat
645 1921 756 1964 necesse
769 1915 810 1964 ast
823 1922 887 1979 spe·
941 1921 1024 1977 super
1038 1904 1167 1977 Euripum
1187 1905 1254 1976 (lo),
1274 1914 1302 1962 et
1317 1904 1454 1962 obeliscus
1478 1908 1664 1978 superomnia
1678 1912 1736 1981 (ll)

86 1994 173 2063 timu
188 1991 265 2064 qnod
289 2004 346 2048 non
368 1991 450 2049 hebet
466 1992 491 2032 ⁶³
513 1992 642 2065 speciem,
665 1992 728 2050 dnm
750 2010 784 2051 err
797 1996 889 2053 multis
941 1993 1078 2050 terebatur
1094 2010 1100 2051 :
1116 1992 1181 2067 quia
1199 2009 1254 2051 nnn
1276 2007 1305 2051 et
1324 1994 1375 2051 has
1388 1993 1493 2066 species
1506 1993 1635 2052 edixerim
1650 1995 1738 2054 lactas

87 2098 168 2139 unam
191 2081 278 2139 habet
297 2080 428 2153 speciem.
452 2080 596 2152 Ceterum,
612 2083 788 2141 suihabebat
810 2085 837 2141 in
858 2102 887 2144 se
940 2083 1088 2151 asinitate,
1113 2098 1168 2141 non
1192 2091 1272 2143 erunt
1290 2085 1325 2140 ab
1338 2099 1369 2140 es
1391 2099 1452 2141 cunr
1476 2083 1549 2142 circo
1570 2093 1598 2141 et
1610 2085 1739 2143 theatro?

84 2171 192 2243 species
205 2170 275 2228 istas
295 2169 421 2240 materis,
436 2170 471 2228 de
488 2188 605 2244 quarum
628 2174 766 2231 vocabulis
783 2174 886 2233 intelli·
940 2188 975 2230 an
989 2173 1049 2230 ideo
1063 2188 1116 2231 nun
1132 2172 1222 2247 adjeci
1237 2174 1320 2231 iactes
1343 2173 1393 2230 has
1417 2188 1526 2246 quoquc
1541 2173 1656 2246 species,
1673 2175 1738 2248 qnia

84 2261 172 2335 ponda
186 2271 264 2318 caset
277 2260 311 2327 66,
329 2260 457 2317 tenebras
475 2260 548 2328 dico,
563 2269 590 2318 et
604 2262 746 2334 abyssum,
761 2271 789 2321 et
802 2265 885 2337 spiri·
937 2263 1045 2321 inerant
1068 2263 1108 2320 eis
1123 2278 1184 2337 quas
1206 2262 1276 2320 iectu
1290 2262 1478 2335 predixeram,
1493 2272 1523 2320 et
1534 2262 1624 2320 inesse
1638 2263 1737 2337 quibua

83 2357 148 2417 tum,
163 2358 194 2407 et
206 2365 305 2423 aquas
321 2358 368 2405 aut
381 2363 436 2406 non
447 2348 573 2407 habebat.
587 2350 617 2408 Si
632 2352 705 2409 enirn
719 2353 744 2393 ⁶⁶
758 2352 885 2423 babebat,
939 2351 1054 2420 inerant,
1082 2351 1196 2425 intelligi
1223 2352 1370 2424 poterant?
1398 2351 1452 2408 Sed
1475 2358 1555 2408 vacet
1583 2353 1636 2410 hoc
1650 2368 1738 2410 exem·

81 2439 224 2512 montedo
238 2438 397 2515 agnoscitur
411 2438 447 2494 66.
940 2438 1027 2512 plum,
1041 2447 1070 2496 ul
1084 2440 1246 2512 humanum3
1262 2439 1333 2496 alind
1360 2439 1393 2496 de
1407 2439 1568 2497 auctoritate
1588 2440 1736 2514 Scriptura

367 2579 607 2642 sisaim.
940 2528 1740 2694 lllfftltltitiltlltl‘lttllltl.

112 2706 170 2764 Sed
190 2714 219 2763 ct
246 2704 318 2761 illud
340 2705 433 2778 ntique
448 2707 600 2780 captabitur
619 2725 627 2767 :
644 2709 679 2766 de
692 2709 763 2766 coelo
777 2712 836 2768 solo
859 2720 887 2768 et
939 2714 982 2766 est
999 2710 1080 2767 boam
1093 2711 1127 2766 in
1143 2711 1272 2767 unimam
1296 2711 1398 2766 uiuam.
1422 2709 1528 2766 Faciem
1552 2708 1663 2782 quidem
1678 2711 1738 2780 eius

80 2794 115 2854 de
128 2805 207 2853 tarra
230 2794 286 2851 ists
298 2793 466 2866 scripturam
488 2793 514 2833 ⁶⁷
536 2794 717 2871 significasse,
735 2798 810 2870 qued
824 2814 884 2856 earn
938 2798 984 2855 hic
1009 2798 1138 2868 nominat,
1166 2797 1214 2855 sed
1227 2813 1278 2854 nec
1304 2798 1391 2870 ipsam
1420 2797 1514 2854 lectam
1528 2813 1546 2854 a
1566 2799 1623 2855 Deo
1645 2797 1714 2855 dixit
1728 2817 1736 2855 :

82 2884 111 2940 in
121 2882 265 2957 pincipio
277 2883 351 2939 Deus
364 2883 467 2949 lecerit,
478 2882 513 2941 de
527 2885 672 2957 speciebus
686 2893 775 2944 autem
788 2903 885 2960 snpra·
940 2888 1061 2957 Cosmm,
1087 2902 1151 2944 vero
1165 2886 1191 2926 '⁰
1216 2895 1245 2944 et
1257 2903 1331 2954 osso,
1348 2896 1377 2944 at
1401 2902 1528 2957 curnem,
1549 2893 1577 2943 et
1589 2886 1694 2954 ocules,
1709 2894 1738 2945 et

90 2971 165 3029 dictis
176 2972 248 3029 nibil
263 2972 316 3029 tale
330 2987 338 3028 ε
354 2977 382 3027 et
396 2972 458 3030 ideo
480 2989 527 3030 aas
540 2989 601 3048 qne
615 2973 692 3031 lactas
712 2991 766 3033 non
781 2976 885 3050 signifi·
901 2974 923 3053 c
937 2976 1078 3043 sudarent,
1090 2984 1116 3033 at
1128 2978 1297 3048 sanquinem
1310 2976 1391 3046 (Can.
1406 2992 1438 3046 ιι,
1450 2979 1495 3042 ll,
1512 2980 1546 3034 23
1562 2996 1573 3036 ι.
1586 2992 1629 3048 ιιι,
1641 2980 1668 3044 d,
1684 2980 1734 3048 293

92 3069 195 3129 center,
209 3060 378 3119 adiniectrm
401 3062 541 3119 manniam
559 3063 706 3135 pertinere.
725 3065 884 3138 Responde-
938 3078 977 3132 rr,
998 3064 1043 3137 itt)
1058 3071 1149 3135 postea
1163 3063 1291 3135 loquitur,
1319 3081 1380 3136 quas
1402 3080 1453 3122 nec
1467 3073 1530 3122 tunc
1553 3066 1654 3123 lactas
1677 3067 1736 3125 Deo

89 3147 188 3207 bimas
196 3148 262 3208 huic
271 3164 375 3222 qaoque
395 3150 533 3226 scrupulo.
557 3150 697 3224 Scriptura
708 3152 801 3212 dirius
815 3155 882 3211 satis
936 3151 1106 3229 significavit.
1136 3151 1205 3221 Quid
1226 3152 1401 3224 respondabit
1425 3153 1633 3228 Hermogenes?
1651 3154 1733 3211 Num.

83 3234 236 3296 dissuant
256 3237 289 3307 66,
312 3239 337 3295 si
364 3254 485 3297 summas
498 3239 572 3312 ipsas
591 3257 683 3300 rerum
696 3257 712 3298 a
726 3244 783 3303 Deo
797 3242 882 3302 lectas
936 3241 1000 3314 quid
1020 3247 1047 3297 et
1060 3240 1180 3296 membra
1198 3237 1316 3296 bominis
1339 3238 1374 3295 sd
1394 3237 1534 3296 numeriam
1549 3239 1732 3312 pertinebunt,

77 3325 299 3386 mmmdnsu
321 3327 421 3385 coelum
442 3335 471 3386 ct
496 3335 608 3400 terrani,
633 3329 764 3388 babentes
788 3330 882 3404 utique
935 3330 1000 3405 quia
1014 3344 1069 3386 non
1083 3327 1240 3387 nominatim
1256 3326 1326 3385 lacu
1341 3327 1517 3391 ralernnturr
1530 3331 1573 3387 An
1589 3335 1617 3385 et
1629 3329 1687 3386 hac
1705 3329 1733 3386 in

770 3429 866 3494 Varie
886 3433 1043 3497 lectiones.

111 3533 137 3572 ⁶¹
153 3532 270 3590 Diversa
298 3536 365 3594 tun.
380 3550 418 3592 ec
431 3535 490 3592 ced.
507 3535 594 3593 Vutic.
604 3534 630 3573 ⁶²
643 3534 806 3592 Vanitimum
833 3537 922 3596 hicn.
953 3537 1020 3593 tun.
1051 3535 1137 3593 Seml.
1154 3533 1286 3617 quiquid
1308 3535 1438 3592 Graccum
1454 3534 1542 3592 lutera
1555 3535 1731 3616 suspicatur.

76 3604 103 3644 ⁶³
121 3604 209 3661 naues
223 3605 289 3662 lun.
317 3606 342 3645 66
370 3605 559 3679 intelligendas
572 3621 632 3662 esse
659 3608 782 3664 tenebras
796 3607 858 3664 dico
873 3607 962 3666 Elian.
980 3607 1064 3665 Semi.
1084 3608 1143 3678 Rip.
1158 3606 1262 3662 metans
1278 3622 1315 3662 ec
1342 3604 1401 3663 cod.
1423 3606 1523 3663 Wonro.
1539 3604 1564 3644 ⁶⁶
1582 3604 1611 3661 Sr
1638 3613 1730 3662 autem

74 3675 143 3732 Jnn.
169 3676 197 3716 66
225 3677 392 3749 agnoscitur
414 3676 502 3735 iiten.
530 3679 615 3735 Seml.
654 3680 761 3736 Punici.
787 3677 813 3714 ⁰⁷
841 3679 879 3734 lta
893 3680 981 3737 hbeo.
1017 3679 1103 3736 Scml.
1140 3677 1251 3734 obertu.
1280 3676 1478 3744 scripturarum
1495 3677 1598 3749 Ripalt.
1631 3677 1725 3734 Vencl.

74 3747 102 3787 66
118 3747 208 3805 uben
224 3749 414 3820 conjiciebant
428 3748 535 3821 tepent.
548 3764 606 3807 csse
622 3765 628 3806 :
645 3748 761 3816 disserit,
774 3755 802 3808 et
812 3767 901 3807 mcc:
918 3749 1111 3807 commendans
1125 3756 1152 3803 et
1166 3749 1274 3815 omium,
1291 3750 1397 3806 melius
1410 3749 1464 3805 clii
1477 3749 1515 3804 od
1528 3750 1597 3804 tun.
1614 3763 1638 3802 ιι
1656 3761 1730 3803 sum-

74 3833 147 3875 mas.
161 3819 188 3858 66
215 3818 376 3889 Contempta
404 3819 502 3876 dantur
526 3820 589 3887 alii,
620 3822 830 3894 temulentae
863 3823 914 3881 cod
939 3822 998 3878 Vnt.
1027 3820 1053 3860 66
1074 3820 1165 3877 ‘liban
1192 3820 1236 3875 cui
1263 3827 1317 3875 tum
1344 3833 1432 3888 nero;
1461 3820 1631 3892 conjiciebat
1657 3819 1730 3875 enim

74 3904 144 3947 sero
157 3898 187 3946 et
198 3903 273 3946 ossa.
302 3892 355 3949 Sed
368 3893 460 3948 Puris.
475 3899 564 3948 cutem
579 3905 661 3963 noroy
676 3896 705 3950 et
717 3892 804 3948 Fran.
822 3894 884 3965 liip.
901 3894 968 3951 lun.
984 3893 1093 3951 Pomal.
1108 3897 1209 3947 costam
1229 3904 1304 3947 vero.
1728 3895 1730 3899 ’

781 3990 1031 4057 Commentarius.

111 4069 174 4198 gt.)
199 4071 390 4128 Vanissimum
414 4071 542 4145 denique,
559 4078 611 4128 etc.
626 4071 714 4129 Vatis.
728 4088 792 4131 mss.
808 4071 872 4131 cod.
967 4099 1002 4110 -
1017 4071 1105 4143 Super
1119 4071 1269 4142 Euripum.
1293 4067 1411 4141 Euripus
1425 4068 1453 4126 in
1475 4067 1545 4126 ludis
1559 4067 1731 4142 Circensibus

72 4148 102 4194 et
158 4139 207 4197 ‘tio
220 4141 321 4214 legunt,
337 4143 522 4209 vonihmum,
539 4143 586 4199 sed
599 4143 661 4215 quis
670 4158 802 4216 nusquam
816 4158 878 4200 eam
931 4151 1058 4217 stagnum
1081 4149 1138 4195 erat
1165 4148 1210 4196 eut
1231 4139 1338 4197 fretum.
1365 4140 1516 4214 Hesychius
1538 4140 1611 4197 enim
1635 4150 1731 4199 auctor

73 4226 176 4267 rocem
199 4213 298 4280 reperi,
329 4214 416 4285 placet
441 4216 547 4286 vulgata
571 4215 660 4271 lectio.
686 4214 758 4284 Quas
786 4223 875 4272 autem
930 4221 973 4267 est
1000 4211 1042 4267 his
1068 4211 1158 4267 verbis
1172 4226 1301 4281 aquarum
1328 4227 1388 4267 asse
1420 4212 1630 4285 receptaculum.
1660 4213 1730 4283 Εὑρί-

71 4298 144 4338 mox
165 4290 247 4339 nocet
292 4286 372 4350 emes,
397 4285 553 4367 paulopost
573 4285 768 4357 somsdicit,
790 4301 876 4359 quare
929 4302 989 4344 ποις
1006 4278 1171 4344 ιοιιιιόξας
1184 4282 1291 4336 ὑδάτων.
1311 4281 1498 4351 Cssdodorns,
1518 4283 1569 4339 lib.
1588 4297 1629 4350 ru,
1646 4282 1727 4354 epist.

69 4368 132 4410 nou
148 4354 250 4411 arridet
285 4359 347 4413 atio.
363 4356 424 4413 cod.
442 4372 516 4412 sarra
535 4355 626 4423 lectio,
630 4360 775 4485 Aornum,
791 4364 820 4413 et
833 4359 874 4412 le·
891 4356 915 4436 n
930 4357 961 4410 tl
981 4372 988 4409 ι
1008 4353 1152 4422 «Euripus
1175 4352 1259 4407 maris
1272 4352 1351 4410 vitrei
1372 4354 1462 4410 reddit
1485 4355 1641 4427 imaginem,
1657 4354 1730 4410 unde

67 4422 198 4498 gendum
213 4440 274 4482 cum
287 4426 392 4483 Latimo
410 4426 610 4500 interrogative,
649 4429 732 4485 inon
747 4428 873 4496 habebat,
930 4426 1016 4481 illud:
1032 4423 1158 4495 Delphini
1168 4422 1555 4495 equorisaqnasinterlluunt.
1571 4444 1585 4475 s
1601 4426 1677 4482 Nora
1687 4424 1729 4481 lit·

109 4495 410 4570 onrodeopnoscitur?
428 4501 498 4557 Ριιι.
515 4527 548 4542 -
563 4499 697 4554 llallensis
710 4500 809 4569 editor,
824 4499 875 4554 sub
929 4505 999 4563 tora,
1021 4507 1047 4554 et
1065 4495 1126 4552 liuta
1151 4494 1263 4552 flumina
1286 4494 1381 4563 Euripi
1404 4495 1531 4552 dicuntur
1555 4496 1664 4551 llsnilio
1678 4496 1727 4551 lib.

65 4511 201 4624 numani
220 4567 334 4625 lectione
347 4584 426 4641 quarn
451 4571 512 4642 ipse
530 4570 682 4642 iuniusque
697 4578 814 4638 tuentur,
835 4573 874 4626 la·
929 4582 958 4623 ιι
983 4571 1144 4626 Αιινοιιιιιι.
1170 4566 1237 4623 Vide
1261 4565 1430 4622 Suetonium.
1446 4565 1475 4620 in
1502 4564 1585 4631 tulin,
1601 4580 1663 4636 cap.
1680 4567 1726 4620 39.

66 4647 131 4694 tere
146 4637 345 4712 uuidgrmcnm
369 4640 524 4713 suspicetur
538 4658 545 4696 ι
561 4640 642 4696 index
663 4641 800 4698 latinitatis
813 4641 876 4698 Ter·
928 4639 968 4696 La
987 4641 1037 4695 Ph.
1616 4704 1622 4716 ,

64 4709 212 4766 tullianeae
234 4712 267 4765 ad
291 4713 467 4768 banssonem
495 4726 555 4768 eam
568 4726 628 4767 esse
652 4712 790 4785 antiquam
813 4728 875 4769 mo·
965 4710 1022 4783 (tl)
1037 4714 1073 4767 Et
1082 4711 1217 4768 obeliscus
1236 4725 1323 4783 super
1335 4709 1441 4765 omnia
1459 4708 1489 4763 ln
1499 4705 1571 4763 circo
1586 4704 1675 4785 inisse·
1683 4719 1730 4760 co·
1804 4741 1811 4750 .

63 4789 128 4848 net,
147 4797 166 4836 ι
179 4797 254 4838 uano
279 4780 391 4845 dictem
414 4798 446 4840 ac
464 4782 607 4856 desipuere
621 4784 695 4856 quod
710 4799 875 4858 magnopere
930 4782 1050 4838 lumnam
1066 4781 1138 4837 illam
1154 4797 1215 4853 quae
1236 4780 1372 4836 obeliscus
1394 4778 1494 4835 dicitnr
1513 4791 1594 4833 nemo
1612 4775 1727 4833 dubrtat.

62 4853 99 4909 ad
122 4852 273 4909 uanitatem
286 4852 421 4911 idolorum
440 4855 523 4911 debet
537 4853 643 4910 reterri.
660 4857 730 4912 Enn.
928 4853 1071 4924 Augustus
1094 4852 1245 4909 obeliscum
1266 4852 1351 4908 erexit
1370 4852 1398 4906 in
1420 4850 1492 4908 circo
1515 4865 1532 4904 a
1555 4849 1728 4905 Samneserte

103 4922 168 4994 (7⁰)
188 4926 223 4980 ει
235 4929 343 4982 stutuoe
365 4940 451 4998 super
469 4928 618 5000 Euripum.
632 4927 697 4983 Euri
718 4943 760 4996 ns,
775 4926 874 4985 iratum
928 4940 993 4999 rege
1006 4924 1136 4993 excisum,
1162 4926 1214 4980 lbi
1236 4924 1299 4995 ped.
1316 4924 1400 4979 altum
1426 4929 1454 4979 et
1469 4921 1612 4988 dodrante,
1627 4928 1728 4993 praeler

85 4993 150 5077 'od
163 5004 207 5051 est
224 4995 259 5050 ad
277 4996 443 5078 Chalcidem,
471 5011 570 5055 nomen
591 4997 665 5053 dedit
685 4945 721 5055 ος
741 4998 873 5055 similitu·
928 4996 1016 5052 basim
1031 4995 1107 5052 illius
1120 4995 1228 5078 lapidis.
1244 4995 1323 5050 Alter
1332 4993 1384 5076 luit
1396 4994 1424 5049 in
1439 5008 1535 5066 campo
1548 4993 1662 5075 llartio,¹
1673 5006 1727 5076 no,-

96 5081 165 5122 nem
202 5065 281 5124 lossis
317 5070 418 5140 quibus
446 5068 502 5124 ludi
536 5069 772 5127 circumdabantur
813 5085 875 5144 sep·
928 5083 988 5124 vem
1003 5068 1117 5139 pedibus
1130 5083 1247 5123 minora
1262 5066 1418 5123 Sesostrrde
1431 5064 1593 5138 exsculptus.
1611 5066 1727 5140 insigms

66 5143 163 5193 tarum
189 5135 259 5197 loco.
288 5139 402 5197 Factum
432 5138 532 5196 deinde
557 5147 607 5210 est,
637 5148 666 5197 nt
691 5158 739 5212 pro
754 5142 875 5216 qualibet
929 5137 1009 5196 hodie
1032 5147 1075 5195 ast
1097 5138 1234 5196 obeliscus
1255 5138 1300 5195 ille
1315 5139 1456 5194 vaticanus
1469 5138 1572 5204 Romae,
1590 5153 1623 5194 ax
1637 5136 1727 5210 lapide

67 5209 147 5265 losse
169 5214 217 5264 sut
238 5213 327 5267 amali
348 5211 463 5283 caeperit
481 5210 600 5286 Euripus
618 5213 756 5284 usurpari.
771 5213 875 5270 Plinius
928 5210 1030 5282 ophite,
1054 5210 1133 5281 cujus
1145 5209 1259 5267 altitudo
1275 5218 1317 5267 est
1332 5210 1430 5282 pedum
1446 5210 1509 5275 tlt),
1522 5217 1622 5281 praeter
1635 5208 1725 5264 basim

67 5281 197 5352 nepesin
214 5281 294 5354 epist.
319 5283 352 5339 ad
367 5282 510 5340 Caninium
534 5283 633 5339 linium
650 5301 657 5339 ε
675 5305 687 5335 ι
704 5284 774 5354 Quid
790 5285 873 5342 Euri·
946 5299 988 5338 uae
1003 5284 1087 5353 pedes
1109 5283 1231 5338 continet
1249 5284 1293 5339 ³7.
1310 5281 1337 5336 ls
1351 5296 1435 5354 opera
1447 5280 1582 5339 Dominici
1597 5280 1725 5336 Fontenae

68 5351 265 5422 pussiridiset
278 5355 468 5428 geminasse»
485 5353 634 5420 Vitruvius,
644 5354 691 5412 lib.
707 5372 748 5412 vu
764 5375 771 5412 :
785 5378 799 5408 ι
815 5356 876 5413 Pin·
927 5299 1070 5412 Cumanus
1092 5367 1108 5409 e
1132 5353 1242 5410 sinistro
1269 5352 1390 5411 Vaticani
1415 5353 1511 5425 templi
1525 5353 1609 5408 latero
1624 5349 1652 5431 lrr
1667 5364 1725 5405 me·

68 5430 174 5490 guntin
190 5424 264 5481 enim
284 5435 393 5500 portus,
408 5427 602 5496 promontoria,
627 5425 726 5494 littora,
751 5427 873 5496 flumina,
928 5424 1000 5481 diam
1015 5426 1130 5497 plateam
1143 5424 1289 5482 translatus
1302 5435 1343 5482 est
1358 5441 1402 5482 an.
1428 5427 1511 5482 1586.
1529 5424 1613 5479 Porro
1629 5420 1675 5476 lrb.
1691 5419 1725 5473 da

69 5496 170 5623 iduatus,
178 5496 276 5570 euripi,
287 5500 363 5569 tana,
377 5497 444 5567 lnci,
459 5505 576 5568 montes,
590 5511 700 5570 pacem,
711 5510 872 5571 pastores.»
928 5497 965 5625 ἔ.
999 5501 1128 5625 ‘icem'
1145 5501 1173 5553 8.
1189 5496 1477 5624 Obe’tbssagomitm
1491 5493 1600 5551 dicitur.
1615 5490 1656 5546 De
1670 5489 1725 5545 boc

134 5581 167 5625 ιι.
968 5584 997 5624 n.
1022 5585 1033 5625 r
1054 5582 1220 5638 ,xxxrr,c.
1256 5609 1264 5624 .
1356 5583 1383 5625 s.
