3840 6134
141 330 193 392 519
484 321 705 385 waldhtbdtl
722 321 854 385 optabit
872 323 957 384 Plus
971 323 1005 384 ll.
1025 353 1061 368 -
1078 322 1193 385 snttttts
1219 324 1239 396 1,
1260 323 1436 387 macelot.
1731 331 1787 391 520

137 451 220 509 modo
232 449 340 516 dixerit,
360 461 413 505 non
428 448 508 521 qnasi
521 447 547 488 88
560 465 622 506 vere
640 448 694 504 sint
711 448 747 515 ⁸⁷,
770 447 819 520 qul
841 446 932 503 dican·
947 462 971 542 g
985 447 1071 522 ipsius
1084 449 1146 504 esti
1157 454 1185 505 et
1207 447 1286 523 quale
1301 449 1363 518 erit,
1383 459 1414 508 ot
1431 459 1602 523 peecatorem
1624 452 1717 510 emuli
1741 457 1787 512 sni

139 551 183 596 tur
201 537 310 612 quando
335 552 390 594 non
413 538 490 596 sint:
515 538 550 594 de
576 537 656 592 idolis
682 538 755 592 enim
783 535 876 606 coepit,
900 537 933 592 de
986 535 1081 608 puniat
1095 536 1193 608 magis,
1209 552 1291 608 quam
1315 539 1481 596 econtrario
1499 539 1592 598 foveat
1614 541 1689 598 Deus
1708 545 1785 600 zelo·

138 626 520 699 idolothytis-disputaturos:
537 628 645 684 δαιιιιις
658 625 733 698 quod
746 624 935 684 idclsmuiltil
988 625 1048 681 test
1067 623 1095 680 Si
1108 625 1144 680 ab
1158 624 1205 681 illo
1232 625 1301 692 Deo,
1319 626 1414 698 atquin
1428 630 1525 699 punire
1551 643 1606 685 non
1625 630 1709 687 novit.
1733 632 1784 699 lta,

136 721 185 776 sit.
206 715 362 773 Creatorem
378 724 467 771 autem
483 723 510 771 et
522 715 639 772 Marcion
654 715 740 771 Deum
758 730 811 772 non
834 722 932 786 negat:
988 719 1044 768 tota
1058 712 1107 767 ista
1123 713 1272 785 propositio
1285 713 1410 788 Apostoli
1428 716 1501 773 nulla
1516 717 1619 775 ratione
1647 719 1785 786 consistit,

137 823 203 880 ergo
218 822 273 862 non
283 814 372 877 potest
385 804 470 861 videri
485 805 631 876 Apostolus
649 804 800 861 Creatorem
828 817 935 874 quoqne
987 799 1010 854 si
1024 814 1078 855 uon
1092 800 1126 855 ad
1144 800 1313 873 disciplinam
1331 803 1468 860 Crantoris
1482 812 1534 861 est.
1563 806 1687 879 Denique
1713 818 1740 864 et
1755 808 1784 864 in

136 900 207 955 inter
225 912 273 953 eos
288 895 425 968 posuisse,
449 894 496 966 qui
511 894 548 949 dii
566 894 699 958 dicantur,
723 901 750 950 et
771 901 858 949 tamm
879 907 934 948 non
987 888 1104 943 clausula
1118 889 1267 959 praelationi
1281 891 1436 977 respondet.
1453 895 1516 949 lloec
1535 895 1785 967 solempnem.

136 987 210 1051 sint;
226 984 334 1055 quando
357 983 408 1038 etsi
427 980 549 1052 luissent,
565 982 643 1040 uobis
662 988 755 1039 umen
765 998 841 1039 uuus
863 985 935 1038 esset
987 977 1101 1033 modum
1115 982 1271 1036 euenerunt
1283 980 1546 1052 illis,soriptusunt
1560 982 1656 1040 oduos
1666 999 1786 1044 commo·

136 1079 210 1133 Deus
223 1076 309 1130 Pater
324 1088 361 1129 aa
379 1087 431 1146 quo
449 1074 548 1131 omnio
561 1073 595 1127 88.
612 1072 652 1127 Ex
666 1087 722 1144 quo
740 1072 830 1126 omnia
845 1069 933 1136 nobis,
986 1064 1103 1131 umdos,
1118 1066 1151 1122 iu
1169 1082 1236 1139 quos
1254 1068 1325 1137 lines
1344 1085 1469 1126 oeuorum
1497 1069 1731 1130 decucurrerunt.
1760 1073 1785 1132 0

136 1162 190 1220 nisi
204 1162 283 1233 cujus
298 1160 413 1216 omnia?
427 1159 557 1229 eraenam
573 1159 648 1215 ista?
669 1159 761 1216 llabes
784 1159 812 1215 in
835 1166 934 1231 praete·
985 1152 1139 1211 Creatorem
1160 1164 1187 1211 et
1201 1156 1342 1222 praescinm
1366 1157 1465 1226 iamet
1492 1159 1691 1219 admonitorem
1712 1164 1784 1220 alie·

136 1251 211 1317 ritis;
230 1250 330 1307 Omuiu
341 1251 435 1305 uestro
453 1253 531 1315 suut,
548 1251 605 1306 sive
618 1250 735 1317 Paulus,
755 1250 812 1306 siue
826 1248 932 1320 Apollo,
986 1255 1081 1298 norum
1106 1241 1337 1300 Christianoruml
1354 1246 1500 1312 Praetereo,
1524 1246 1548 1302 si
1575 1250 1686 1321 qnando
1708 1251 1786 1322 paria

135 1342 192 1399 sive
210 1337 392 1411 deplicamus
406 1338 686 1407 muudussivauitu,
701 1339 758 1396 siue
772 1354 861 1402 mors,
877 1340 933 1395 sius
986 1344 1079 1385 eorum
1095 1344 1156 1401 qnae
1176 1339 1317 1388 retractata
1330 1340 1403 1401 sunt,
1418 1335 1540 1406 qnaedam
1561 1343 1589 1392 et
1603 1337 1722 1394 breviter
1734 1355 1785 1396 es·

135 1429 298 1507 praeseutia,
313 1427 493 1498 siuefuturo.
509 1429 585 1483 Adeo
600 1426 721 1483 omnium
744 1428 830 1482 Deum
852 1425 933 1482 Crca-
985 1419 1229 1493 pungo-Magnum
1244 1429 1435 1495 argumentum
1449 1423 1785 1497 Deialterins,permissi0

137 1530 220 1578 torem
247 1516 321 1586 lacit,
342 1530 359 1570 a
381 1529 435 1588 quo
456 1523 483 1572 et
500 1516 627 1580 mundus,
642 1525 669 1571 et
691 1514 755 1582 vite,
785 1518 812 1569 et
839 1528 931 1583 mors3
985 1505 1104 1563 omnium
1118 1507 1305 1575 obsoniorum,
1330 1510 1463 1567 adversus
1479 1512 1595 1586 Legem
1624 1514 1704 1588 quasi
1728 1530 1786 1574 non

136 1623 198 1682 quae
220 1604 328 1662 alterius
348 1602 399 1659 Dei
421 1618 557 1659 essenon
580 1610 704 1674 possunt.
735 1600 776 1656 hb
795 1615 828 1656 eo
850 1600 934 1672 igitur
985 1593 1264 1666 etipsiconfiteamcr
1277 1597 1362 1670 Legis
1375 1613 1457 1655 onera
1480 1599 1601 1670 dimissa,
1616 1603 1667 1659 sed
1690 1605 1725 1660 ab
1750 1619 1786 1664 eo

136 1693 309 1754 interomnia
322 1701 350 1748 et
364 1692 498 1749 Christus.
514 1690 661 1749 cautere
678 1705 727 1748 suo
742 1706 932 1763 usumquem·
985 1682 1031 1755 qui
1055 1681 1194 1755 imposuit,
1221 1684 1268 1757 qui
1295 1686 1469 1745 novationem
1496 1691 1668 1764 repromisit3
1694 1692 1735 1749 ita
1758 1700 1787 1752 et

137 1785 301 1861 quaduccus
313 1781 406 1837 uiuere
426 1781 483 1848 (ll)
499 1783 637 1853 oportere,
652 1776 851 1850 satisexempla
864 1795 933 1852 prae·
948 1746 970 1825 Β
986 1771 1063 1826 cibos
1076 1770 1123 1842 qui
1145 1773 1256 1829 abstulit
1283 1773 1414 1845 reddidit,
1443 1777 1517 1849 qnod
1541 1787 1569 1836 et
1594 1795 1612 1835 a
1634 1779 1786 1853 primordio

136 1873 248 1930 miserat
267 1868 391 1932 militum,
407 1878 553 1939 pastorum,
576 1868 756 1940 rusticornm3
780 1868 933 1925 seddivina
988 1859 1120 1933 praestitit.
1142 1862 1285 1931 ceterum,
1306 1863 1330 1920 si
1346 1864 1491 1936 quisalius
1515 1867 1583 1924 dens
1610 1867 1710 1928 inisset
1733 1869 1786 1929 αο-

136 1962 174 2019 illl
189 1957 333 2016 auctoritas
352 1955 453 2012 deerat.
481 1957 583 2029 Legem
607 1957 690 2031 igitur
716 1956 830 2028 opponit
852 1959 933 2015 Crea—
987 1958 1103 2007 structor
1125 1949 1177 2007 Dei
1189 1954 1286 2021 nostri,
1302 1952 1369 2009 nibil
1383 1955 1473 2025 magis
1499 1971 1565 2013 suos
1587 1951 1785 2030 prohibuisset,

137 2050 203 2108 toris
222 2045 335 2120 ingratis
361 2046 396 2115 88,
413 2062 493 2118 mam
511 2045 682 2103 destruebat:
720 2046 763 2103 sni
786 2045 858 2103 enim
882 2045 933 2103 Dei
986 2053 1070 2110 qnam
1083 2037 1117 2095 de
1131 2039 1217 2112 copiis
1232 2041 1379 2098 adversarii
1392 2042 1485 2100 vivere
1498 2043 1525 2116 (l
1540 2046 1601 2104 Cor.
1615 2061 1657 2104 ιι.
1674 2049 1747 2121 xrv).

136 2137 237 2194 nullam
252 2135 329 2191 talem
345 2133 467 2190 babebat.
483 2135 559 2203 licui,
578 2132 672 2204 lnquit,
692 2135 800 2191 terenti
825 2151 856 2194 oa
873 2150 933 2193 uon
1283 2129 1396 2187 CAPUT
1415 2133 1485 2189 vm,

136 2225 284 2297 obligabis,-
306 2230 332 2277 et
355 2221 468 2292 adiicit:
489 2223 629 2295 Numquid
647 2220 681 2281 dc
702 2222 784 2281 bobes
805 2226 933 2296 pertinet
1024 2217 1114 2290 Caput
1129 2217 1186 2274 uiri
1201 2217 1328 2278 eaustus
1342 2223 1393 2279 cst.
1410 2220 1478 2291 Quis
1496 2223 1630 2294 Christus,
1656 2224 1706 2299 qui
1727 2240 1785 2286 nen

135 2313 174 2373 ud
187 2309 366 2371 homiuum?
383 2311 461 2367 etlam
483 2317 510 2367 et
522 2311 549 2350 88
567 2310 652 2366 bobus
672 2317 783 2382 propter
810 2311 933 2368 homines
985 2315 1027 2363 est
1039 2306 1090 2364 viri
1104 2308 1215 2364 auctor?
1228 2309 1316 2380 Caput
1329 2309 1400 2365 enim
1418 2311 1454 2367 sd
1473 2314 1666 2371 auctoritatem
1681 2316 1783 2387 posuit,

135 2401 434 2475 benignum‘lPropter
456 2415 507 2457 uos
530 2401 598 2458 euiu
613 2400 753 2473 seriptum
766 2405 816 2468 evi,
832 2400 930 2474 inquit.
985 2395 1130 2453 auctoritas
1144 2405 1233 2454 eutem
1255 2412 1309 2454 non
1327 2399 1440 2456 alterius
1458 2403 1519 2468 erit,
1544 2420 1624 2474 quam
1652 2406 1782 2464 auctoris.

135 2494 209 2567 lirgo
222 2497 250 2547 et
263 2491 352 2562 legem
366 2488 538 2560 allegoricam
567 2487 714 2546 secundum
732 2504 782 2547 nos
796 2491 929 2560 probavit,
985 2484 1070 2555 Cujus
1084 2485 1202 2557 denique
1215 2484 1267 2544 viri
1280 2497 1361 2560 caput
1372 2489 1432 2544 estl
1443 2489 1523 2548 Certe
1536 2493 1635 2564 dequo
1650 2494 1760 2566 subjicit
1774 2510 1782 2552 t

135 2583 209 2640 etde
224 2577 370 2652 Evangelio
388 2577 540 2634 triremibus
558 2578 782 2649 patrocinantem
808 2593 840 2636 ao
868 2596 931 2650 pro·
990 2575 1111 2631 Vireuiu
1119 2590 1178 2631 uon
1192 2575 1366 2648 caputcaput
1376 2578 1481 2649 vetare,
1496 2595 1561 2639 gum
1570 2583 1609 2638 ,gg
1618 2585 1794 2657 paim·

136 2677 197 2743 pter
213 2669 274 2732 hoc,
299 2681 354 2722 non
381 2665 494 2722 alterius
510 2681 570 2722 esse
591 2667 830 2739 evangelizatores,
851 2684 931 2741 quam
984 2661 1069 2734 Igitur
1093 2663 1117 2718 si
1136 2662 1272 2720 Creatoris
1293 2672 1334 2720 est
1358 2665 1448 2742 imago
1470 2668 1525 2739 lille
1551 2670 1617 2726 enin
1643 2669 1783 2728 Christum

136 2760 216 2830 cujus
228 2756 281 2822 lex,
295 2768 356 2827 quae
368 2752 508 2825 prospexit
522 2754 585 2823 illis,
595 2770 656 2811 cum
671 2755 744 2812 dicit.
750 2758 868 2829 Propter
881 2774 930 2815 nus
983 2751 1141 2807 Sermonem
1161 2768 1241 2808 snum
1254 2750 1363 2809 intuens
1377 2755 1514 2812 hominem
1529 2756 1650 2815 luterum
1664 2776 1671 2815 :
1684 2763 1783 2818 Facio·

135 2849 213 2907 euim
225 2845 250 2885 88
265 2846 405 2917 scriptum
418 2848 471 2900 est.
483 2843 537 2899 Sed
551 2844 637 2900 noluit
651 2845 689 2901 uti
703 2845 770 2917 legis
784 2854 927 2918 potestate,
983 2856 1056 2912 mus,
1068 2839 1310 2911 nquivuomiuem
1319 2841 1355 2898 ud
1364 2844 1783 2916 imogiucmctsimiiitudinem

134 2938 183 3009 qni
197 2932 292 2990 maluit
307 2931 391 3004 gratis
405 2931 538 2990 laborare.
558 2933 616 2989 Hoc
644 2933 680 2990 ud
702 2934 821 3006 pluriam
847 2951 929 2992 suom
981 2930 1782 3009 uestram)quomodopossumalterumhaberecspnt,non

134 3022 238 3090 retulit,
253 3036 334 3095 quern
347 3020 460 3092 denovit
470 3034 638 3094 quemquam
645 3026 860 3091 mutuaturum,
876 3039 930 3081 11⁰⁰
944 3031 967 3111 c
981 3033 1042 3075 eum
1053 3019 1131 3090 0111'118
1140 3020 1230 3094 imago
1241 3034 1299 3074 aum
1309 3021 1323 3076 t
1333 3021 1402 3076 Cum
1413 3021 1486 3077 enim
1498 3024 1589 3096 imago
1600 3025 1782 3085 sumcreato·

135 3113 168 3169 ad
188 3112 270 3182 Legis
295 3107 588 3180 destructionemque
614 3111 696 3166 alium
723 3112 848 3183 probavit
865 3129 928 3168 usu-
981 3110 1029 3175 ris,
1049 3122 1103 3165 non
1125 3118 1166 3164 est
1189 3111 1217 3163 in
1243 3124 1286 3166 me
1312 3107 1389 3165 locus
1409 3111 1505 3181 cepitis
1528 3113 1649 3169 alterius.
1672 3115 1726 3172 Sed
1754 3123 1782 3174 et

134 3218 205 3259 rum.
220 3200 291 3255 Ecce
301 3205 388 3253 autem
403 3203 430 3251 et
443 3196 475 3251 iu
488 3197 602 3273 petrum
623 3192 737 3249 ostendit
756 3208 843 3250 caecus
857 3196 928 3252 llar-
980 3199 1645 3273 quaremuiicrpotestutemsuperecputbebere
1655 3204 1782 3264 debebit!

133 3291 204 3357 cion,
221 3288 254 3345 de
264 3301 318 3360 qua
327 3284 454 3342 bibebant
468 3284 499 3338 iu
509 3281 663 3341 solitudine
675 3285 772 3355 potres
786 3285 886 3342 nostri.
898 3282 927 3340 Si
981 3289 1013 3346 Si
1022 3288 1088 3361 quio
1097 3303 1133 3343 cce
1144 3287 1371 3359 uiromtpropter
1380 3290 1476 3345 uirum
1484 3291 1614 3361 [uetuere
1628 3293 1777 3349 secundum

59 3451 61 3456 Ι
134 3382 208 3438 enim
235 3387 311 3450 putre
329 3374 377 3430 illa
396 3371 533 3429 ¹Christus
567 3370 626 3438 init,
656 3373 749 3443 utique
783 3372 927 3444 Creatoris,
980 3375 1173 3432 institutionem
1184 3374 1327 3446 Creatoris,
1344 3376 1383 3434 sic
1396 3391 1507 3449 quoque
1529 3381 1589 3450 ejus
1608 3367 1780 3452 disciplinam

132 3470 211 3539 cujus
239 3475 266 3523 et
297 3463 424 3537 populus·
459 3459 509 3516 Cui
532 3459 571 3515 rei
596 3457 712 3533 figuram
738 3461 858 3518 extranei
880 3478 926 3518 sa-
980 3465 1125 3538 Apostolus
1138 3463 1253 3534 curavit,
1269 3463 1302 3520 de
1316 3467 1398 3535 cujus
1409 3467 1577 3526 institutione
1591 3479 1690 3527 canses
1703 3470 1783 3530 disci·

132 3557 262 3617 crementi
288 3555 478 3623 iuterpretatur
513 3549 593 3622 (llll
618 3551 661 3604 dn
695 3558 725 3606 ut
750 3550 802 3608 hoc
836 3552 927 3622 ipsum
979 3553 1060 3626 plinae
1074 3552 1273 3625 interpretatur.
1288 3553 1390 3624 Adjicit
1403 3556 1495 3623 etiam,
1511 3559 1630 3630 Propter
1653 3561 1779 3633 capetus.

133 3648 254 3712 doceret,
271 3642 387 3715 ligurata
402 3639 485 3694 luisse
502 3644 595 3695 vetera
613 3636 640 3692 in
656 3637 794 3694 Christum
814 3654 846 3695 ex
873 3639 927 3695 illis
980 3640 1075 3710 Quos‘l
1085 3640 1113 3694 id
1127 3646 1170 3696 est
1182 3641 1280 3709 cujusl
1290 3640 1319 3697 Si
1331 3642 1621 3717 Creatorisapoststss,
1632 3649 1740 3722 merito,
1750 3654 1782 3705 ut

132 3729 356 3792 recensendum?
376 3725 462 3784 488
476 3727 547 3782 Num
565 3731 593 3780 et
608 3726 746 3798 reliquum
762 3727 862 3784 exitum
876 3743 926 3799 po·
979 3729 1024 3784 ille
1037 3727 1118 3784 iacies
1131 3743 1193 3801 quoe
1203 3743 1252 3784 eos
1262 3731 1465 3798 scandalizavit,
1475 3741 1566 3790 nomm
1575 3735 1724 3808 quamdam
1735 3752 1781 3796 re·

131 3822 188 3896 puli
203 3811 617 3885 cmumumspraemittitztlaee
631 3819 728 3872 aulem
740 3816 927 3890 exemplans·
980 3817 1047 3874 terat
1065 3817 1101 3872 de
1118 3816 1211 3874 habitu
1226 3818 1393 3886 humilitatis,
1407 3821 1634 3882 etobscnratione
1658 3824 1778 3895 decoris,

131 3912 173 3969 bis
188 3912 257 3967 suut
271 3907 361 3978 [octo.
372 3900 508 3973 llicmihi‚
524 3918 540 3958 a
555 3902 683 3960 Crestcre
693 3903 803 3963 durius
815 3906 925 3980 quidem
980 3909 1010 3966 Si
1025 3905 1112 3965 aaa
1124 3922 1189 3965 vero
1200 3918 1312 3982 propter
1330 3911 1438 3984 angelos
1455 3911 1503 3967 Dei
1516 3910 1636 3984 alterius,
1651 3913 1718 3986 quid
1732 3930 1780 3974 ve·

130 3996 279 4074 ignotiDei
298 3989 589 4064 hominihusexempla
602 4001 666 4050 sunt
686 3993 777 4051 iactat
800 4011 835 4051 an
854 3997 925 4055 alius
979 4007 1062 4068 retur,
1083 3996 1106 4053 si
1131 4013 1181 4053 nec
1214 3997 1265 4069 ipsi
1287 3998 1452 4056 hlarcionitae
1479 4000 1595 4058 laminas
1622 4005 1780 4074 appetunt?

129 4077 204 4148 Deus
218 4086 253 4143 ib
267 4083 319 4142 ⁸¹10
333 4090 470 4139 mutuatur
483 4082 617 4154 exempla,
631 4090 658 4139 et
677 4084 789 4157 qnidam
803 4087 925 4145 aemuloi
978 4088 1056 4160 Soepc
1081 4087 1137 4157 ism
1164 4086 1335 4143 ostendimus
1358 4086 1476 4146 boereses
1508 4090 1580 4162 apud
1613 4091 1779 4162 Apostolum

130 4180 170 4239 De
188 4177 235 4233 illo
248 4190 292 4231 me
303 4180 385 4230 terret
398 4171 463 4243 sibi,
478 4187 495 4227 e
508 4187 563 4246 quo
583 4171 663 4231 fidem
677 4190 763 4231 meam
775 4175 925 4236 transfert?
979 4178 1057 4233 iuter
1071 4176 1149 4233 motu
1162 4180 1197 4233 ut
1210 4177 1319 4233 molum
1333 4179 1409 4250 poni,
1426 4182 1456 4236 ct
1469 4194 1514 4236 cos
1529 4178 1684 4251 probabiles
1694 4181 1781 4240 intet-

130 4268 270 4328 lleliorem
283 4279 327 4320 me
345 4259 386 4318 illi
406 4263 575 4319 adversarius
588 4261 692 4320 saciet?
714 4265 773 4321 lam
800 4265 825 4322 si
850 4267 920 4323 deli·
980 4266 1113 4340 ligeudos,
1129 4268 1177 4338 cui
1195 4265 1312 4324 borresss
1330 4268 1489 4325 utmcium
1504 4270 1629 4342 supinet.
1659 4269 1779 4329 Proinde

129 4373 214 4432 quero
237 4355 333 4413 eadent
359 4367 422 4425 quat
444 4360 471 4410 et
488 4352 614 4426 populus,
638 4353 767 4412 eademne
795 4372 924 4428 passurus
940 4308 964 4390 n
979 4357 1057 4429 panis
1096 4361 1124 4411 et
1148 4353 1239 4411 calicis
1262 4368 1429 4413 sacramento
1463 4358 1521 4427 jam
1556 4358 1631 4431 (Luc.
1660 4362 1725 4430 xxv)
1749 4359 1778 4417 in

132 4463 204 4515 sum,
218 4441 449 4515 annontdtqnin
472 4441 496 4497 si
512 4456 566 4497 non
579 4442 683 4515 eadem,
700 4461 771 4504 vane
792 4445 859 4502 mihi
886 4447 923 4503 ιῑ.
975 4443 1124 4517 Evangelio
1152 4442 1326 4515 probavimus
1346 4445 1469 4518 corporis
1499 4453 1526 4502 et
1550 4446 1695 4521 sanguinis
1719 4448 1779 4506 Do-

131 4538 228 4597 menda
240 4534 378 4610 proponit,
392 4547 455 4606 qnae
473 4546 528 4588 non
546 4548 606 4589 sum
629 4549 769 4605 passurus.
791 4535 923 4594 Passurus
976 4532 1069 4590 minici
1100 4530 1239 4591 veritatem
1269 4533 1337 4603 (25),
1362 4533 1492 4589 adversus
1520 4533 1680 4605 phantasma
1702 4535 1779 4592 llar-

132 4640 252 4687 autema
268 4638 323 4700 quo
349 4624 419 4682 erol
443 4621 472 4680 Si
492 4622 661 4691 eCreatore,
689 4624 780 4697 qualia
800 4624 925 4700 indigere
977 4624 1073 4683 eioms.
1091 4619 1146 4678 Sed
1168 4625 1197 4676 ct
1210 4635 1315 4678 ornnem
1336 4621 1443 4694 judicii
1467 4623 1629 4680 mendosam
1653 4623 1779 4682 Creatori

806 4749 903 4816 Variae
935 4753 1093 4817 lectiones.

167 4859 193 4905 88
211 4860 283 4932 Quia
297 4861 337 4918 ol.
352 4853 377 4899 ⁸⁷
397 4854 451 4915 Sed
466 4857 530 4930 quia
548 4855 602 4917 sint
616 4855 680 4918 add.
694 4858 779 4920 Semi.
795 4859 848 4919 Sed
862 4857 925 4936 quia
938 4858 1068 4918 sitFrou.
1083 4857 1109 4897 88
1123 4853 1164 4914 Ex
1182 4870 1236 4929 quo
1251 4853 1342 4915 omnia
1358 4854 1443 4920 Semi.
1460 4856 1564 4933 iegitur
1582 4856 1675 4920 tenet.
1686 4856 1712 4902 88
1729 4859 1777 4919 ln·

132 4935 227 5012 gratiis
243 4936 310 4992 luit.
320 4933 346 4972 88
362 4931 399 4990 lle
413 4932 493 4990 Pom.
507 4932 531 4972 88
546 4931 627 4989 Enim
640 4935 737 4994 omitt.
761 4937 847 4993 Fron.

825 5032 1075 5101 Commentarius.

163 5135 222 5210 (tt)
240 5138 283 5194 lis
297 5132 390 5193 tubum
404 5149 453 5193 auo
466 5149 694 5209 unumquemque
708 5130 808 5195 doceas
821 5129 922 5194 mucra
976 5133 1045 5189 solet
1058 5124 1213 5188 extraneus
1231 5130 1390 5189 construere
1403 5145 1467 5189 cnm
1492 5124 1623 5207 genitivo,
1645 5136 1776 5204 utsupra

127 5208 178 5268 lue
198 5209 280 5267 variis
302 5206 434 5280 exemplis
460 5206 567 5281 probat,
582 5221 803 5279 unumquemque
825 5207 923 5264 victum
976 5205 1038 5262 udo.
1054 5201 1143 5263 dicre.
1158 5202 1206 5258 lib.
1222 5217 1264 5259 u:
1289 5202 1355 5273 Quis
1377 5203 1439 5260 mali
1463 5214 1616 5270 extranens,
1645 5201 1698 5258 nisi
1727 5199 1775 5275 qni

128 5282 229 5338 debere
243 5279 295 5337 sibi
311 5294 465 5351 comparare
482 5293 516 5334 ex
543 5279 635 5333 labore
655 5291 717 5334 suo.
737 5277 782 5333 Sic
795 5277 826 5334 ll.
846 5279 923 5349 hpo·
975 5282 1003 5332 et
1017 5274 1167 5330 inimicus?
1188 5275 1283 5332 llnnm

128 5354 215 5412 stolus
245 5351 351 5408 dicebat
378 5351 444 5407 olim
465 5362 562 5405 menos
589 5346 639 5402 sibi
666 5347 832 5404 ministrasse
860 5363 922 5475 3¹¹ae
1011 5346 1069 5419 (23)
1083 5345 1264 5404 Probuvimus
1281 5347 1405 5420 corporis
1419 5350 1449 5405 et
1470 5346 1618 5421 scupuirds
1631 5341 1774 5405 Dominici

128 5439 198 5510 opus
215 5423 242 5481 ci
260 5430 346 5481 erant.
366 5420 419 5492 Qui
443 5417 592 5491 Evangelio
611 5418 741 5486 serviunt,
766 5434 800 5477 ex
826 5434 859 5477 eo
878 5435 922 5477 ern
975 5421 1137 5477 ueritatem.
1156 5417 1215 5474 lib.
1231 5416 1331 5474 scilicet
1344 5419 1546 5501 sup-eriorapid
1569 5428 1657 5475 autem
1672 5418 1771 5500 tamum

125 5492 921 5645 ”itiiiiiiii,&teibairiaus-,auasuar,
974 5490 1617 5634 tttrttttdalttltttttlls
1636 5504 1683 5563 l¹¹¹
1710 5502 1772 5546 ⁰⁸¹·

127 5636 241 5711 liguram
255 5641 315 5710 ejus
329 5636 377 5712 qni
391 5644 426 5692 stt
447 5643 593 5693 extraneus
614 5650 631 5693 a
650 5645 827 5698 sacramento.
852 5635 922 5696 Nam
992 5665 1043 5714 2:
