3840 6134
125 264 180 329 593
704 261 898 326 61666666.
924 264 1193 330 vtisiiiiitiilios.
1716 274 1769 338 596

408 388 494 450 oo!
510 389 672 449 ceruix.
937 393 1111 486 apioquitas
1137 408 1186 465 pro
1207 409 1239 451 ea
1262 393 1405 467 supplicat,
1420 396 1463 453 vel
1483 397 1599 457 maxime
1624 399 1683 458 Nus
1710 402 1769 473 (66)

160 479 214 538 Sed
241 478 352 554 quidam
387 480 488 538 exitum
513 480 631 553 Sophiae,
658 487 685 537 et
712 479 919 547 restitutionem,
976 481 1099 553 quidni?
1124 498 1203 540 caiisa
1230 482 1292 539 mali
1322 485 1394 541 tanti.
1423 484 1518 542 Nullus
1541 496 1630 546 tamen
1659 484 1795 562 sophtae'

127 571 204 626 aliter
218 569 430 627 somniaverunt.
460 571 523 626 Post
551 569 640 626 irritos
678 578 788 627 conatus
810 577 836 627 et
863 571 923 640 spei
976 570 1063 626 esitus
1082 571 1168 627 vacuit
1189 572 1223 644 ⁹⁴,
1253 587 1346 628 omnes
1367 588 1493 630 aerumnae
1520 576 1581 645 ejus
1613 586 1765 647 operantur.

126 657 315 728 dejectionem,
349 655 522 712 deformatam
546 672 605 713 eam
633 656 739 728 pallore
775 658 865 724 credo,
897 664 924 713 et
978 658 1113 730 Siquidem
1129 659 1214 717 etilla
1228 667 1291 716 tuuc
1305 660 1466 718 conflictatio
1488 663 1516 718 in
1538 663 1655 722 blateriae
1679 668 1766 739 origi-
1873 672 1879 679 '

127 746 212 802 macie
231 753 260 802 et
273 745 375 802 incuria
394 744 497 812 iormae,
517 744 557 802 uti
570 762 631 818 quae
654 752 757 816 patrem
767 761 821 802 nou
836 745 924 802 minus
976 760 1038 801 nem
1066 748 1195 817 pervenit,
1213 748 1372 820 ignorantia,
1399 765 1483 822 paror
1509 751 1543 817 ⁹⁵,
1569 767 1679 821 moeror,
1699 757 1766 811 sub-

127 835 291 908 danegatum
318 832 425 889 dolebat
466 848 547 905 quam
586 834 726 889 amissum.
750 834 853 890 Dehinc
876 833 922 890 illo
977 833 1081 892 stautiae
1100 834 1176 891 hunt.
1193 835 1233 892 lbi
1254 837 1364 894 demum
1392 845 1467 906 pater
1495 838 1638 911 aliquando
1667 852 1765 913 motus,

127 938 244 980 iooerore
272 937 305 977 es
332 920 475 992 semetipsa
494 920 563 994 sole,
597 921 669 977 nulla
693 937 775 993 opera
802 922 921 994 coniugii
975 935 1023 994 pei
1044 923 1213 996 Monogenes
1237 925 1309 995 Nun,
1325 940 1408 996 quem
1421 941 1503 996 supra
1525 926 1641 984 diximus
1664 929 1765 997 Horon,

128 1012 259 1082 concepit,
282 1016 310 1066 et
327 1016 454 1082 procreat
479 1009 616 1066 feminam.
645 1009 751 1066 ldiraris
778 1011 859 1067 baec?
890 1010 923 1068 Et
975 1009 1004 1065 in
1016 1010 1074 1068 haic
1086 1010 1221 1085 promit⁹⁶
1233 1012 1262 1068 iii
1272 1012 1389 1086 imagine
1398 1029 1446 1069 sua
1454 1012 1553 1071 famina
1567 1031 1650 1083 mare,
1665 1017 1690 1057 ⁹⁷
1699 1020 1765 1089 (66),

128 1098 229 1173 gallina
247 1098 341 1155 sortita
359 1104 400 1154 est
423 1098 457 1153 de
481 1113 531 1155 suo
559 1113 664 1170 perere.
679 1099 732 1156 Sed
749 1108 776 1156 ct
803 1099 922 1157 vultures
975 1097 1037 1169 quia
1060 1099 1094 1157 de
1117 1099 1201 1170 patris
1225 1116 1290 1157 sexu
1313 1100 1350 1158 ita
1363 1102 1476 1159 variant.
1499 1101 1642 1173 Adiiciunt
1666 1113 1765 1174 autem,

127 1186 243 1244 feminas
258 1193 362 1243 tantum
376 1185 518 1259 aiunt(62)
534 1194 581 1244 :et
606 1197 694 1244 tamaii
721 1187 778 1243 sinc
801 1188 921 1244 masculo
974 1186 1075 1254 lloron,
1090 1186 1172 1244 etiam
1195 1186 1352 1261 ldetagogea
1380 1188 1420 1262 (id
1449 1197 1490 1244 cst
1515 1190 1765 1263 circumductorem)

127 1276 259 1332 mater⁹⁰.
280 1275 370 1330 Primo
390 1274 501 1345 quidem
526 1274 679 1332 contristari
702 1282 811 1349 propter
830 1278 921 1333 incon·
974 1276 1076 1345 uocari,
1091 1283 1119 1332 et
1146 1278 1319 1334 Horothetcn.
1341 1276 1428 1346 hujus
1443 1277 1588 1347 praedicant
1615 1295 1708 1352 opera,
1739 1292 1766 1340 et

127 1361 338 1418 commotionem
363 1362 544 1432 generationis
557 1362 633 1435 (63):
648 1369 767 1419 metuere
783 1370 919 1433 postremo
975 1381 1125 1437 repressam
1139 1368 1172 1422 ab
1186 1366 1295 1432 illicitis,
1312 1374 1338 1421 et
1352 1372 1494 1438 purgatam
1509 1368 1627 1435 amalis,
1643 1379 1669 1426 et
1689 1371 1766 1428 dein·

127 1467 159 1508 ue
168 1450 233 1506 finis
246 1465 359 1524 quoque
373 1450 526 1508 insisteret:
541 1452 644 1507 haerere
655 1453 688 1507 de
701 1451 804 1509 ratione
819 1468 918 1510 castis:
973 1467 1038 1524 oeps
1050 1453 1233 1510 confirmatam
1246 1453 1383 1526 Sophiam,
1399 1463 1427 1509 et
1451 1454 1578 1527 coniugio
1600 1457 1764 1526 restitutam,

128 1555 222 1596 curare
250 1540 285 1594 de
316 1538 502 1595 occultatione.
546 1539 673 1597 Remedia
699 1555 843 1612 nusquam.
870 1541 920 1596 Ubi
974 1548 1002 1598 et
1021 1540 1107 1613 ipsam
1125 1541 1233 1613 quidem
1247 1541 1275 1596 iri
1298 1541 1455 1598 Pleromatis
1483 1557 1566 1598 censii
1594 1546 1763 1602 remansisse.

128 1626 263 1697 enimjam
280 1627 419 1699 tragoediae
432 1633 459 1682 ct
472 1627 609 1683 comaediae
624 1628 718 1700 (66),6
729 1628 827 1700 quibus
835 1628 922 1684 torma
975 1627 1151 1698 Enthymesin
1167 1629 1223 1697 (oi)
1236 1642 1300 1684 seio
1324 1630 1383 1698 ejus
1398 1628 1455 1699 (68)
1481 1635 1508 1684 ct
1533 1628 1606 1685 illam
1631 1635 1762 1703 appendi-

128 1723 293 1772 mutuaretur
307 1715 466 1786 exponendi,
486 1717 558 1789 quod
579 1717 645 1773 citra
661 1718 790 1790 pudorem
812 1717 836 1758 ⁹¹
864 1725 921 1774 erat
974 1731 1033 1775 cem
1059 1716 1217 1773 Passionem
1239 1718 1273 1772 ab
1295 1717 1369 1773 Eoro
1389 1717 1532 1790 relegatam
1560 1726 1586 1774 et
1600 1720 1763 1796 crucifixam,

129 1802 369 1859 uatumlllomiu
383 1803 461 1858 malis
488 1819 531 1860 res
558 1811 608 1874 est,
635 1805 757 1874 suspicit,
789 1807 922 1862 convertit
979 1813 1006 1860 et
1020 1812 1168 1861 extrenum
1194 1803 1220 1844 ⁹⁹
1238 1802 1335 1860 tactam
1362 1803 1428 1875 (69),
1452 1805 1559 1874 bialum,
1580 1809 1652 1878 quod
1679 1810 1764 1879 aiunt,

132 1891 290 1960 66666666,
303 1891 352 1948 sed
363 1890 502 1948 incassum
517 1892 601 1959 enisa,
614 1898 642 1949 et
660 1893 686 1933 ⁹²
712 1892 784 1951 vires
812 1894 922 1950 desere·
978 1893 1051 1950 iores
1066 1913 1072 1948 :
1090 1893 1235 1966 spiritalem
1250 1900 1340 1950 tamen
1355 1893 1529 1948 substantiam
1547 1894 1634 1960 illam,
1659 1905 1689 1953 ut
1715 1915 1765 1955 na·

131 1977 205 2051 aaut
215 1980 244 2035 iii
254 1994 345 2052 preces
363 1980 476 2037 succidit
487 1981 522 2053 ⁹³,
546 1981 613 2037 Tota
640 1979 719 2037 etiam
748 1978 834 2039 558
856 1995 922 2052 pro·
980 1984 1090 2038 turalem
1104 1981 1245 2054 quemdam
1259 1981 1388 2054 impetum
1402 1980 1494 2036 AEonis
1504 1980 1569 2054 (16),
1598 1979 1684 2041 559
1717 1989 1765 2044 sed

812 2106 905 2169 Variis
926 2109 1079 2171 lectiones.

127 2201 151 2243 ⁹⁹
163 2202 265 2258 blatres
279 2203 347 2260 lun.
363 2200 387 2240 ⁹¹
402 2200 479 2258 circa
492 2201 625 2274 pudorem
639 2201 726 2258 ltlren.
741 2205 770 2258 et
784 2202 868 2260 Semi.
892 2202 917 2243 ⁹²
931 2203 966 2259 Ut
978 2206 1044 2261 lun.
1060 2202 1085 2242 ⁹³
1097 2203 1221 2261 Succedit
1234 2201 1322 2259 liberi.
1336 2204 1365 2258 et
1379 2202 1441 2259 olii.
1456 2202 1482 2240 ⁹⁹
1495 2203 1578 2261 Forte
1591 2205 1677 2274 potuit
1691 2209 1760 2265 lun.

128 2272 247 2330 ⁹⁹Pavor
261 2280 299 2329 et.
317 2275 382 2330 ion.
399 2278 485 2331 anteo
496 2287 633 2339 pavorem.
648 2273 673 2312 ⁹⁶
688 2276 736 2329 Pes
749 2275 928 2347 Monogenem
944 2274 1007 2332 Nun
1025 2274 1053 2328 iu
1068 2275 1125 2332 haec
1144 2276 1251 2346 promit.
1276 2272 1364 2330 llben.
1380 2275 1409 2330 et
1423 2274 1476 2330 olii
1489 2276 1625 2344 praemittit
1636 2279 1766 2338 mendose

128 2344 191 2402 inat.
205 2343 233 2384 ⁹⁹
261 2343 459 2400 Foeminamere
472 2345 540 2402 Por.
555 2347 643 2401 Fron.
658 2345 719 2417 trip.
734 2343 761 2382 ’Β
774 2346 871 2400 AEtrum
885 2345 974 2401 lllren.
991 2346 1076 2403 Sorril.

818 2441 1067 2507 Commentarius.

128 2544 381 2616 comprehensibilis
391 2554 432 2603 est
445 2546 530 2612 Pater,
544 2544 701 2617 deposuisse
714 2545 867 2618 pristinum
875 2549 923 2604 in·
979 2563 1035 2604 rem
1059 2557 1150 2616 aperte
1179 2545 1360 2618 profiteretur.
1383 2545 1457 2602 Idem
1480 2545 1585 2616 itemm,
1615 2548 1765 2622 iterumque

129 2616 294 2683 tentionem,
306 2632 371 2673 cnm
380 2632 423 2683 eo,
435 2632 498 2689 qiioe
512 2617 655 2674 occiderat
662 2618 802 2690 passione,
815 2635 851 2676 ee
870 2619 923 2675 llic
976 2634 1011 2674 ex
1036 2617 1181 2674 afferendis
1200 2617 1270 2675 iutra
1289 2618 1383 2674 lienaei
1408 2617 1509 2683 verbis,
1531 2618 1589 2676 luce
1613 2620 1763 2678 meridiana

129 2688 250 2760 rtiiporie
275 2687 475 2746 admiratione.
493 2687 562 2744 Eun.
976 2687 1223 2746 clariuscmicabit.
1248 2688 1385 2744 Nonnulla
1411 2687 1560 2759 praescrtim
1588 2688 1763 2762 inpraesenti

158 2757 219 2829 (62)
234 2757 328 2815 Sedet
351 2761 475 2816 uultures
499 2759 618 2828 feminas
633 2764 747 2819 tontum
761 2761 855 2818 ciunt.
876 2759 920 2817 Sic
975 2759 1071 2829 capite,
1094 2775 1205 2830 prorsus
1233 2758 1330 2828 praevia
1350 2771 1404 2813 uon
1421 2756 1571 2827 indigerent
1593 2760 1763 2819 animadver-

130 2829 358 2901 ietusexemplar.
375 2829 427 2898 Qui
462 2844 563 2901 perere
576 2832 707 2895 inserunt,
717 2831 842 2888 dictionis
856 2830 920 2886 Ter·
973 2829 1059 2895 sione,
1089 2840 1116 2885 ut
1143 2829 1235 2886 oculos
1262 2829 1305 2886 vel
1341 2843 1413 2883 caeca
1431 2828 1614 2884 incredulitate
1641 2834 1763 2887 occlusos

131 2899 272 2955 tullianieae
282 2913 395 2954 acumen
415 2914 468 2954 nori
484 2902 603 2968 capiunt.
619 2901 682 2958 ltro.
978 2901 1165 2970 perstringant,
1181 2906 1321 2972 argument
1358 2914 1392 2954 66
1411 2900 1464 2954 sint
1488 2899 1545 2954 haec
1564 2900 1678 2968 ipsamet
1702 2919 1763 2972 quia

159 2969 218 3040 (63)
234 2971 329 3025 Primo
339 2970 622 3041 quidemcorttristori
632 2976 744 3053 propter
757 2973 923 3029 inconsoni-
938 2933 961 3012 ⁰
976 2968 1107 3024 habemus
1121 2970 1215 3024 lreuaei
1241 2914 1425 3039 opora⁰iutsse
1452 2967 1550 3026 iontem
1580 2971 1650 3026 6666
1677 2973 1763 3044 plenis

129 3043 282 3098 citationem
305 3041 503 3110 generationis.
533 3042 650 3097 lreuaeus
683 3043 779 3098 iisdem
809 3044 922 3099 verbis:
976 3039 1118 3095 haustibus
1133 3040 1277 3111 Septimius
1292 3040 1413 3108 accipere
1428 3053 1481 3093 666
1509 3039 1676 3096 dubitaverit.
1700 3043 1762 3098 llaec

132 3110 258 3167 «Primo
284 3110 391 3182 quidem
421 3113 601 3167 contristatam
631 3121 740 3182 propter
766 3113 921 3169 inconsum-
976 3125 1058 3192 porro
1074 3119 1243 3164 suminatam
1262 3109 1446 3188 dignissimas
1476 3112 1505 3162 1⁰
1529 3111 1709 3169 Tertullianus
1736 3115 1763 3169 in

128 3184 276 3237 mationem
299 3181 493 3254 generationis.
525 3203 536 3231 ν
568 3183 646 3239 Unde
685 3182 854 3238 manifestum
883 3193 922 3238 est
974 3181 1071 3236 iisdem
1084 3196 1115 3236 ac
1129 3180 1260 3248 interpres
1274 3179 1377 3234 mendis
1396 3178 1519 3249 ipsismet
1546 3181 1666 3236 terminis
1693 3183 1763 3238 labi-

128 3248 220 3307 latiita
251 3253 347 3309 lreuaei
374 3262 478 3310 uersata
511 3268 570 3310 esse
596 3253 719 3310 manibus
754 3253 920 3309 Tertulliani.
950 3259 1032 3319 .tur;
1057 3249 1121 3306 hinc
1153 3257 1266 3320 uterque
1302 3250 1366 3321 tegit
1383 3251 1451 3310 cultor
1475 3264 1524 3319 pro
1547 3250 1643 3310 τελείως
1664 3253 1762 3320 fineis·

128 3320 178 3378 Sed
212 3331 242 3377 et
270 3339 364 3378 rursus
391 3332 534 3380 occurrunt
561 3322 613 3380 alia
642 3340 702 3394 quae
739 3327 922 3395 persuadeant
975 3337 1027 3392 que
1043 3329 1082 3376 est
1111 3321 1320 3390 interpretatus:
1345 3322 1375 3373 2⁰
1393 3319 1710 3391 eadcmuterqueverbo
1729 3325 1762 3377 ail

128 3390 216 3464 ipsum
229 3392 419 3450 etiamridisse
446 3394 551 3459 Graeca,
573 3409 633 3465 quae
648 3395 718 3464 apud
742 3394 920 3466 Epiphaniam
973 3393 1082 3448 verbum
1098 3391 1176 3446 habat
1189 3391 1237 3445 sub
1253 3393 1331 3462 hujus
1345 3390 1439 3461 capitis
1454 3389 1544 3456 tinem,
1560 3406 1657 3459 nempe
1674 3409 1681 3446 z
1700 3415 1711 3442 a
1729 3394 1763 3449 Ut

128 3461 137 3517 l
173 3469 269 3519 untur.
284 3466 324 3519 ln.
972 3463 1120 3517 naturalem
1143 3463 1284 3532 quemdam
1312 3460 1440 3530 impetum
1464 3461 1567 3525 Eonis,
1596 3461 1644 3515 sed
1672 3461 1762 3518 intor-

171 3536 222 3605 66)
234 3535 363 3593 libienim
375 3536 433 3599 iona
444 3534 587 3606 troqoedioe
602 3539 630 3590 et
649 3535 799 3592 comaediae.
816 3535 918 3592 Etenim
973 3549 1042 3587 mem
1059 3543 1085 3587 et
1098 3532 1156 3588 sine
1169 3532 1268 3614 specie,
1287 3551 1299 3582 b
1325 3537 1370 3585 aut
1393 3545 1442 3600 pro
1462 3546 1511 3585 suo
1525 3545 1601 3584 more
1629 3533 1764 3599 audaciori

126 3601 181 3660 illic
194 3613 341 3661 narrantur
351 3605 465 3676 expositi
481 3604 598 3660 infantes
617 3606 651 3661 66
669 3607 802 3675 pudendis
812 3615 839 3661 et
860 3607 918 3664 tur·
973 3603 1159 3668 Tertullianus,
1179 3607 1378 3675 inspeciatam,
1398 3612 1464 3666 ctc.;
1486 3600 1516 3656 3⁰
1530 3603 1625 3663 cadem
1638 3602 1672 3657 66
1692 3603 1764 3660 litte·

127 3676 186 3731 tirie
203 3676 373 3746 amplexibus
391 3676 454 3740 uati,
479 3676 536 3731 haec
563 3691 628 3732 vero
647 3677 732 3750 ὰζυγος
750 3677 784 3733 66
807 3692 855 3733 666
870 3695 919 3751 pe·
972 3689 1028 3729 ram
1043 3675 1122 3729 verba
1138 3675 1237 3728 habeut
1254 3674 1363 3743 optimae
1376 3671 1530 3728 Tertulliani
1543 3687 1574 3727 ac
1586 3671 1680 3727 lrouaei
1703 3675 1761 3729 edi-

128 3757 247 3815 6666666.
271 3746 311 3801 lo.
972 3745 1059 3801 tiones
1074 3745 1153 3816 paulo
1169 3759 1260 3815 supra,
1275 3759 1369 3798 versus
1380 3742 1503 3811 ejusdem
1520 3743 1614 3812 eapitis
1630 3742 1737 3798 initium
1752 3766 1758 3802 :

159 3816 221 3886 (66)
248 3816 433 3872 Velmoaime
457 3817 523 3872 ivos.
540 3817 597 3872 lloo
623 3831 677 3871 nou
707 3817 805 3872 habent
826 3817 918 3874 Latina
973 3815 1090 3870 «Primo
1117 3815 1225 3887 quidem
1241 3812 1392 3869 coirtristari
1427 3822 1536 3937 profiter
1567 3812 1765 3870 inconsumma-

129 3883 240 3953 lremei3
265 3887 360 3943 Graeca
386 3888 425 3941 sic
439 3886 550 3956 habeut;
567 3889 721 3955 συνδεηθῆναι
735 3886 762 3940 δὲ
792 3886 852 3961 sitq
878 3908 919 3943 και
971 3885 1070 3941 tionem
1099 3885 1280 3956 generationis
1299 3891 1428 3939 metuere.
1460 3901 1473 3935 r
1501 3897 1539 3937 666
1567 3883 1670 3951 ultima,
1708 3887 1762 3941 sola

128 3957 171 4016 τοῖς
184 3958 281 4018 tormer
308 3958 417 4018 αἰῶνας·
446 3957 554 4029 poliere
585 3956 613 4010 at
644 3958 686 4010 τὸν
714 3963 776 4012 νοῦν.
806 3958 858 4015 Sed
886 3977 918 4016 eii
970 3956 1091 4011 Rhenani
1107 3956 1223 4012 editione
1247 3953 1401 4025 imperfecta
1416 3953 1503 4020 uirus,
1521 3953 1657 4011 semlerus
1684 3957 1763 4012 omit-

130 4023 168 4080 his
197 4029 367 4083 emendanda
392 4038 452 4083 suut
478 4029 570 4082 Latina
587 4046 623 4082 :r
654 4031 817 4085 Unaautem
855 4047 917 4085 cum
970 4033 1026 4082 tere
1047 4041 1102 4082 non
1119 4025 1272 4090 dubitavit3
1299 4033 1511 4088 caeteraautem,
1530 4041 1591 4095 quin
1614 4025 1688 4081 illum
1710 4042 1763 4082 nou

128 4110 325 4168 corogasscat
341 4099 584 4169 reliquoleouas,
601 4099 717 4155 maxime
734 4106 824 4153 autem
841 4100 914 4156 Ν66.
970 4097 1059 4152 minus
1072 4112 1103 4154 ac
1118 4098 1168 4151 ista
1181 4094 1346 4159 confodiunt,
1366 4096 1430 4150 dare
1444 4093 1545 4161 debuit,
1562 4095 1615 4150 imo
1637 4107 1663 4152 et
1697 4112 1761 4152 con-

127 4163 195 4222 Eine
207 4168 425 4239 dicumprimum
443 4169 545 4224 initium
560 4170 723 4239 habuisses
748 4178 800 4225 etc.
829 4171 917 4241 Vulgo
971 4166 1119 4222 literihinc
1142 4167 1244 4222 atinde
1263 4181 1295 4220 66
1323 4179 1508 4236 esseprorsus
1530 4166 1688 4223 consimilia.
1710 4169 1761 4222 To·
1842 4190 1843 4194 ¹

128 4233 258 4307 legitor:
290 4259 303 4291 a
332 4241 398 4295 Cum
424 4255 455 4296 ea
482 4255 594 4313 rogasse
607 4249 635 4295 et
663 4241 781 4309 reliquos
808 4240 916 4310 Encas,
973 4245 1028 4292 tum
1050 4251 1114 4292 vero
1135 4236 1186 4292 hoc
1213 4236 1308 4292 lreuaei
1331 4241 1411 4306 caput
1430 4249 1463 4290 ex
1482 4234 1585 4308 integro
1613 4236 1656 4291 liic
1678 4239 1763 4308 subji-

128 4306 248 4367 maxime
258 4318 348 4367 autam
363 4310 423 4366 hiric
436 4310 537 4378 dicunt,
554 4329 568 4363 ν
588 4320 640 4367 etc.
657 4311 697 4365 lii.
972 4305 1094 4364 ciendum
1114 4313 1154 4361 est

160 4377 342 4463 (bfilfemiiio
355 4397 444 4460 mare.
461 4382 531 4436 lien.
549 4380 671 4463 dioscolo
686 4376 803 4462 fantino.
819 4380 916 4436 Duriu-
933 4379 956 4457 Ι)
1012 4411 1071 4466 Lib·
1087 4425 1096 4463 ,
1121 4425 1181 4480 οοο),
1199 4413 1226 4478 2,
1243 4408 1297 4480 53,
1312 4433 1348 4448 ..
1359 4405 1437 4458 ’Ἔνιοι
1451 4398 1479 4454 tt
1492 4404 1570 4455 ababa
1585 4408 1637 4463 πῶς
1650 4407 1676 4459 τὸ
1690 4408 1764 4472 πάθος

129 4449 212 4532 66666
224 4458 266 4507 est
289 4453 423 4534 epusmodi
446 4463 615 4532 compositio,
630 4451 732 4506 Graecis
750 4454 791 4504 est
805 4451 924 4532 elegans,
977 4486 1019 4550 τῆς
1042 4452 1138 4550 W„
1158 4481 1199 4533 οαο
1221 4481 1263 4535 ff,
1282 4474 1429 4561 οοοοοοοοοονοο
1454 4475 1617 4543 οοοολοοοονοοοο
1631 4496 1637 4508 .
1652 4474 1765 4534 ,pum
1788 4494 1792 4504 .

127 4515 228 4576 hum
242 4537 296 4604 ΠΨ
312 4532 479 4603 “miquaffl
493 4525 610 4604 dmm:
635 4521 926 4601 mascub’femfflffldp'
976 4554 1018 4605 rial
1032 4553 1198 4607 ἀκαταλνὶπτω
1208 4551 1332 4621 πράγματι
1342 4549 1415 4611 αὐτην
1430 4542 1625 4614 ἔπιχιιρήσασαν,
1636 4556 1710 4601 τεκεῖν
1725 4535 1764 4602 oil'.

128 4586 254 4658 ῥ’ὀθῆλυς
268 4594 294 4647 ¹d
319 4594 454 4665 ⁸¹3¹¹¹fi⁰³¹
472 4592 582 4674 GimciS.
598 4594 637 4648 Μ
663 4592 766 4674 Tuum
788 4592 925 4673 hemer&
978 4624 1032 4675 olat
1046 4625 1165 4695 ἄμορφον,
1176 4605 1226 4676 aiot
1237 4623 1304 4689 φύσιν
1318 4612 1376 4686 εἴχιο
1390 4615 1622 4671 belletrinensis
1632 4621 1673 4669 καὶ
1685 4639 1763 4672 nese·

129 4658 180 4715 cles
195 4674 225 4719 et
238 4664 461 4719 llermaratbenas
479 4673 517 4719 ait
530 4664 675 4732 icunculas,
697 4663 764 4718 lib.i
786 4669 866 4735 epist.
891 4664 926 4719 ad
978 4694 1104 4759 οοῆοοοαο,
1118 4700 1213 4764 mm,
1228 4693 1270 4762 οοο
1283 4693 1427 4756 λοοοοοῆοοοο
1443 4680 1485 4737 pp,
1498 4685 1524 4734 το
1539 4684 1621 4746 pupi,
1640 4692 1682 4753 οοο
1696 4693 1763 4758 ,gg

130 4732 259 4821 mcum}
276 4737 313 4788 [Β
328 4735 401 4818 PR'.
639 4805 646 4819 .
730 4805 735 4816 .
978 4784 1048 4830 σιως,
1063 4766 1146 4818 ἔπειτα
1163 4765 1294 4834 φοὸηθῆναι
1314 4759 1373 4831 μηδὲ
1388 4759 1455 4823 αὐτὸ,
1471 4748 1564 4807 τὸιῖναι
1577 4757 1673 4816 τελείως
1686 4758 1764 4825 ἔχειν·

149 4808 224 4889 ,(67)
237 4805 927 4877 minimam·1⁹⁰⁰·007302W0mmm‘mm903'
979 4829 1031 4888 εἶτα
1045 4832 1334 4903 terminandamque
1348 4832 1462 4898 ζητοῦσαν
1474 4825 1517 4893 τὴν
1532 4825 1623 4898 αἰτίαν,
1632 4830 1672 4879 itn't
1687 4832 1765 4882 ὅντινα

130 4892 218 4934 morte.
234 4877 298 4957 ¹⁰⁶.
499 4943 503 4958 Ι
655 4946 661 4958 ο
978 4909 1066 4977 τρόπον
1088 4905 1217 4975 ἀποκρύψει
1239 4905 1265 4956 τὸ
1283 4903 1391 4974 γιγονός.
1413 4899 1644 4970 Ἐγκαταγινομένννν
1667 4896 1694 4953 δὲ
1717 4905 1765 4962 τοῖς

162 4948 273 5026 (ὕψι
287 4946 370 5001 mam
384 4946 556 5026 appendlm
580 4945 824 5070 §ammaum
842 4945 926 5002 hahet
978 4979 1074 5040 πάθεσι,
1084 4973 1168 5029 hordeis
1184 4973 1335 5046 ἐπιστροφὴν,
1349 4971 1389 5024 καὶ
1404 4969 1441 5022 ἐπὶ
1450 4973 1490 5022 τὸν
1504 4970 1601 5041 Πατέρα
1619 4971 1765 5045 ἂναδραμιῖν

128 5016 323 5089 sepumfflssb
344 5016 575 5139 Isenaeffluno',
605 5030 644 5096 [θ’
677 5091 683 5101 ,
759 5085 766 5098 .
808 5084 814 5098 .
977 5050 1140 5119 πειρασθῆναι,
1156 5046 1395 5117 καὶμέχριτινὸςιο
1430 5042 1532 5111 dossas,
1548 5040 1711 5113 discussioni,
1725 5047 1767 5097 καὶ

159 5088 221 5170 (6.9)
233 5089 426 5144 Extraoevum
436 5090 555 5169 'factam'
577 5096 665 5156 egum
676 5102 703 5140 ¹¹¹
713 5094 927 5159 annqmsexem'
977 5117 1050 5172 ἱκέτιν
1063 5124 1104 5172 τοῦ
1124 5117 1220 5187 Πατρὸς
1228 5116 1345 5187 γενέσθαι,
1360 5133 1402 5165 συν
1421 5118 1516 5181 ετνθῆναι
1529 5114 1557 5166 δὲ
1575 5115 1637 5184 αὐτῆ
1648 5116 1686 5168 καὶ
1709 5119 1765 5178 τοὺς

129 5157 258 5285 Rictibust
266 5161 391 5239 Attamen
399 5160 569 5215 scribendum
582 5175 588 5211 :
601 5160 636 5237 Et
645 5161 797 5238 extraction
806 5162 924 5229 tactam.
977 5190 1074 5248 λοοοοοο
1088 5191 1194 5252 ,qq-W,
1216 5187 1324 5258 οολοοοοο
1342 5180 1371 5237 pp
1394 5186 1512 5238 ,-„1q„„
1533 5172 1659 5242 .g„„‹,¹,„
1673 5191 1766 5260 λοοοοοο

149 5246 190 5285 am
205 5244 342 5301 ipsissima
357 5229 439 5283 verba
453 5237 514 5284 sunt
524 5229 621 5283 lrcnaei
631 5227 727 5283 Latini.
742 5228 776 5284 Et
789 5245 816 5283 m
829 5230 924 5286 Graeco
976 5262 1076 5330 ποώῃοο
1090 5256 1357 5332 ἀροὴοοοχοοοοοοοὴο
1375 5256 1466 5323 οοοοοο,
1479 5260 1522 5324 τῆς
1538 5257 1594 5317 ,qm
1607 5257 1633 5311 ἐκ
1653 5266 1695 5327 τῆς
1718 5259 1765 5330 ⁹l·

129 5297 825 5442 iaqumu,uffigqtgfliigffliffiupraeoedemibus
851 5369 924 5440 cipi-
976 5332 1049 5396 ”⁰¹²⁹
1061 5332 1101 5384 ”⁶¹³
1115 5336 1157 5399 τῆς
1170 5331 1254 5393 mm*
1269 5328 1309 5381 ”²¹
1323 5332 1364 5381 τοῦ
1378 5328 1461 5399 ⁹⁶⁶⁰⁰'
1473 5328 1514 5380 καὶ
1527 5333 1569 5396 τῆς
1587 5327 1731 5395 ἐπλήῂωῦ

129 5440 198 5498 libtis
213 5457 276 5497 eum
300 5441 402 5496 lrenaeo
415 5442 529 5497 conferri
545 5454 598 5494 non
625 5438 710 5510 potuit
726 5439 790 5511 quin
815 5453 848 5494 se
870 5453 923 5496 non
1012 5440 1066 5512 54.
1085 5437 1114 5491 ‘0
1129 5436 1155 5490 bt
1169 5435 1248 5507 πατὴρ
1266 5436 1306 5489 τὸν
1320 5434 1487 5505 προιιρνμένον
1503 5455 1509 5469 ·
1525 5433 1598 5504 'Opes
1618 5435 1656 5487 tut
1673 5435 1765 5497 τούτοις

127 5518 231 5570 uitium
244 5511 386 5578 imitantis,
401 5511 448 5569 666
458 5511 582 5583 legentitt,
597 5510 719 5581 lectaque
738 5510 841 5566 edentis
858 5525 924 5567 mo·
976 5506 1018 5566 διὰ
1031 5513 1075 5563 soil
1089 5511 1241 5578 Μονηενοῦς
1255 5502 1413 5578 προῧάλλεται
1427 5506 1449 5556 ii
1464 5505 1534 5562 eladii
1547 5503 1604 5568 bie,
1618 5524 1643 5562 it.
1654 5524 1679 5564 s.
1686 5505 1711 5559 λ.
1721 5510 1766 5560 Τὸν
