3848 6120
144 319 201 381 849
669 328 768 392 hlEER
796 328 839 391 RE
858 325 1128 391 RESURRECTIONE
1146 326 1278 390 aalma.
1740 335 1795 395 850

143 443 291 518 recogitari
312 455 461 520 oporteret,
472 447 518 520 qui
533 448 609 507 illam
622 454 684 509 et⁶⁶
697 455 823 533 eligendo
836 455 948 530 dignam
962 470 986 551 Α
1002 471 1110 512 carnem
1123 455 1148 495 ‘¹¹
1163 453 1349 528 recognoverit
1364 454 1402 509 ⁷²:
1423 458 1479 513 Hoc
1498 473 1574 513 onoc
1587 474 1617 515 cs
1635 474 1672 516 ex
1686 461 1793 519 ossibus

140 533 303 607 judicasset,
318 540 345 590 et
359 536 497 593 tractando
512 537 631 597 fecisset.
650 543 752 601 Phidiae
775 560 872 601 manna
890 545 941 600 Jo·
1000 546 1079 613 meis,
1095 549 1125 624 et
1138 562 1203 603 coro
1216 560 1252 602 eu
1267 560 1354 602 earne
1367 561 1452 614 meo,·
1466 554 1494 600 et
1509 545 1567 616 ipsa
1580 547 1708 604 delibatio
1723 566 1792 605 mas-

141 639 208 682 rem
225 621 380 693 Olympium
390 640 423 680 ex
442 627 524 684 ebore
542 628 601 700 (30)
617 630 726 701 molitae,
745 633 892 690 adorantur
905 632 940 705 ⁶¹,
994 632 1048 691 culi
1063 635 1092 691 in
1120 635 1248 692 laminam
1276 650 1357 691 carne
1384 635 1508 707 suppleta
1532 635 1577 702 sit,
1592 634 1667 708 limo,
1683 638 1793 708 opinor,

141 729 195 771 nee
211 715 268 785 jam
283 712 386 784 bestiae,
402 722 428 769 et
448 714 559 788 quidem
578 718 776 789 insulsissime,
790 723 860 778 deus
889 731 940 789 est,
994 725 1155 795 supplenda,
1169 725 1192 780 si
1206 724 1291 780 Adam
1308 723 1395 779 adhuc
1415 722 1504 778 limus.
1524 720 1691 779 Obliteratus
1706 726 1792 797 igitur

141 802 192 859 aed
213 817 349 857 summum
368 803 461 859 saeculi
475 821 591 876 numen,
611 825 668 865 aon
689 810 752 884 quia
770 812 939 882 elephantus,
995 819 1022 869 et
1036 813 1181 871 devoratus
1203 813 1344 868 cathmus
1365 811 1394 867 in
1413 826 1533 868 earnem.
1558 811 1695 881 Quando?
1722 813 1800 873 Cum.

141 890 191 948 sed
207 891 271 963 qnia
290 891 398 947 Phidias
416 899 523 949 tantus:
541 896 940 972 Densvivus,etDeusverus,
994 900 1082 958 luctus
1101 912 1142 959 est
1168 903 1250 959 homo
1268 901 1297 957 in
1319 900 1436 956 animam
1462 899 1560 970 vinam,
1581 899 1615 956 de
1634 899 1685 957 Dei
1712 902 1788 970 ilatu,

140 996 340 1054 quamcumque
350 981 466 1038 materiae
477 982 604 1040 vilitatem
615 1002 670 1044 non
679 988 714 1044 de
725 1004 773 1047 sna
782 989 941 1060 operatione
991 1003 1092 1061 vapore
1105 990 1131 1030 ⁶³
1154 990 1256 1047 scilicet
1265 990 1363 1046 idoneo
1372 989 1398 1028 ⁶⁶
1421 999 1523 1046 torrere
1539 989 1739 1061 quodammodo
1753 990 1788 1048 li·

140 1077 297 1145 purgasset,
311 1079 339 1126 et
352 1070 387 1126 ab
401 1071 475 1127 omni
495 1071 650 1132 infirmitate
667 1076 813 1135 sanasset?
827 1080 869 1134 Au
888 1079 941 1135 hoc
992 1092 1067 1134 mum
1085 1078 1113 1134 in
1132 1078 1211 1134 aliam
1229 1077 1405 1150 qualitatem
1428 1077 1505 1150 quasi
1531 1077 1560 1134 in
1579 1085 1686 1146 testam,
1706 1079 1746 1136 ita
1760 1080 1789 1136 in

139 1159 289 1230 supererit,
309 1167 339 1215 ut
360 1160 498 1218 honestius
517 1163 598 1219 homo
618 1165 714 1237 Deum,
738 1183 819 1240 qnam
847 1167 939 1223 homi·
992 1178 1115 1223 earnem.
1130 1166 1173 1223 Sic
1188 1175 1215 1223 et
1229 1165 1313 1241 figulo
1328 1167 1392 1222 licet
1409 1164 1534 1238 argillam
1548 1174 1697 1238 temperato
1716 1167 1788 1241 ignis

138 1263 203 1305 uem
218 1248 292 1304 Deus
302 1233 531 1319 finxeritl'Nunc,
546 1251 597 1308 etsi
612 1256 769 1312 scandalum
784 1255 875 1323 lhuns,
886 1256 939 1314 alia
990 1252 1090 1310 adlato
1105 1256 1132 1310 in
1147 1255 1288 1311 materiam
1304 1255 1483 1311 robustiorem
1505 1269 1693 1327 recorporare,
1714 1266 1741 1312 et
1759 1257 1788 1313 in

135 1336 193 1407 jam
217 1352 262 1393 res
284 1344 335 1392 est.
358 1337 472 1392 Carnem
489 1340 544 1408 jam
560 1349 649 1410 teneo
671 1358 725 1400 non
745 1353 856 1400 terram:
876 1344 939 1401 lieet
989 1342 1073 1399 aliam
1087 1359 1121 1401 ex
1139 1343 1191 1399 alia
1204 1343 1308 1417 lingere
1323 1341 1347 1381 ⁷⁵
1361 1342 1491 1414 speciem,
1511 1342 1642 1412 aptiorem
1661 1344 1786 1415 pristina,

139 1431 168 1481 et
185 1424 213 1464 ⁶²
226 1440 289 1481 caro
303 1425 404 1493 audiat,
423 1428 506 1484 Terra
519 1434 596 1501 es,et
610 1434 642 1487 in
658 1437 765 1491 terrum
779 1434 847 1502 ibin·
858 1434 936 1505 origo
990 1437 1018 1485 et
1031 1431 1074 1486 sni
1087 1433 1142 1502 iam
1156 1431 1265 1506 generis
1284 1447 1316 1488 ac
1339 1431 1466 1487 nominis.
1481 1430 1550 1486 Nam
1577 1432 1629 1487 elsi
1654 1432 1787 1506 scriptum

137 1520 368 1579 recensetur,n0n
379 1516 529 1572 substantia
544 1523 800 1579 revocatur.Datum
816 1531 934 1579 estesse
989 1526 1031 1574 cst
1045 1521 1133 1588 (Rom.
1149 1521 1209 1589 rx):
1225 1519 1367 1593 Numquid
1380 1519 1487 1592 orqiliu
1500 1520 1574 1577 dicet
1589 1520 1614 1559 ⁷⁶
1628 1520 1740 1593 fiqqu?
1758 1522 1787 1577 id

137 1599 392 1675 aliquid⁶³origlne
401 1606 570 1676 generosius,
583 1616 609 1665 et
621 1610 806 1667 demutatione
816 1610 935 1669 relictus.
989 1607 1135 1673 esthemo
1149 1608 1226 1676 Deo;
1243 1618 1269 1664 et
1284 1608 1307 1663 ai
1321 1609 1477 1680 Apostolus,
1493 1611 1527 1666 ln
1542 1612 1684 1680 testaceis,
1697 1612 1734 1667 ait
1748 1610 1789 1683 (ll

136 1690 210 1747 Nam
229 1702 256 1747 et
269 1707 365 1763 aurum
381 1695 533 1768 terra,quia
546 1696 581 1753 de
593 1705 679 1769 terra;
695 1700 827 1757 haetenus
842 1708 932 1756 tamen
991 1695 1093 1762 Corin,
1108 1696 1149 1767 7),
1170 1696 1308 1764 vasculis;
1331 1703 1419 1752 tamen
1438 1704 1465 1751 et
1488 1696 1582 1769 argilla
1606 1700 1698 1764 homo,
1727 1698 1791 1772 quia

138 1784 232 1835 terra:
247 1795 279 1836 ex
293 1795 348 1852 quo
366 1797 470 1851 aurum,
491 1784 572 1858 longe
596 1787 648 1843 alia
665 1789 788 1856 materia,
810 1789 934 1862 splendi·
990 1782 1071 1840 limus
1086 1792 1165 1855 ante;
1183 1793 1210 1840 et
1224 1791 1293 1841 testa
1307 1799 1381 1854 earo,
1399 1785 1464 1857 quia
1476 1800 1509 1840 ex
1524 1785 1587 1841 limo
1602 1801 1650 1856 per
1663 1785 1688 1825 ⁶¹¹
1701 1787 1785 1843 adlla-

139 1866 207 1924 dior
218 1874 295 1941 atque
311 1870 438 1938 nobilior,
451 1871 485 1928 de
503 1874 665 1933 obsoletiore
679 1877 705 1917 ⁶⁶
721 1877 845 1934 matrice.
860 1878 937 1935 itaet
991 1880 1034 1931 tus
1047 1873 1132 1930 divini
1145 1887 1285 1944 vaporem,
1300 1887 1381 1945 quam
1400 1880 1493 1944 postca
1504 1871 1616 1944 pelliciae
1632 1873 1740 1946 tunice,
1754 1875 1784 1932 id

138 1954 204 2015 Deo
224 1955 308 2024 licuit.
327 1959 417 2016 carnis
437 1974 544 2028 numm,
570 1963 604 2019 de
627 1964 694 2033 limi,
721 1965 822 2040 quibus
845 1974 934 2039 putas,
989 1970 1041 2030 eat,
1056 1966 1135 2022 cutes
1158 1961 1339 2034 superductae,
1356 1960 1505 2020 vestierunt
1515 1960 1580 2032 (33).
1594 1963 1683 2031 Usque
1701 1961 1783 2030 adeo,

135 2044 267 2103 sordibus
280 2054 408 2106 excusato
422 2064 516 2121 censu,
533 2050 670 2123 eliquasse
688 2054 758 2127 (al).
988 2050 1012 2110 si
1033 2049 1183 2110 detraxeris
1204 2056 1304 2120 eutem,
1327 2048 1469 2107 nudaveris
1492 2063 1611 2105 earnem.
1635 2050 1686 2116 lta,
1711 2049 1786 2122 quod

442 2138 556 2198 CAPUT
574 2142 632 2201 vll.
989 2140 1070 2197 hodie
1089 2139 1208 2212 spolium
1217 2138 1342 2207 eflicitur,
1359 2137 1557 2205 sidetrehatur,
1572 2136 1627 2193 hoc
1642 2136 1694 2194 init
1709 2136 1787 2194 indu·

174 2222 230 2280 Sed
243 2223 269 2263 ⁶⁶
290 2224 402 2282 dilutior
424 2226 549 2286 videatur
573 2229 717 2289 auctoritas
748 2233 848 2303 caruis,
871 2232 935 2306 quia
988 2236 1112 2286 utentum
1130 2244 1192 2285 cum
1211 2226 1455 2299 superstruebatur.
1480 2225 1549 2283 ilinc
1575 2234 1602 2283 et
1629 2225 1785 2297 Apostolus,

135 2325 193 2368 non
207 2310 297 2385 ipsam
311 2314 420 2387 proprie
439 2331 536 2373 manus
551 2318 641 2375 divina
660 2320 791 2387 tractarit,
811 2319 879 2376 siem
898 2320 934 2376 li·
986 2317 1220 2383 circumcisionem
1251 2315 1484 2390 despoliationem
1510 2315 1601 2371 carnis
1633 2314 1782 2386 appellans,

135 2417 224 2459 mum.
239 2398 354 2471 Quando
369 2403 396 2458 in
419 2404 471 2461 hoc
495 2407 614 2463 tractavit
637 2407 742 2477 limum,
767 2415 797 2464 ιιι
815 2417 936 2481 postmo-
987 2407 1104 2466 tunicam
1120 2415 1209 2464 entem
1225 2403 1397 2463 confirmavit
1415 2401 1451 2460 ⁷⁶.
1479 2403 1543 2461 llaec
1569 2419 1631 2460 cum
1654 2402 1691 2461 ita
1718 2404 1784 2475 unt,

134 2488 203 2545 dnm
221 2504 287 2546 caro
299 2487 376 2547 fieret
394 2507 428 2547 ex
442 2491 518 2560 limo,
534 2494 622 2551 camis
634 2495 660 2535 ⁶⁶
680 2495 771 2568 utique
795 2495 934 2569 negotium
987 2497 1072 2553 habes
1085 2502 1113 2551 et
1140 2494 1233 2549 limum
1255 2495 1289 2550 de
1312 2508 1396 2550 mauu
1418 2493 1471 2549 Dei
1489 2492 1649 2568 gloriosum,
1668 2498 1695 2548 et
1718 2508 1781 2550 car·

136 2580 235 2657 gessit.
250 2579 304 2637 Sed
318 2581 405 2639 adhuc
419 2583 500 2639 velim
513 2583 611 2657 discas,
626 2587 735 2658 quando
749 2593 775 2641 et
797 2585 933 2658 quomodo
987 2602 1049 2643 uem
1062 2585 1097 2640 dc
1114 2582 1207 2639 aillatn
1224 2582 1276 2639 Dei
1298 2581 1497 2655 gloriosiorem,
1513 2596 1566 2654 quo
1595 2581 1695 2654 pariter
1716 2597 1781 2640 caro

136 2669 163 2711 ⁰²
181 2684 245 2728 caro
267 2668 389 2727 floruerit
410 2671 436 2710 ⁶⁰
459 2688 490 2727 ex
510 2672 583 2729 limo.
598 2674 693 2748 Neque
716 2673 851 2741 enimet
877 2671 934 2743 qui-
987 2681 1016 2730 et
1037 2673 1094 2728 limi
1120 2671 1271 2729 rudimenta
1295 2671 1431 2743 deposuit,
1451 2677 1479 2726 et
1502 2671 1599 2727 animae
1622 2682 1783 2728 ornamenta

136 2757 202 2816 dam
212 2758 317 2832 volunt,
327 2759 382 2816 ille
391 2760 504 2832 pelliciae
517 2763 543 2803 ⁶⁹
552 2763 733 2837 tunicae,quas
746 2766 834 2821 Adam
847 2760 932 2820 804
986 2759 1114 2831 suscepit.
1139 2759 1201 2813 Non
1221 2774 1251 2814 es
1273 2756 1429 2830 diligentior
1451 2759 1521 2829 Deo,
1543 2756 1583 2813 uti
1615 2765 1644 2812 tu
1671 2757 1782 2829 quidem

136 2856 165 2907 et
192 2848 260 2916 Ena,
282 2849 437 2922 paradisum
468 2851 552 2922 exuti,
577 2851 733 2924 induerunt,
757 2853 824 2927 ipsae
852 2860 933 2911 emnt
986 2847 1123 2919 Scythicas
1150 2853 1178 2903 et
1207 2846 1312 2904 Indicas
1334 2861 1457 2919 gemmas
1484 2853 1512 2902 et
1545 2845 1666 2904 nubentis
1694 2844 1783 2903 8⁰5

136 2937 226 2996 carnis
240 2953 277 2994 ex
291 2937 357 2995 time
371 2938 525 2997 aetornum
539 2940 614 3013 (aa);
630 2957 693 2999 eum
708 2942 933 3015 aliquantenus
984 2936 1068 2994 maris
1080 2951 1164 3010 grana
1176 2935 1337 3006 candentim
1353 2951 1409 2994 non
1429 2936 1553 3008 plumbo,
1569 2949 1624 2992 nen
1647 2952 1712 3002 ere,
1727 2951 1782 2993 non

135 3033 165 3083 et
178 3024 279 3092 Adam,
295 3025 450 3084 substantiae
469 3044 525 3084 snae
540 3029 678 3086 traducem
694 3029 721 3086 in
736 3028 835 3088 femina
845 3029 932 3101 ⁷⁰jam
948 3005 970 3084 E
984 3028 1065 3092 ferro,
1081 3041 1115 3081 ue
1129 3034 1243 3098 argento
1262 3040 1371 3097 quoque
1385 3027 1530 3100 oblaquees
1556 3027 1628 3100 (3i);
1654 3026 1703 3083 sed
1724 3024 1782 3084 ele·

822 3118 917 3183 Varie
937 3119 1094 3184 lectiones.

175 3211 205 3252 ⁶⁰
216 3211 249 3268 in
270 3211 332 3272 add.
355 3215 419 3272 olii.
442 3212 466 3253 ⁶¹
489 3214 601 3271 llolitur
623 3222 651 3272 et
672 3214 799 3273 adoratur
822 3220 901 3275 Pom.
924 3216 1012 3275 Rhm·
1036 3212 1062 3252 ⁶²
1084 3210 1116 3266 Et
1130 3211 1207 3269 deest
1219 3211 1295 3269 aliis.
1311 3210 1336 3250 ⁶³
1351 3212 1382 3266 ln
1395 3212 1483 3270 inser.
1505 3213 1565 3273 eod.
1589 3215 1666 3273 Pith.
1682 3214 1708 3254 ⁶⁶
1724 3214 1783 3272 Oh·

136 3282 293 3341 scientiore
312 3285 400 3343 Rhea.
423 3287 492 3343 lun.
517 3287 543 3326 ⁶⁵
565 3287 605 3342 Ne
629 3287 694 3344 odd.
717 3287 779 3344 olii.
800 3287 825 3327 ⁶⁶
847 3289 924 3345 Carni
948 3287 1037 3345 Rben.
1062 3281 1087 3322 ⁶⁶
1110 3281 1252 3350 Οιιοιιιοιιο
1271 3291 1297 3338 et
1312 3284 1420 3392 quando
1435 3284 1523 3342 libere.
1539 3284 1564 3323 ⁶⁸
1578 3284 1697 3341 Finxerit
1711 3287 1776 3343 olii.

134 3354 162 3396 θ)
186 3354 311 3412 Pelllceae
334 3357 418 3439 Semi.
444 3359 525 3415 an.
547 3357 573 3398 ⁷⁰
595 3358 713 3414 Feminae
737 3359 824 3415 Rhen.
841 3360 927 3418 semi.
952 3356 974 3398 ²¹
999 3355 1084 3412 Carne
1097 3355 1183 3412 Rhea.
1202 3353 1313 3437 Semi..⁷
1340 3355 1502 3439 cognoverit
1515 3358 1600 3413 Frnu.
1619 3358 1643 3396 ⁷³
1658 3358 1781 3428 Vaporeo

133 3425 337 3556 ΜΞ(
349 3444 446 3556 Em·
458 3429 556 3558 m
581 3430 640 3489 cod.
665 3429 741 3487 Pith.
763 3430 788 3470 ³⁵
809 3431 950 3534 stringere
971 3427 1060 3487 Rhea.
1083 3426 1169 3484 Semi.
1194 3425 1397 3483 tenacitate.
1422 3425 1445 3465 ⁷⁷
1470 3427 1521 3482 Per
1543 3425 1619 3487 deest
1633 3430 1693 3501 Rip.
1715 3428 1778 3486 leo.

835 3571 1084 3638 Commentarius.
1448 3598 1452 3605 ·

170 3647 231 3721 (30)
245 3649 340 3708 ionem
354 3649 386 3707 ot
404 3650 514 3722 mpium
532 3666 569 3707 err
582 3648 670 3718 ebore,
684 3658 737 3711 etc.
752 3652 863 3722 Plinius,
884 3655 932 3711 lib.
986 3647 1106 3706 materie
1121 3663 1231 3704 censum
1245 3643 1357 3715 referre,
1373 3645 1487 3717 pristino
1506 3646 1554 3705 illo
1567 3655 1647 3705 terrm
1659 3662 1709 3704 sen
1721 3646 1781 3705 limi

133 3734 230 3803 xxxxv,
251 3735 312 3792 cap.
327 3724 362 3776 8:
379 3667 526 3777 Einoribus
548 3722 698 3779 simulacris
719 3723 742 3779 si
763 3724 870 3798 nisque,
886 3725 931 3780 in·
987 3735 1070 3779 oensn
1092 3719 1219 3775 sordibus
1238 3725 1375 3775 excusato.
1391 3717 1509 3774 Censura
1536 3719 1674 3776 materiam
1699 3718 1779 3788 dixit,

132 3791 205 3865 quit,
219 3806 363 3847 innumera
378 3807 464 3864 prope
478 3790 620 3849 artificium
635 3741 779 3853 multitqu
792 3795 932 3853 nobilitata
985 3791 1180 3863 qualiscunque
1195 3796 1347 3846 censeatur.
1362 3789 1525 3845 Excusatum
1548 3805 1622 3857 voro,
1640 3805 1779 3859 excusum,

133 3868 196 3928 αις
219 3868 283 3918 ante
305 3876 399 3919 omnes
421 3872 509 3919 tamen
535 3863 643 3920 Phidias
667 3866 849 3933 Atheniensis,
865 3868 931 3925 lore
985 3865 1020 3918 ab
1035 3878 1068 3918 eo
1081 3864 1155 3935 quod
1171 3871 1213 3918 est
1226 3861 1361 3917 cudereet
1375 3863 1519 3927 excudere,
1538 3861 1611 3917 unde
1630 3876 1731 3918 maore
1754 3872 1781 3917 et

132 3930 402 4003 Olympioiacto3ex
417 3934 629 4007 eborequidern,
640 3937 688 3992 sed
699 3947 726 3993 et
739 3952 772 3993 er
787 3953 841 3994 aere
855 3939 932 4013 signa
984 3950 1129 3998 enomere,
1151 3931 1380 4006 quemadmodum
1395 3932 1429 3986 ab
1452 3947 1484 3987 eo
1505 3933 1578 4003 quod
1593 3939 1634 3987 est
1658 3940 1781 4003 quatere,

131 4000 322 4061 fecialium.
982 4004 1083 4076 jacere,
1107 4020 1242 4075 premere,
1267 4003 1382 4058 dicimus
1400 4018 1539 4072 quassare,
1562 4001 1678 4076 jactare,
1703 4018 1781 4076 pres·

170 4074 397 4147 (Ellltoctlleo
413 4075 931 4152 lieoitcomia,ourum,delimiqui-
983 4090 1054 4143 aare,
1069 4075 1181 4130 undeet
1196 4083 1362 4145 quassatum,
1377 4074 1518 4141 jactatum,
1550 4081 1694 4144 ressatnrn,
1710 4075 1782 4146 qnod

132 4143 411 4220 impuleraordihus
426 4152 561 4205 excusato
571 4164 666 4215 ceusu,
682 4150 829 4223 eliquasse.
844 4151 930 4206 Excu-
983 4147 1049 4202 alias
1061 4160 1201 4216 quassum,
1217 4147 1316 4214 jactum
1331 4152 1358 4199 et
1372 4160 1505 4215 pressum.
1521 4090 1596 4226 Ero.

132 4224 213 4272 ulna
225 4217 334 4286 dieitur,
347 4226 423 4273 extra
432 4233 542 4274 causam
555 4218 635 4293 legis,
650 4221 740 4275 oneris
750 4231 796 4277 aut
809 4220 931 4279 criminis
1018 4215 1075 4288 (5³)
1092 4217 1185 4287 Neque
1199 4216 1275 4272 euim
1288 4219 1321 4271 ut
1335 4215 1449 4340 quidum
1463 4213 1645 4279 colunnella
1660 4214 1784 4295 pelliciae

132 4287 250 4359 positus.
265 4286 318 4359 Qui
337 4287 440 4345 scilicet
454 4289 587 4345 docuitin
603 4306 635 4345 ea
649 4306 770 4349 secausa
789 4307 843 4346 non
858 4307 928 4360 esse,
984 4290 1180 4357 tuoicoe,quos
1194 4286 1282 4342 Adam
1297 4290 1325 4340 et
1361 4302 1395 4340 vn
1404 4287 1570 4358 paradisum
1587 4288 1667 4342 exult
1683 4284 1784 4340 indue·

131 4365 165 4415 at
177 4373 261 4414 onere
274 4359 365 4431 aliquo
385 4359 445 4415 sive
466 4361 635 4418 accusatione
654 4361 742 4429 aliqua
756 4362 852 4433 premi,
871 4362 929 4419 sive
983 4360 1064 4423 runt,
1079 4359 1148 4438 ipsu
1162 4360 1245 4414 erent
1261 4357 1359 4413 cernis
1373 4371 1408 4411 eu
1425 4357 1490 4414 limo
1504 4355 1681 4425 reformatio.
1694 4354 1787 4428 Carpit

132 4427 409 4501 beerbquaeensert
419 4440 465 4487 aut
476 4430 560 4488 teneri
574 4433 679 4488 debeat.
697 4432 741 4489 sie
753 4433 788 4491 oe
805 4433 864 4493 etho
874 4450 928 4492 ee-
984 4437 1145 4484 sententmm
1165 4425 1422 4490 Valentinianorum,
1444 4429 1490 4494 qni
1513 4427 1649 4481 hominem
1679 4440 1695 4479 a
1723 4428 1782 4482 Deo

132 4513 280 4565 memus,
292 4501 344 4557 hcc
356 4507 407 4568 est,
419 4501 595 4574 abstinemus,
606 4510 635 4559 et
650 4505 789 4562 ceruicem
801 4509 929 4562 nostrum
982 4509 1101 4557 creatum
1116 4497 1197 4554 luisse
1219 4497 1343 4553 dicebant
1358 4496 1484 4566 spiritalis
1507 4495 1660 4552 substantie
1685 4511 1783 4564 censu,

131 4573 481 4644 summoueretur.
499 4573 637 4629 Sicetiam
653 4575 706 4641 bic,
728 4576 817 4632 earnis
831 4592 929 4633 census
983 4578 1077 4642 postea
1092 4584 1156 4626 vero
1167 4570 1201 4624 de
1212 4567 1328 4640 paradisi
1344 4570 1457 4639 regione
1472 4568 1559 4637 ejecto
1582 4567 1716 4623 carnalem
1732 4584 1782 4623 su-

130 4639 189 4699 dici
202 4640 325 4698 rideatur
339 4657 483 4700 excusatus
498 4645 625 4701 sordibus
636 4646 704 4712 limi,
714 4647 792 4719 quasi
806 4647 931 4704 sordium

130 4724 229 4771 mora
250 4713 418 4781 limosarum,
434 4724 461 4772 et
479 4714 548 4771 libro
570 4717 603 4772 de
628 4718 698 4790 Vir-q.
717 4718 852 4786 velandis,
866 4719 929 4778 Flos

1017 4643 1120 4699 rliciem
1136 4647 1331 4714 supertextam,
1356 4645 1387 4694 nt
1417 4637 1453 4692 ait
1475 4637 1606 4695 cdomaua
1639 4639 1781 4697 Vauctiu.

1007 4712 1041 4782 el,
1056 4712 1213 4769 utlrenaens
1226 4711 1356 4766 adversus
1366 4709 1475 4765 eosdem
1493 4707 1609 4775 dixerat,
1626 4708 1780 4766 circumda·

128 4785 410 4858 arminicurtem
425 4785 580 4844 humanam
595 4789 749 4855 libidinem,
764 4791 929 4856 hocest,re·
981 4791 1039 4842 tam
1065 4782 1148 4839 luisse
1168 4781 1342 4839 dermatinam
1364 4780 1492 4846 tunicam,
1516 4776 1658 4851 διρμάτινον
1682 4786 1783 4847 χιτῶνα.

129 4863 216 4915 meat
227 4855 352 4913 humanae
367 4856 484 4913 lihidinis
502 4859 630 4915 maculas.
639 4860 827 4917 Verumtamen
842 4860 932 4933 Sepeia
984 4855 1028 4912 Sic
1047 4852 1219 4925 appellabant
1232 4867 1339 4908 carnem
1354 4851 1497 4907 obnoxiam
1508 4851 1609 4916 sensui,
1629 4855 1697 4906 τοῦτο
1713 4846 1741 4902 tt
1754 4853 1782 4906 rh

129 4928 190 4984 nnio
199 4933 293 4985 nostro
304 4935 419 4985 mentem
434 4926 520 4984 inisse
534 4928 614 4985 aliam
623 4931 775 4988 credimus:
791 4941 820 4988 et
833 4948 928 4989 aumm
982 4924 1093 4981 atatam
1107 4923 1204 4995 eupator
1220 4918 1280 4978 sisai
1292 4925 1394 4996 λέγουσι,
1408 4922 1495 4994 inquit
1509 4921 1582 4995 apud
1595 4921 1780 4996 Epiphanium

97 5016 102 5025 ·
130 5004 160 5057 σι
171 5012 283 5055 carnem
293 4998 404 5055 deterre
414 5000 533 5069 esscait;
548 5008 692 5075 utrumque
707 5008 798 5058 autem
806 5003 930 5059 manibus
982 4998 1111 5054 Irenaeua.
1127 4996 1192 5052 lire.

130 5067 247 5126 artificis
261 5068 410 5154 perlectum
426 5069 576 5128 transirein
590 5074 730 5129 materiam
744 5072 825 5144 longe
839 5074 928 5142 aliam,
1020 5068 1078 5139 (33)
1098 5067 1177 5132 Caro,
1189 5083 1274 5140 quam
1289 5070 1386 5139 postea
1405 5067 1526 5140 pellici&
1542 5067 1658 5135 tunicae,
1675 5065 1704 5122 (Ἀ
1727 5070 1781 5133 ⁶⁸²2

130 5139 345 5213 amendidrorem
360 5148 441 5214 atque
463 5142 621 5199 nobiliorem
640 5145 675 5200 de
698 5143 860 5202 obsoletiore
876 5161 931 5201 ma·
983 5142 1062 5197 cutes
1076 5138 1254 5211 superductae
1267 5139 1436 5195 vestierunt.
1453 5139 1545 5210 ltaque
1563 5136 1710 5210 Septimius
1725 5138 1785 5210 pel·

131 5211 213 5284 irim,
228 5221 258 5270 ιιι
273 5212 330 5283 jam
341 5226 396 5268 non
414 5213 529 5283 amplius
543 5221 624 5296 terra,
646 5214 693 5270 sed
711 5230 804 5272 numm
819 5223 845 5272 et
867 5231 930 5273 caro

131 5280 268 5351 dierum,
284 5283 377 5356 ltaque
389 5293 416 5340 ut
436 5283 513 5341 licuit
527 5284 623 5341 artifici
636 5301 732 5341 aurum
743 5287 776 5342 de
794 5297 868 5344 terra
882 5304 933 5345 ex·

129 5352 242 5425 endere,
257 5361 286 5410 et
298 5370 394 5428 prunae
409 5354 536 5412 uiolentia
555 5361 663 5413 coctum
677 5358 745 5414 adeo
759 5374 887 5431 purgare,
899 5366 929 5416 ut

130 5424 245 5481 undem
267 5427 294 5482 in
317 5425 538 5498 perfectissimam
565 5428 686 5499 proficiat
710 5429 871 5498 bonitatem
893 5430 929 5484 ita

129 5495 350 5556 meminisse
373 5513 480 5557 summo
493 5498 613 5556 omnium
640 5499 732 5556 artifici
756 5501 822 5567 Deo,
842 5501 931 5558 camis

128 5574 237 5627 rostrae
249 5583 346 5626 aumm
359 5568 394 5627 de
415 5571 480 5628 limo
499 5571 646 5639 excudere,
660 5586 693 5628 ae
708 5571 804 5631 virium
823 5572 930 5628 divina·

129 5655 193 5698 runt
205 5638 364 5701 tumebas
370 5648 512 5701 axcnmnm
520 5649 548 5701 ct
555 5642 702 5717 eliquatum
711 5642 739 5699 in
746 5642 931 5703 nobilissimae

986 5209 1065 5265 licias
1078 5209 1182 5265 tunicas
1199 5216 1275 5265 cutm
1297 5209 1380 5265 luisse
1404 5218 1505 5277 censet,
1525 5223 1591 5276 non,
1616 5215 1646 5264 ut
1668 5208 1787 5266 Valenti·

989 5280 1072 5348 niam,
1088 5295 1195 5336 carnem
1211 5281 1307 5345 ipsam.
1323 5280 1386 5337 Rre.

1026 5351 1083 5425 (tt)
1099 5353 1138 5410 Ne
1156 5355 1273 5424 nrqeuto
1287 5367 1396 5425 quoque
1408 5349 1560 5425 oblaquees.
1574 5352 1614 5406 lta
1630 5356 1702 5406 recte
1716 5349 1786 5405 diri·

990 5423 1065 5480 navit
1086 5423 1232 5499 legendnm
1252 5423 1407 5487 Rhenanus,
1428 5423 1474 5493 qui
1497 5423 1563 5479 illud
1585 5422 1728 5504 oblaquees
1751 5421 1778 5476 in

989 5501 1165 5568 terpretatur,
1193 5495 1219 5550 id
1248 5502 1298 5562 est,
1328 5495 1489 5560 circumdes,
1518 5496 1624 5567 cingas,
1652 5492 1783 5560 includas,

991 5575 1023 5622 nt
1034 5567 1070 5621 sit
1083 5581 1099 5620 a
1114 5568 1174 5621 lacu
1187 5565 1333 5622 deductum
1347 5567 1458 5623 terbum
1473 5565 1615 5637 obloqueo,
1633 5563 1784 5634 cujusmodi

981 5636 1020 5694 'at
1031 5637 1105 5709 qnod
1118 5635 1240 5708 seqnitur
1256 5635 1407 5707 descrobes,
1423 5635 1451 5692 id
1466 5634 1629 5700 eatinseras,
1644 5649 1660 5688 a
1678 5633 1783 5703 scrobe,
