3840 6134
127 372 181 434 279
483 366 704 432 TElll'UliLlllll
723 368 857 432 OPBRUM
871 368 958 433 PARS
973 371 1006 434 ll.
1026 400 1062 419 -
1079 371 1196 435 ssstttus
1209 371 1231 443 l,
1247 373 1421 437 Pendulus.
1715 366 1774 438 28⁰

127 497 267 566 dens’jem
299 491 391 550 vocari
408 491 525 551 obtinuit
552 495 702 553 substantia
725 495 769 553 eui
789 496 924 565 adscribo,
938 512 962 593 Α
975 497 1089 575 monam
1111 499 1169 572 (31)
1197 501 1373 573 vapulabunt.
1406 492 1514 562 Nummi
1541 503 1625 577 igitur
1656 503 1774 562 audiens

128 584 229 642 nomini
244 599 288 640 ine
311 582 468 641 adscribere
493 590 590 657 putem
613 585 677 659 quia
690 600 801 643 neeesse
815 594 858 643 est
875 602 923 658 per
974 589 1054 646 deum
1068 587 1097 644 iu
1122 587 1208 647 255
1232 596 1324 648 ratere
1338 590 1439 648 mimda
1461 599 1489 649 et
1506 592 1535 648 in
1548 601 1640 651 vetere
1660 600 1775 661 semet

127 688 227 730 nomeu
256 672 394 729 ostendam
426 672 470 730 cui
483 673 634 731 adscribam
647 675 826 745 substantiae;
847 675 924 733 scili·
974 677 1026 755 eqb
1052 685 1143 735 vetere
1165 679 1222 737 Deo
1250 679 1384 753 ignotum,
1408 681 1569 749 inauditum,
1585 696 1665 755 quem
1689 683 1773 742 tantis

128 773 172 823 eet
197 779 251 836 qua
277 768 383 820 constm
407 764 454 835 qui
487 763 560 820 Deus
586 763 696 833 dicitnr,
725 772 753 822 et
786 781 923 822 summum
978 772 1049 825 retro
1070 766 1178 824 suculis
1194 768 1342 838 neminem,
1363 780 1391 828 et
1411 771 1470 844 ipsu
1483 772 1507 811 ³³
1522 771 1676 845 ignorantia
1698 772 1774 831 anti·

128 867 257 926 magnum
284 866 318 909 ex
329 850 494 918 substantia,
509 868 563 909 uon
583 868 615 909 ex
630 852 740 910 nomine
766 852 923 926 deputatur.
978 871 1074 928 quum,
1095 857 1205 929 quidam
1217 859 1297 916 iesus
1310 860 1475 929 cbristusffl,
1492 870 1520 917 et
1533 861 1579 917 ille
1592 860 1621 918 in
1634 862 1773 921 veteribus

128 940 250 1014 Denique
263 940 315 997 hoc
342 949 370 996 st
383 939 504 997 biarcion
517 957 567 998 auo
595 941 647 1000 deo
668 940 809 999 vindicans
828 958 925 1000 secun-
978 944 1133 1003 nominibus
1159 960 1244 1005 novus
1271 948 1440 1017 revelaverit,
1469 963 1520 1006 nec
1544 948 1612 1006 ilius
1639 948 1785 1018 antebaez'

128 1030 193 1087 dum
215 1037 328 1098 statum,
351 1042 406 1087 nou
428 1031 579 1089 secundum
608 1031 768 1089 vocabulum
795 1031 924 1091 vindieat.
978 1033 1079 1107 gratias
1093 1049 1144 1110 ago
1159 1035 1221 1093 liuic
1243 1037 1337 1110 gloriae
1363 1052 1467 1104 eorum,
1494 1039 1610 1095 marinio
1636 1038 1774 1110 adiutorio

127 1122 159 1180 ld
174 1134 241 1196 ergo
255 1135 389 1176 summum
402 1121 613 1194 magnumquod
626 1121 685 1180 Deo
700 1121 879 1180 adscribimus
892 1137 926 1179 eu
979 1123 1039 1194 ejus
1061 1122 1201 1195 hincjam
1225 1125 1349 1183 baereaim
1373 1127 1544 1199 probaturus,
1567 1141 1645 1184 noras
1667 1126 1776 1184 scilicet

131 1209 287 1268 subeundae
308 1209 379 1283 lege,
395 1225 449 1267 non
482 1225 516 1267 ex
538 1209 658 1269 neminie
680 1219 764 1279 sorte,
780 1211 925 1270 cunundi·
979 1211 1128 1270 divinitatis
1153 1213 1362 1286 professionem.
1391 1216 1454 1272 llaec
1479 1215 1529 1273 erit
1564 1215 1684 1282 noritis,
1711 1230 1790 1289 quae

130 1316 236 1359 musex
250 1299 309 1371 peri
334 1316 394 1357 esee
409 1299 507 1357 debere
532 1299 559 1357 in
582 1301 699 1368 duobus,
719 1301 768 1373 qui
786 1315 818 1357 ua
847 1300 926 1358 sube-
980 1303 1059 1360 etiam
1078 1302 1192 1361 ethnicis
1212 1304 1279 1362 dene
1296 1306 1408 1377 peperit,
1430 1320 1500 1364 novo
1523 1320 1630 1379 semper
1651 1320 1684 1362 ec
1702 1320 1776 1365 noro

130 1390 212 1447 tantia
233 1395 357 1446 constant
370 1405 422 1462 qua
448 1391 522 1446 Deus
535 1389 652 1447 dicitur:
667 1390 731 1462 quia
749 1389 776 1445 in
795 1399 925 1463 quantum
981 1392 1056 1449 titulo
1084 1394 1295 1451 consecrationis
1325 1394 1468 1468 cujusque.
1495 1393 1562 1465 Quis
1588 1394 1655 1451 deus
1676 1409 1775 1466 novus,

130 1479 169 1537 dii
199 1486 339 1546 vocantur,
368 1479 395 1543 id
428 1486 470 1535 eat
494 1495 600 1535 summa
624 1495 735 1553 magun,
769 1479 926 1537 substantiae
979 1481 1032 1538 nisi
1049 1479 1157 1538 inbuet
1170 1481 1211 1539 Ne
1224 1482 1367 1540 &tamum
1391 1483 1500 1556 quidem
1518 1485 1574 1554 (33)
1597 1488 1671 1540 muta
1693 1482 1777 1541 bodie

131 1566 235 1625 scilicet
267 1567 364 1624 merito
401 1567 500 1623 innatae
527 1576 555 1623 et
590 1574 709 1636 aeternae,
739 1584 771 1626 ac
797 1584 847 1641 per
873 1569 927 1628 hoc
980 1570 1123 1643 antiquitas
1148 1571 1229 1628 deum
1258 1572 1392 1642 probabit,
1419 1571 1484 1645 quia
1509 1580 1537 1629 et
1562 1570 1639 1628 illum
1665 1572 1775 1630 novitii

130 1671 237 1733 inagnoe
251 1656 276 1697 ³⁶
289 1664 449 1727 etsummee,
465 1656 493 1713 in
509 1665 612 1716 tantum
627 1675 682 1716 nou
697 1660 926 1731 poeaitsummum
980 1658 1125 1732 aliquando
1159 1659 1327 1734 produxerit,
1354 1677 1418 1718 cum
1454 1662 1571 1734 primum
1599 1661 1776 1721 consecravit.

129 1762 257 1822 magnum
284 1745 375 1804 minus
402 1755 431 1803 et
456 1746 575 1805 deterius
602 1749 655 1806 alio
683 1764 789 1807 summo
825 1765 924 1824 magno
980 1751 1016 1806 ut
1029 1750 1101 1806 enirn
1115 1749 1177 1808 viva
1194 1759 1221 1807 et
1234 1764 1362 1823 germana
1383 1748 1518 1816 divinitae,
1539 1749 1777 1821 necdenovitete,

130 1836 236 1893 baberi.
259 1834 287 1892 Si
318 1837 416 1894 summi
438 1839 531 1910 megni
554 1837 710 1897 felicitnset
732 1839 885 1897 sublimitas
899 1848 926 1896 et
943 1831 1030 1910 Buce
1056 1837 1090 1893 de
1116 1845 1259 1908 vetustate,
1283 1837 1331 1894 scd
1358 1838 1393 1894 de
1420 1853 1471 1893 sua
1497 1837 1607 1895 veritate
1637 1846 1793 1895 musetum·

131 1924 273 1998 integritas
295 1926 378 1983 stabit
404 1925 433 1983 in
447 1926 498 1984 deo
529 1928 683 1995 Marcionis,
700 1929 782 1987 stabit
808 1946 886 2002 aeque
901 1938 929 1985 et
982 1930 1044 1984 Non
1073 1927 1154 1984 babet
1177 1937 1282 1999 tempus
1304 1927 1553 1995 sternumentis
1574 1926 1647 1983 enim
1671 1933 1778 1998 tempus

130 2014 264 2072 innostro
280 2033 288 2071 z
303 2016 327 2071 si
350 2029 405 2073 uun
418 2022 445 2073 et
467 2015 496 2072 in
518 2025 622 2084 nostro,
642 2034 720 2090 aeque
743 2034 794 2077 uec
806 2018 834 2074 in
853 2021 928 2077 llar-
982 2017 1041 2088 ipen
1055 2025 1106 2076 eet.
1122 2015 1202 2086 Quod
1216 2016 1289 2087 lacit,
1306 2015 1360 2089 pati
1379 2030 1434 2073 non
1457 2022 1560 2088 potest.
1583 2014 1664 2072 Caret
1687 2021 1777 2082 etita,

130 2102 227 2164 cionis.
255 2105 329 2177 Ergo
352 2120 401 2162 nec
425 2104 500 2178 paria
514 2114 593 2162 erunt
617 2107 671 2164 dno
685 2124 791 2165 summa
816 2124 927 2182 inagna,
982 2104 1055 2178 quod
1069 2120 1126 2163 non
1147 2106 1210 2163 licet
1223 2105 1307 2164 nasci.
1322 2105 1404 2177 Deus,
1425 2105 1448 2161 ei
1469 2111 1511 2162 eet
1526 2109 1612 2171 vetus,
1631 2117 1689 2161 nnn
1701 2101 1776 2161 erit:

131 2193 193 2264 quia
219 2193 344 2264 probibet
380 2193 510 2268 disposita
535 2197 592 2266 Jam
626 2197 719 2272 regule
741 2201 798 2270 (3ο)
830 2197 928 2256 summi
982 2194 1066 2252 eiest
1085 2210 1183 2266 novus,
1199 2210 1253 2253 non
1276 2194 1335 2251 init.
1350 2195 1462 2252 Novitas
1479 2193 1587 2250 initium
1608 2190 1777 2264 testificetur,

131 2281 233 2354 magni,
264 2282 494 2355 comparutionem
522 2300 576 2342 nnn
600 2285 777 2360 sustinentis3
808 2304 859 2346 nec
872 2288 929 2345 dis·
981 2282 1197 2340 vetustusflnem
1210 2283 1396 2341 comminatur.
1412 2283 1484 2339 Deus
1497 2290 1586 2338 autem
1601 2292 1654 2338 tarn
1673 2278 1779 2338 alienus

131 2372 219 2442 paria,
243 2373 307 2444 quia
327 2381 355 2430 et
368 2373 420 2428 alia
446 2375 544 2430 sumini
566 2374 660 2449 magni
688 2376 780 2452 regule
798 2377 926 2447 occurrit,
982 2374 1016 2429 ab
1029 2371 1104 2428 initio
1118 2380 1145 2429 et
1156 2371 1211 2428 line
1225 2379 1277 2437 est,
1291 2386 1372 2444 quam
1385 2386 1401 2426 a
1416 2377 1549 2443 tempore,
1564 2370 1667 2428 arbitro
1682 2378 1708 2427 et
1718 2383 1777 2428 ωο-

132 2458 340 2518 diminutionem
368 2477 422 2518 nori
437 2463 593 2519 admittens.
609 2463 726 2533 Haesisti,
744 2465 871 2535 Marcion,
899 2465 928 2521 iu
982 2468 1067 2518 tutore
1080 2460 1150 2516 initii
1163 2469 1190 2517 et
1203 2460 1277 2520 linis.

131 2547 220 2605 medio
248 2550 325 2606 Ponti
339 2550 376 2607 tui
398 2558 466 2607 aestu
482 2569 490 2607 z
509 2552 634 2627 utrinque
649 2561 675 2610 te
689 2554 790 2611 linctus
807 2554 928 2613 veritatis
1297 2599 1410 2659 CAPUT
1424 2600 1462 2659 lx

131 2638 279 2696 involvunt.
307 2639 365 2697 Nee
387 2657 474 2712 pares,
509 2656 560 2699 nec
585 2642 707 2715 dispares
732 2644 799 2700 deos
831 2644 927 2701 sistere
1465 2640 1472 2656 ⁶

131 2736 218 2800 potes.
246 2729 306 2787 Duo
334 2730 405 2786 enim
420 2746 474 2786 non
496 2738 568 2797 sunt,
583 2729 656 2804 quod
671 2730 805 2802 pertineat
819 2729 927 2802 proprie
1017 2727 1078 2785 Scio
1102 2725 1211 2799 quidem
1232 2742 1286 2800 quo
1314 2743 1396 2784 sensu
1417 2741 1517 2784 novum
1544 2727 1625 2783 deum
1646 2728 1778 2799 jactitent,

131 2817 167 2874 ad
196 2818 303 2876 numeri
330 2826 513 2877 retractatum.
541 2817 702 2891 Quanquam
731 2825 789 2877 tota
816 2819 928 2875 materia
981 2817 1120 2892 agnitione
1134 2816 1246 2889 utique;
1261 2816 1309 2873 sed
1335 2825 1362 2873 et
1387 2816 1474 2888 ipsam
1496 2814 1624 2872 novitatis
1641 2817 1779 2891 cognitio-

131 2903 167 2962 de
192 2905 299 2963 duobus
312 2907 364 2963 diis
387 2906 541 2978 dimicetur,
556 2905 598 2963 bis
627 2907 736 2966 interim
763 2907 844 2965 lineis
867 2925 926 2966 eam
981 2921 1044 2963 nem
1080 2905 1115 2972 ³⁹,
1144 2905 1334 2976 percutientem
1372 2903 1455 2960 rudes
1491 2903 1604 2971 ammas,
1637 2904 1780 2979 ipsamque

132 2993 274 3062 clusimus,
289 2994 358 3050 intre
385 3010 453 3067 quas
467 2995 501 3052 de
519 2995 703 3071 singularibus
723 2999 780 3068 jam
804 2997 928 3070 proprie·
981 2995 1133 3053 naturalem
1153 2993 1281 3050 novitatis
1294 2993 1485 3069 gratiositatem
1507 2994 1581 3049 volui
1596 3002 1779 3066 repercutere,

134 3080 232 3138 tatibus
245 3082 466 3157 congrediemur.
982 3092 1010 3140 et
1023 3084 1086 3142 hine
1097 3083 1153 3153 iani
1166 3081 1199 3138 de
1223 3082 1317 3154 ignoto
1330 3081 1382 3139 deo
1406 3096 1561 3154 provocare.
1586 3081 1685 3155 Utique
1706 3083 1780 3141 enini

945 3261 1781 3357 ,...

168 3352 268 3423 Primo,
283 3354 427 3425 supercilio
455 3362 593 3426 stuporem
609 3370 689 3412 suum
704 3354 839 3413 edificant
856 3354 927 3411 llar-
983 3367 1091 3408 rursum
1105 3359 1132 3407 et
1146 3348 1173 3404 in
1187 3348 1319 3423 gradum,
1335 3349 1466 3420 persuade
1479 3348 1559 3405 deum
1572 3348 1697 3422 ignotum
1722 3366 1781 3409 sese

132 3441 250 3513 cionitas,
275 3443 350 3514 qnod
363 3460 462 3501 novum
491 3444 574 3500 deum
597 3443 745 3516 proferant,
773 3443 852 3517 quasi
879 3459 932 3500 uos
985 3441 1116 3512 potuisse.
1130 3438 1239 3497 invenio
1263 3438 1343 3510 plane
1359 3439 1416 3509 (33)
1431 3437 1534 3512 ignotis
1556 3438 1610 3495 diis
1631 3454 1692 3494 aras
1715 3454 1782 3513 pro·

132 3531 231 3589 veteris
257 3531 307 3588 Dei
340 3532 447 3605 pudeat.
476 3533 609 3588 lnllantur
633 3541 662 3588 et
682 3534 757 3604 pueri
776 3531 854 3589 novis
872 3531 932 3588 eal·
984 3529 1104 3597 stitutae;
1128 3526 1177 3583 sed
1200 3526 1280 3582 attica
1307 3525 1458 3584 idololatria
1479 3534 1520 3583 eet
1542 3525 1643 3594 :item,
1672 3526 1784 3586 incertis

132 3620 205 3688 ccis;
221 3621 304 3679 seda
325 3629 417 3680 vetere
431 3620 585 3695 paedagogo
611 3621 722 3680 calceati
747 3636 809 3680 mox
835 3636 931 3678 vanem
985 3617 1058 3684 diis;
1083 3615 1133 3674 eed
1160 3613 1315 3687 superstitio
1350 3615 1469 3673 Romana
1506 3622 1549 3672 eet
1575 3614 1645 3689 (33).
1676 3614 1784 3687 Porro,

169 3799 195 3839 ³⁸
207 3798 237 3855 ld
252 3798 347 3856 omitt.
359 3798 449 3856 libcu.
464 3799 488 3838 ³⁷
504 3778 593 3870 ipsum
610 3801 726 3857 semler.
747 3799 773 3839 ³⁸
785 3719 1100 3857 JeXiaffibrffiffiffii.
1116 3792 1141 3835 ³⁹
1160 3797 1241 3852 Forte
1254 3792 1399 3851 novitatem
1413 3792 1584 3866 cognitionis.

834 3889 1082 3953 Commentarius.

170 3966 227 4037 (30)
240 3968 288 4024 llis
309 3969 381 4024 usito
390 3967 454 4037 jum
469 3983 499 4024 re
518 3969 577 4035 ulo,
592 3974 644 4024 etc.
659 3968 750 4024 Posita
775 3969 820 4026 illa
834 3969 930 4041 regula
984 3967 1084 4038 tipnem
1108 3963 1192 4020 fuisse
1215 3963 1308 4020 scribit
1335 3964 1363 4019 in
1390 3980 1453 4021 eum
1486 3964 1577 4021 locum
1602 3962 1785 4022 OEcumemm

134 4054 184 4094 scu
200 4038 275 4107 jactu
288 3985 465 4095 fundamento
492 3984 526 4092 ge
541 4054 596 4111 quo
609 4040 696 4096 tribus
707 4055 769 4113 sup.
785 4056 818 4098 ca
840 4081 860 4106 .,
876 4041 929 4096 duo
984 4040 1102 4111 ἀγνωοτῷ
1124 4035 1191 4110 dep,
1218 4036 1276 4116 ejus
1302 4033 1370 4117 duas
1396 4051 1493 4117 causas
1514 4034 1634 4091 afferens
1648 4052 1657 4090 ε
1671 4036 1784 4118 alterum

134 4109 172 4164 dii
205 4124 266 4165 esse
294 4125 349 4164 uon
380 4115 528 4181 poterunt,¹
548 4110 621 4182 quod
650 4111 775 4169 Ponticus
810 4059 929 4169 finirier
983 4108 1065 4180 quod,
1085 4122 1145 4164 cum
1169 4107 1382 4164 Atheniensibus
1405 4122 1497 4163 missis
1518 4106 1552 4161 ad
1566 4105 1787 4165 Lacedaemonios

133 4181 277 4236 statuebat.
298 4181 336 4236 Lu
351 4180 401 4235 Pri.
982 4178 1075 4236 auxilii
1100 4177 1188 4250 gratia
1214 4177 1274 4234 adv.
1309 4178 1414 4244 Persas,
1443 4178 1613 4251 apparuisset
1647 4188 1785 4250 spectrum

169 4251 226 4323 (st)
244 4252 367 4309 culceati
379 4267 484 4308 cunum
496 4252 627 4325 glorium.
639 4252 683 4311 Sic
692 4252 739 4309 lib.
754 4270 788 4311 rir
797 4255 927 4311 adversus
983 4251 1065 4307 Panis
1090 4250 1165 4318 iuxta
1202 4247 1371 4305 Parthenium
1405 4263 1453 4305 eos
1480 4263 1610 4305 accusans
1637 4250 1720 4320 quod,
1754 4262 1785 4306 ee

133 4322 298 4380 Marcionem
324 4340 357 4377 τι
373 4322 512 4380 calceatos
535 4325 758 4396 praeparationem
785 4326 928 4400 Evangelii
986 4322 1119 4407 neglecto,
1149 4319 1217 4377 alios
1245 4320 1312 4376 deos
1339 4320 1466 4390 colerent,
1496 4319 1608 4376 victoria
1652 4319 1722 4386 utiti,
1749 4334 1786 4377 ne

135 4392 218 4474 pecie.
237 4414 248 4443 i
266 4394 299 4450 Et
312 4393 359 4450 lib.
375 4394 408 4450 de
426 4396 533 4455 Corona
549 4416 583 4454 :i
610 4396 750 4454 Gnlceatus
767 4397 803 4456 de
838 4400 930 4455 Evan·
947 4383 1050 4467 Bquid
1081 4399 1177 4465 postea
1204 4390 1290 4474 simile
1314 4391 1494 4473 contingeret,
1519 4405 1573 4447 non
1599 4337 1687 4474 eostam
1720 4389 1786 4447 Pani

134 4464 199 4535 gelii
217 4472 374 4532 paratura.»
404 4464 468 4526 llis.
986 4464 1116 4533 templum
1140 4470 1285 4527 erexerint,
1311 4462 1358 4518 aed
1381 4472 1459 4519 etiam
1482 4480 1566 4519 orum
1594 4467 1688 4534 ignoto
1707 4464 1784 4527 Deo:

171 4533 228 4605 (32)
261 4536 299 4592 lle
326 4537 480 4594 Saturnum
509 4539 631 4610 quidem,
664 4548 715 4595 etc.
743 4539 783 4594 lix
813 4540 931 4597 cantate
985 4538 1105 4602 alteram,
1126 4536 1197 4607 quod
1221 4550 1281 4591 cum
1307 4542 1381 4604 peste
1406 4533 1606 4614 laborantibus¹
1620 4532 1715 4616 reliqui
1744 4532 1786 4588 dii

135 4606 248 4663 deorum
262 4606 404 4665 falsitatem
426 4608 602 4678 demonstrat,
624 4609 653 4665 id
671 4626 734 4667 vero
758 4611 869 4692 Apolog.
896 4613 929 4666 lu
983 4606 1099 4665 invocati
1136 4605 1204 4661 nibil
1240 4604 1390 4674 adjumenti
1419 4604 1572 4686 ‘afferrent
1600 4603 1786 4687 intelligentes

134 4693 194 4749 cap.
210 4677 356 4735 tractavit:
383 4679 530 4736 «Proinde
544 4679 701 4750 Saturnum,
716 4681 815 4753 inquit,
829 4696 928 4751 repen·
1001 4684 1126 4735 uemdam
1163 4691 1223 4732 esse
1259 4676 1345 4730 Deum
1380 4691 1427 4747 qut
1463 4683 1568 4747 pestem
1615 4681 1785 4742 immitteret,

134 4749 421 4823 tinoadventuutique
442 4752 560 4810 coetiieni
581 4751 696 4824 contigit
720 4752 784 4808 dici.
812 4754 881 4809 Nam
901 4762 930 4810 et
983 4697 1078 4823 §punio
1105 4749 1154 4832 deo
1182 4763 1265 4802 urum
1292 4744 1497 4828 inscripserint3
1520 4760 1575 4828 qno
1601 4743 1672 4804 factu
1698 4745 1788 4818 pestis

136 4829 213 4876 terree
229 4819 298 4878 lilios
318 4823 413 4893 vulgus
431 4830 519 4888 vocnt,
541 4838 657 4893 quorum
683 4839 770 4896 genus
797 4823 930 4882 incertum
982 4827 1138 4879 cessaverit.
1168 4818 1238 4873 Puri.
1262 4816 1467 4888 inscriptionem
1484 4833 1538 4874 arae
1562 4825 1599 4872 ita
1625 4827 1786 4881 conceptam

134 4901 186 4949 est.
202 4893 291 4948 Taceo
314 4892 385 4963 quod
402 4893 440 4948 ita
462 4896 543 4950 rudes
556 4894 643 4950 adhuc
661 4894 784 4951 homiues
797 4897 927 4971 agebant,
983 4891 1068 4947 inisse
1082 4888 1184 4946 notavit
1198 4887 1388 4956 Hieronymus,
1404 4891 1436 4944 iii
1450 4903 1511 4959 cap.
1527 4888 1561 4943 ll.
1575 4891 1665 4962 llpi'et.
1684 4887 1720 4944 ud
1739 4889 1786 4945 rt·

134 4969 164 5017 nt
186 4962 331 5031 cuiuslibet
358 4962 420 5020 novi
448 4965 497 5018 viri
534 4963 678 5047 adspectu,
719 4966 797 5048 quasi
836 4966 928 5024 divino
984 4968 1045 5019 tum
1061 4978 1068 5017 :
1084 4961 1143 5015 niis
1162 4960 1247 5027 Asioe,
1265 4963 1293 5014 ct
1307 4958 1427 5033 europa
1441 4961 1592 5031 utilsrt'coe,
1607 4959 1663 5016 dtu
1677 4960 1787 5031 ignotis

133 5040 377 5088 commoverentur.
396 5033 531 5091 »Nullius
555 5051 596 5090 rei
623 5036 772 5106 parabilior
796 5046 853 5093 erat
881 5053 928 5092 an·
983 5030 1186 5173 cifercgrinis.
1206 5029 1247 5085 lu.

134 5116 209 5157 nonu
231 5116 313 5174 quam
335 5104 449 5159 deorum
471 5105 543 5176 apud
567 5106 702 5162 ethnicus.
716 5106 812 5162 Nullus
840 5117 929 5164 autem
1031 5103 1078 5174 st)
1097 5103 1164 5158 ltem
1183 5100 1292 5158 incertis
1314 5101 1386 5168 diis‚·
1412 5101 1460 5157 sed
1484 5100 1640 5172 superstitio
1662 5100 1788 5158 Romana

135 5172 252 5229 Saturno
267 5172 389 5244 superior
402 5173 437 5231 iia
452 5174 680 5249 terebaturllirg.
697 5192 734 5234 vu
749 5179 857 5238 AEnet'd.
983 5180 1034 5231 est.
1062 5172 1114 5230 Ubi
1144 5181 1241 5228 terram
1271 5172 1388 5228 movisse
1412 5180 1563 5238 senserant,
1591 5169 1788 5228 nuntiatumve

165 5296 266 5348 Primus
276 5296 313 5370 ab,
326 5297 432 5370 ethereo
446 5299 515 5349 venit
525 5298 648 5372 Saturnus
662 5299 686 5349 ol
706 5312 774 5373 mpo,
983 5243 1153 5371 {rabum
1163 5258 1288 5371 235³oess
1314 5242 1789 5373 ffigssgebffilpdzelfffffissbanfto³ffi

165 5361 243 5413 Arma
258 5358 327 5409 Joiie
344 5359 442 5423 lugiem
457 5368 481 5411 at
494 5375 578 5426 regma
593 5313 798 5426 saulaJemptis.
813 5360 849 5412 Lu
869 5360 913 5413 l’n.
983 5386 1157 5453 nominando,
1183 5385 1249 5441 fam
1287 5333 1418 5459 &igione
1448 5355 1578 5458 papulum
1605 5329 1749 5458 migrem
1776 5402 1786 5444 t

170 5461 228 5531 (33)
244 5460 357 5519 lnueiu'c
371 5460 466 5531 plume,
482 5465 533 5518 etc.
550 5458 656 5517 allucii
670 5460 704 5516 ad
724 5460 792 5516 illud
807 5460 931 5533 Apostoli
985 5473 1032 5513 eas
1045 5456 1127 5514 leriae
1141 5459 1165 5514 si
1179 5456 1240 5529 quia
1255 5458 1405 5529 polluisset,
1421 5457 1582 5530 piaculoque
1596 5456 1631 5513 ad
1646 5458 1788 5513 hancrem

134 5536 194 5589 Act.
209 5547 284 5589 xvii:
297 5531 553 5599 decemoctorum,
568 5532 600 5587 i'ii
613 5548 672 5605 que
689 5533 830 5607 scriptum
844 5537 932 5590 erut.-
984 5543 1055 5602 opus
1076 5537 1156 5594 esset,
1172 5527 1289 5585 bostiam
1316 5528 1339 5584 si
1358 5530 1428 5597 beo,
1456 5529 1479 5585 si
1494 5530 1561 5586 Dee
1587 5529 1786 5586 immolabat.-

133 5606 228 5675 ignoto
255 5607 320 5663 Deo.
344 5600 423 5671 Quod
449 5617 510 5660 cnm
533 5602 649 5658 Athenis
675 5602 837 5677 contigerit,
862 5613 932 5661 recte
985 5599 1157 5672 ngettinnu.
1171 5614 1232 5671 cap.
1247 5602 1292 5657 33.
1307 5599 1367 5672 lpse
1386 5600 1567 5658 Tertullianus
1588 5616 1621 5657 eir
1646 5601 1783 5665 Varrone.

133 5674 240 5732 ardeam
255 5673 436 5733 idololatriam
456 5681 555 5745 vucat;
572 5681 652 5748 atque
666 5674 791 5733 Grmcam
809 5674 930 5748 iuscrip·
984 5671 1033 5728 lib.
1049 5671 1212 5730 maulim.
1230 5671 1293 5726 llic.
