3840 6134
111 312 163 380 tat

832 316 875 382 llll
893 308 1034 382 tonost.

1710 317 1762 385 tat

106 443 228 519 scriptus
254 442 343 514 cruci;
359 442 509 505 minoratus
524 443 614 520 primo
629 463 646 507 a
673 457 749 523 patre
769 446 905 508 modicum
921 464 945 546 g
962 445 1041 507 109
1055 448 1180 515 domnas,
1192 447 1337 507 diademati
1354 448 1539 512 destinatum?
1552 451 1625 512 Nam
1641 461 1761 526 strages

110 537 176 609 quid
201 534 270 592 citra
283 536 407 609 angelos,
422 544 449 593 ct
471 536 508 592 ita
521 536 610 611 gloria
628 538 770 597 ethonore
788 553 906 597 corona-

109 633 153 682 tus
178 625 265 696 (Psoi.
287 641 349 691 vxxx,
365 629 396 696 c,
422 625 503 684 ilebr.
528 642 559 693 ιι,
574 630 613 697 7).
640 627 667 684 st
693 630 728 685 ob
748 631 806 685 haec
828 634 909 701 caput

108 719 134 773 ei
150 723 228 771 tuum
242 715 335 781 debes,
351 715 404 772 tale
423 717 446 771 si
461 725 540 790 potes
553 717 577 773 ei
593 718 721 790 repende,
737 719 815 791 quale
829 733 909 774 suum

108 820 157 876 pro
172 814 218 859 tuo
240 804 361 860 obtulit:
377 813 423 861 ιιι
437 819 488 861 nec
501 806 613 862 doxibus
640 807 786 874 coroneris,
812 806 835 863 si
849 808 908 879 spi·

106 896 147 949 nis
162 910 217 950 non
235 905 321 965 potes,
338 894 403 968 quia
425 909 478 949 non
494 896 606 953 ssoribus
622 904 710 968 potes.

411 985 524 1041 CAPUT
548 986 610 1042 XV.

141 1075 229 1130 Serva
251 1074 308 1128 Deo
331 1088 390 1128 rem
414 1089 491 1129 suam
515 1074 711 1132 intaminatam.
728 1078 778 1133 llle
792 1095 861 1145 eam,
885 1079 908 1135 si

107 1165 190 1231 solet,
207 1161 361 1230 coronabit;
379 1163 433 1218 imo
457 1164 570 1234 struit,
587 1164 704 1239 donique
719 1167 837 1223 invitat:
856 1169 909 1237 ραι·

106 1256 219 1318 uicerit,
238 1253 334 1326 inquit,
357 1253 425 1311 dubo
455 1255 482 1311 ci
503 1271 638 1313 coronam
660 1257 737 1313 vitre.
755 1260 820 1316 Esto
839 1264 865 1312 et
879 1265 908 1313 tu

104 1342 198 1411 ytdciis
220 1341 258 1396 nd
280 1346 403 1396 mortam
437 1342 531 1414 (ripae.
556 1359 587 1409 ιι,
612 1344 668 1414 ld).
689 1345 804 1401 Decerta
827 1355 855 1402 ct
879 1355 907 1402 tu

105 1432 209 1486 bonum
234 1445 362 1504 agonem,
378 1432 455 1499 cujus
469 1446 598 1488 coronam
614 1441 641 1491 et
660 1433 807 1504 Apostolus
822 1452 907 1509 repo·

104 1520 186 1574 sitam
201 1518 253 1573 sihi
267 1519 364 1574 merito
376 1518 490 1575 contidit
503 1519 540 1592 (ll
561 1524 628 1579 Tim.
646 1539 687 1589 xv,
699 1526 727 1590 7,
744 1527 783 1594 8).
800 1524 908 1598 Accipit

105 1620 132 1665 et
145 1610 262 1680 angelus
280 1609 399 1665 victoriae
425 1624 554 1666 coronam
570 1612 723 1682 procedens
748 1614 775 1670 in
790 1615 907 1672 candido

104 1713 191 1770 equo,
217 1705 249 1753 ut
274 1697 392 1754 vinceret
420 1698 515 1771 (Apoc.
541 1715 580 1765 ιι,
605 1703 644 1771 2).
678 1703 713 1756 Et
735 1701 804 1758 alius
830 1701 908 1757 ¹iridis

961 554 1012 595 nos
1026 541 1082 597 Deo
1095 548 1122 597 et
1135 540 1207 596 Patri
1221 554 1272 597 suo
1288 539 1348 597 iecit
1363 539 1419 613 (20)
1433 542 1557 599 Christus
1569 544 1647 599 lesus
1662 541 1758 616 (Apoc.

961 644 982 700 t,
998 632 1027 697 6;
1045 646 1073 699 ι,
1097 631 1151 701 lo).
1179 629 1249 700 Quid
1266 631 1311 688 tibi
1339 646 1400 686 cum
1419 630 1486 687 hore
1500 631 1651 689 morituro?
1670 633 1759 690 lIabes

961 719 1056 775 florem
1071 737 1104 775 ex
1120 719 1195 792 virgo
1218 721 1305 786 lesse,
1321 736 1404 789 super
1427 736 1506 790 quem
1524 727 1578 775 tota
1601 720 1684 776 divini
1700 721 1761 794 Spi-

961 806 1029 863 ritus
1052 808 1139 879 gratia
1170 808 1302 880 requievit
1322 809 1389 880 (loa.
1417 825 1457 875 xx,
1483 811 1522 879 l),
1549 809 1640 865 ilorem
1669 810 1758 867 incor-

962 907 1081 965 ruptum,
1113 897 1367 970 irnmarcescibilem,
1390 898 1584 971 sempiternum
1612 916 1717 970 :quem
1734 906 1761 955 et

961 988 1049 1042 bonus
1072 987 1150 1044 miles
1171 989 1229 1059 (tt)
1253 989 1389 1060 eligendo,
1407 987 1432 1043 in
1448 989 1553 1045 coelcsti
1578 989 1759 1058 ordinatione,

960 1075 1120 1147 dignatione
1134 1077 1257 1150 proiecit.
1279 1077 1447 1148 Erubescite,
1468 1078 1668 1134 commilitones
1688 1077 1758 1146 eius,

959 1167 1016 1235 y'am
1040 1181 1094 1221 oon
1114 1167 1148 1221 ah
1172 1167 1234 1238 ipso
1255 1166 1405 1236 judicandi,
1423 1167 1470 1221 sed
1496 1169 1531 1222 ab
1549 1166 1640 1240 aliquo
1656 1166 1758 1223 blithroe

961 1254 1057 1324 milite,
1079 1253 1125 1325 qui
1150 1269 1211 1310 cum
1224 1253 1346 1312 initiatur
1369 1255 1522 1326 iuspelaeo,
1540 1256 1675 1311 incastris
1699 1269 1761 1312 vere

963 1342 1144 1406 tenebrarum,
1166 1343 1473 1414 coronam'interposito
1503 1344 1592 1416 gladio
1612 1344 1665 1400 sibi
1680 1343 1758 1399 obla·

962 1438 1025 1496 tam,
1054 1430 1130 1499 quasi
1163 1430 1273 1485 mimum
1305 1431 1435 1504 martyrii,
1470 1432 1569 1488 dehinc
1599 1431 1682 1502 capiti
1711 1447 1761 1489 suo

961 1519 1199 1587 accommodatam,
1225 1527 1348 1575 monetur
1373 1519 1454 1576 obvia
1467 1536 1549 1574 manu
1563 1537 1578 1575 a
1593 1522 1683 1593 capite
1698 1522 1759 1591 pel·

963 1609 1026 1673 lere,
1051 1617 1078 1664 ct
1098 1611 1124 1665 in
1156 1609 1309 1671 humerum,
1332 1608 1354 1664 si
1379 1609 1459 1678 torte,
1483 1610 1638 1678 transferre,
1666 1612 1760 1666 dicens

962 1699 1084 1756 ltithram
1097 1714 1156 1755 csse
1187 1713 1314 1756 coronam
1342 1714 1428 1764 suam,
1456 1706 1538 1771 atque
1561 1700 1660 1756 exinde
1686 1716 1759 1756 nun·

104 1787 209 1842 ambitu
235 1794 346 1842 ornatur
364 1786 458 1860 (Apoc.
484 1803 514 1858 x,
545 1789 582 1859 ι),
610 1788 711 1846 coelesti
734 1797 810 1864 prato
840 1791 905 1861 (ts).
925 1804 1046 1883 nquam
1068 1797 1221 1856 coronatur,
1239 1786 1316 1859 idque
1331 1786 1359 1842 in
1387 1789 1493 1859 signum
1519 1789 1600 1844 habet
1614 1789 1648 1844 ad
1663 1789 1762 1860 proba·

104 1875 208 1930 Sedent
224 1874 417 1946 etpresbyteri
432 1876 552 1933 coronati
567 1879 661 1952 (Apoc.
678 1880 760 1948 xv,'t)
777 1881 907 1936 :eodem-

104 1983 158 2037 que
173 1980 244 2020 auro
258 1972 284 2018 ct
299 1963 356 2034 ipse
376 1964 461 2021 Filius
479 1966 598 2024 hominis
612 1985 695 2039 supra
710 1970 810 2026 nubem
829 1971 909 2028 micat

105 2057 205 2127 (Apoc.
222 2068 284 2122 xxv,
301 2055 356 2116 tty.
373 2053 402 2110 Sl
422 2055 488 2110 tales
503 2055 636 2128 imagines
653 2059 804 2125 invisione,
817 2062 910 2131 quales

105 2144 240 2200 raritates
269 2142 298 2196 in
326 2144 590 2214 repraesentatione?
618 2146 678 2202 illas
713 2148 815 2216 aspice,
849 2147 910 2203 illas

103 2232 202 2286 odora.
232 2226 304 2296 Quid
320 2239 401 2303 caput
421 2232 569 2302 strophiolo
588 2240 634 2289 aut
655 2234 824 2292 dracontario
851 2235 908 2306 (llll

964 1880 1064 1935 tionem
1097 1878 1151 1945 sui,
1167 1876 1253 1933 sicubi
1276 1883 1394 1933 tentatus
1422 1876 1504 1932 iuerit
1521 1876 1554 1932 de
1568 1887 1759 1934 sacramento:

963 1968 1106 2040 statimque
1124 1967 1242 2023 creditur
1266 1965 1372 2020 blithrae
1388 1965 1477 2033 mites,
1493 1965 1516 2021 si
1531 1966 1661 2036 dey'ecerit
1679 1980 1759 2022 coro-

963 2073 1036 2121 nam,
1062 2057 1083 2111 si
1099 2072 1157 2110 eam
1182 2054 1209 2109 in
1223 2053 1281 2109 Deo
1301 2068 1350 2109 suo
1374 2069 1434 2108 esse
1447 2053 1556 2109 dixerit.
1572 2055 1761 2124 Agnoscamus

962 2145 1072 2220 ingenia
1093 2144 1203 2206 diaboli.
1225 2143 1326 2200 idcirco
1349 2142 1474 2214 quedam
1496 2144 1530 2199 de
1553 2142 1652 2200 divinis
1671 2141 1758 2198 sticc-

962 2235 1052 2301 tantis,
1077 2241 1106 2289 ut
1121 2247 1170 2290 nos
1192 2234 1227 2289 do
1239 2246 1350 2288 suorum
1374 2230 1427 2286 fide
1441 2230 1589 2288 contundat
1607 2241 1635 2288 et
1646 2232 1759 2302 judicet.

813 2354 1065 2417 Commentarius.

102 2456 150 2528 qui
176 2473 224 2513 rex
246 2471 388 2529 uunquam
408 2456 508 2523 inerit;
533 2458 605 2530 quod
634 2458 681 2515 Vir
703 2460 812 2516 'lienum
832 2476 904 2529 esse,
959 2457 1007 2584 2¹⁶
1032 2456 1104 2528 quod
1132 2456 1159 2511 iu
1182 2455 1241 2511 lilio
1266 2472 1413 2526 purpureo,
1440 2463 1581 2529 poetarum
1606 2455 1759 2527 hyacintho,

103 2544 202 2597 parum
230 2527 300 2583 mihi
322 2529 429 2584 videtur
445 2530 604 2598 probabile:
631 2532 686 2602 quis
724 2531 851 2588 siautem
879 2541 906 2587 et
987 2531 1062 2584 raecis
1086 2528 1182 2584 litteris
1196 2527 1292 2595 legitur
1314 2528 1471 2598 inscriptum
1490 2542 1516 2581 ιι
1529 2543 1568 2593 ιι,
1585 2528 1696 2583 nomina
1711 2543 1758 2583 re-

103 2599 199 2669 Aiacis
213 2601 296 2655 istius
314 2615 413 2655 nomen
438 2601 472 2656 de
490 2603 556 2656 flore
571 2602 774 2671 expungimus?
791 2605 906 2661 Obstarc
959 2617 1021 2668 gurm
1048 2616 1108 2655 esse
1135 2599 1311 2666 arbitrantur,
1335 2599 1450 2669 pastoris
1466 2599 1607 2671 virgiliani
1622 2600 1758 2657 versiculo

102 2672 218 2726 ridetur
240 2671 365 2737 Ovidius,
388 2687 448 2726 cum
479 2673 526 2734 ait,
551 2672 647 2728 mediis
666 2675 903 2744 toliisinscriptam
959 2671 1156 2726 subintellecta.
1174 2671 1235 2726 Rue.

101 2757 167 2796 esse
182 2742 299 2798 litteram
313 2758 484 2798 communem
500 2744 648 2815 Hyacinthe
667 2757 693 2799 et
710 2746 796 2816 Ajaci,
820 2760 905 2817 puero
994 2772 1029 2782 -
1054 2744 1180 2815 Utrisque
1205 2743 1449 2798 tiliisetornrrihtts
1471 2743 1562 2798 violis.
1587 2741 1631 2796 Sic
1653 2739 1682 2795 in
1707 2739 1760 2796 tina

101 2814 231 2884 viroque,
267 2815 384 2868 litteram
412 2815 513 2870 scilicet
539 2814 686 2886 funestam,
714 2834 761 2872 seu
789 2817 904 2890 lugubre
959 2811 1020 2869 libri
1046 2815 1078 2869 dc
1104 2815 1250 2885 Spectat...
1275 2814 1428 2882 spectacula
1447 2812 1515 2867 dixit
1540 2822 1654 2884 utraque
1677 2827 1759 2868 cavea

104 2885 287 2957 epigramma.
312 2899 352 2948 ιι,
366 2900 406 2952 ιι,
430 2896 460 2941 ut
475 2885 625 2954 Hyacinthe
648 2888 758 2959 quidem
784 2890 819 2944 sit
842 2896 904 2944 nota
920 2902 942 2980 c
958 2893 984 2939 ct
1001 2886 1073 2939 oanni
1088 2883 1175 2941 stadio
1194 2883 1313 2957 gratiora
1328 2883 1398 2939 Alba
1412 2883 1467 2939 lilia
1483 2892 1543 2938 sunt
1555 2885 1756 2953 coul'cssorum,

104 2971 151 3009 scu
166 2957 259 3010 littera
286 2956 412 3026 querelae,
432 2956 516 3028 Ay'uci,
543 2958 668 3014 nonaiuis.
695 2959 747 3016 Sed
768 2960 902 3028 obiectio·
961 2971 1094 3024 purpurea
1109 2964 1266 3024 martyrum.
1284 2955 1345 3010 llis.
1650 2980 1654 2987 ·

110 3041 166 3080 nom
182 3027 258 3080 hanc
272 3042 391 3083 amovere
416 3028 487 3082 haud
501 3027 612 3085 difficile
627 3028 708 3089 tuerit
723 3031 903 3104 cogitantibus
993 3026 1050 3095 (¹8)
1065 3030 1098 3081 Et
1109 3028 1182 3082 atius
1198 3027 1280 3082 iridis
1292 3024 1402 3082 ambitu
1415 3031 1536 3083 orantus
1545 3027 1651 3082 aniceti
1662 3031 1758 3100 prato.

114 3111 152 3150 ess
184 3096 294 3151 litteras
317 3099 412 3154 ludum
445 3100 617 3170 querelamue
658 3103 800 3156 denotasse
829 3101 904 3171 prius
958 3096 1002 3151 Sic
1024 3098 1105 3151 hahet
1125 3106 1199 3152 vetus
1223 3096 1370 3163 exemplar·
1391 3096 1532 3166 Eleganter
1551 3109 1639 3153 ⁸1¹le
1663 3106 1689 3153 el
1707 3115 1758 3169 all·

114 3182 195 3236 quam
215 3168 416 3236 Aiacem3imo‚
443 3186 491 3225 nec
514 3186 562 3240 pro
584 3170 902 3244 Ajacequideminilo-
959 3167 1043 3236 posite
1065 3167 1209 3236 Septimius
1236 3167 1330 3221 iridem
1365 3168 1529 3235 nuncuparit
1553 3167 1660 3222 coeleste
1694 3185 1757 3239 pra·

107 3236 182 3291 ribus
204 3236 265 3293 istis
292 3244 422 3310 usurpari,
440 3241 493 3296 nisi
523 3242 698 3310 portantum
717 3245 824 3298 nonnus
843 3244 903 3312 ipso
960 3253 1027 3302 tum,
1052 3238 1087 3293 ob
1110 3238 1230 3308 speciem
1252 3236 1389 3308 smaragdi
1408 3236 1492 3291 instar
1515 3238 1689 3291 viridantem.
1711 3239 1757 3293 Sic

100 3308 196 3377 Aiacis
220 3310 322 3364 luctum
345 3311 524 3385 significante,
546 3322 626 3382 atque
649 3313 712 3368 inde
731 3313 828 3371 Ovidis
853 3329 903 3368 na·
958 3309 1026 3363 enim
1044 3308 1069 3362 in
1090 3309 1201 3378 Apocat.
1228 3308 1416 3364 describantur
1432 3325 1438 3362 :
1455 3306 1502 3360 lici
1514 3306 1561 3379 ἶρις
1574 3309 1689 3360 κυκλόθεν
1715 3313 1758 3362 τοῦ

101 3388 157 3434 tam
183 3381 355 3437 occasionem
378 3383 554 3446 vaticinandi,
570 3383 628 3439 lore
650 3392 757 3455 tempus
774 3400 828 3467 quo
845 3384 902 3439 lor·
957 3382 1042 3451 θρόνου
1056 3381 1226 3452 opolatpimx
1242 3381 1413 3451 σμαραγδιιῷ.
1427 3378 1489 3435 Rta·
1647 3453 1650 3460 Ι

100 3451 227 3505 tissimus
243 3453 324 3508 heros
348 3454 464 3525 lugubre
478 3470 558 3509 suum
581 3469 677 3510 nomen
692 3456 773 3510 addat
785 3472 812 3510 tn
833 3457 905 3512 hunc
994 3453 1051 3521 (19)
1078 3453 1166 3524 Caput
1190 3450 1393 3519 tristropham
1416 3454 1468 3505 ont
1482 3449 1677 3506 dracontario.
1703 3448 1757 3504 Te·

100 3521 199 3577 florem
213 3523 269 3591 jam
284 3522 437 3596 lugubrem.
453 3526 498 3580 Sic
512 3534 600 3580 autem
615 3525 683 3593 lieri,
701 3536 730 3582 ut
744 3527 772 3581 in
787 3527 904 3595 Hyacin-
958 3523 1100 3577 nuioribus
1131 3522 1232 3577 scilicet
1263 3521 1371 3577 coronis
1394 3522 1543 3575 utebantur
1576 3520 1690 3591 antiqui,
1715 3520 1759 3573 in-

100 3595 149 3646 tho
164 3593 234 3647 nihil
261 3594 378 3666 lugubre
402 3597 518 3668 legatur,
533 3604 606 3651 certe
621 3597 686 3651 nihil
711 3597 826 3669 regium.
847 3598 903 3653 Pli-
959 3595 1016 3664 quit
1036 3594 1147 3660 Plinius,
1167 3592 1288 3660 strophia
1306 3591 1482 3660 appellantes,
1503 3592 1574 3646 unde
1594 3591 1756 3662 strophiola.

100 3665 253 3734 nius,enp.
284 3669 326 3730 ιι,
347 3667 393 3722 lib.
423 3684 494 3723 xxv:
523 3667 738 3739 «Hyacinthum
761 3670 905 3726 comitatur
958 3668 1041 3721 Porro
1056 3664 1254 3719 dracontarium
1277 3663 1384 3719 videtur
1403 3665 1463 3733 ojus
1484 3662 1576 3719 saeculi
1596 3661 1758 3722 vocabulum

101 3735 196 3789 tabula
211 3736 332 3792 luctuum
357 3740 511 3811 ejusquem
533 3738 631 3810 Apollo
646 3739 785 3809 dilexerat,
801 3750 827 3796 et
842 3742 905 3809 Ais·
959 3736 1044 3790 luisse
1061 3751 1109 3804 pro
1124 3736 1240 3792 conada·
1255 3736 1347 3791 thssu.

101 3805 171 3860 cis:
195 3806 231 3859 ita
253 3806 464 3864 discurrentibus
490 3809 905 3881 uenis,utGraecsrnmlittera·
992 3832 1029 3850 -
1049 3808 1106 3878 Ego
1129 3822 1193 3862 vero
1212 3815 1276 3876 puto
1291 3805 1490 3861 dracontarium
1519 3819 1645 3862 coronam
1676 3805 1757 3861 intel-

100 3892 164 3929 rum
189 3874 287 3950 figura,
304 3894 333 3934 ιι
354 3882 516 3952 satagatur
540 3881 709 3951 inscriptum.
733 3904 744 3933 »
762 3884 801 3938 Dc
817 3881 904 3938 nomi·
958 3877 1005 3948 ligi
1018 3876 1177 3943 confectam,
1203 3887 1248 3931 aut
1262 3893 1294 3932 ex
1309 3875 1444 3932 dracontia
1470 3877 1551 3931 herba
1566 3877 1689 3932 antidoto
1705 3876 1756 3932 ad-

101 3961 142 4002 ne
155 3947 247 4016 sjans
260 3949 383 4022 lugubri,
398 3950 456 4022 ipss
470 3951 540 4022 Ajax
555 3953 628 4024 apud
643 3953 818 4025 Sophoclea:
958 3965 1051 4004 versus
1080 3965 1191 4013 venena,
1217 3949 1292 4017 cujus
1323 3946 1445 4002 meminit
1478 3947 1580 4002 Plinius
1607 3948 1653 4002 lib.
1678 3963 1757 4015 xxxv,

962 4034 1023 4090 cap.
1055 4022 1098 4087 l9,
1123 4029 1170 4074 aut
1191 4035 1225 4073 ex
1256 4019 1372 4090 gemmis
1395 4017 1580 4075 draconilibus
1603 4019 1759 4089 dequibus

963 4090 1035 4144 idem
1050 4091 1090 4145 Pl.
1111 4090 1156 4144 lib.
1173 4105 1285 4159 xxxva,
1302 4105 1327 4146 e.
1344 4089 1387 4145 ιθ.
1405 4090 1473 4145 Pxx.

997 4163 1101 4219 -Aut
1130 4162 1321 4218 dracontario.
1348 4162 1484 4216 Catenulte
1503 4168 1566 4214 sunt
1588 4159 1759 4218 dracontario

962 4248 994 4287 ex
1010 4248 1076 4288 auro
1103 4240 1249 4305 argentove
1269 4241 1316 4288 aut
1339 4232 1417 4287 etiam
1442 4231 1492 4286 alia
1516 4231 1626 4287 materia
1650 4233 1677 4287 in
1702 4247 1759 4288 mo·

963 4303 1028 4359 dum
1044 4303 1167 4359 draconis
1195 4302 1301 4359 eifictae.
1326 4303 1433 4359 lloniliu
1461 4314 1538 4360 vocat
1556 4304 1687 4361 dracones
1701 4304 1758 4360 hu-

174 4108 219 4172 Al,
231 4107 276 4169 Al,
291 4110 326 4169 τίς
341 4110 370 4160 ἄν
385 4119 440 4164 ποτ’
454 4111 507 4182 ᾤεθ’
522 4106 568 4164 dl‘
585 4112 713 4183 ἐπώνυμοι

177 4180 230 4230 Τοῦ
246 4179 288 4250 μὲν
303 4180 414 4242 Eusclottv
430 4184 504 4250 ὄνομα
518 4186 569 4242 τοῖς
585 4181 652 4254 ἐμοῖς
666 4186 768 4254 nascit,

176 4250 230 4374 litis
243 4250 291 4334 γὰρ
304 4254 406 4323 πάρεστι
419 4254 460 4305 sat
472 4254 508 4314 δὶς
522 4252 613 4315 αἰάζειι
624 4253 679 4326 ἐμοὶ

200 4340 226 4373 αι
240 4341 301 4392 ιρις.

924 4348 947 4424 u
962 4375 1065 4448 cinnae,
1079 4375 1135 4437 τοὺς
1149 4372 1202 4444 περὶ
1216 4376 1343 4444 καρποῖςῆ
1358 4375 1478 4446 βράχίοσι,
1494 4377 1639 4444 δράκοντας.

997 4519 1054 4589 (20)
1071 4519 1176 4573 Nanaet
1187 4533 1262 4587 repes
1277 4532 1327 4571 nos
1343 4514 1397 4572 ilco
1408 4521 1436 4572 ct
1450 4448 1604 4575 1>ιιιι1ιῗειιῗοΙι
1600 4489 1685 4640 gealt.
1703 4516 1759 4571 lloc

99 4443 150 4522 Sic
162 4443 237 4525 apud
270 4445 406 4501 Theocriti
428 4446 616 4516 interpretem.
636 4447 715 4517 ldyll.
736 4447 773 4507 x,
795 4449 906 4518 llupho-

100 4530 163 4569 rron
180 4532 208 4569 ιιι
228 4517 300 4570 luctu
316 4517 433 4571 AEacidae
458 4534 622 4588 purpuream
647 4520 823 4588 hyacinthum
836 4519 905 4574 allo·

99 4586 199 4655 quitur
224 4587 384 4660 leypapptxa
403 4589 571 4646 sexdecem:
594 4605 692 4659 nempe
711 4590 738 4643 iu
761 4588 907 4660 hyacintho
962 4590 1108 4658 saepissime
1132 4587 1230 4660 ingerit
1254 4586 1407 4654 Septimius,
1435 4585 1576 4641 sublimem
1623 4586 1759 4640 bristiauae

100 4656 217 4729 legebat
240 4672 295 4712 nou
320 4660 426 4731 regium
455 4661 696 4725 nomenAEacidae,
720 4663 768 4716 scd
793 4662 907 4730 lugubre
962 4660 1069 4714 semiliae
1091 4659 1259 4728 dignitatem,
1279 4673 1357 4728 quam
1380 4665 1408 4710 et
1432 4656 1561 4726 praeclare
1590 4655 1684 4711 extulit
1706 4657 1759 4710 tu-

97 4744 226 4797 carrxten,
246 4742 288 4795 ιι,
312 4744 352 4784 ιι.
379 4732 436 4786 Nec
463 4731 519 4786 alio
545 4747 628 4787 sensu
655 4731 827 4802 accipiendas
843 4739 908 4801 pulo
962 4731 1049 4784 stinus
1077 4731 1206 4785 extrorsus
1235 4729 1426 4799 Thryphonam
1448 4726 1513 4781 tuo.
1534 4725 1703 4798 ἀρχιερατιιιὸι
1730 4725 1759 4779 τὸ

98 4799 219 4854 easdem
234 4799 348 4864 litteras,
363 4816 403 4869 ιι,
418 4802 445 4856 iu
468 4819 576 4874 gemma
591 4803 684 4873 veteri,
705 4818 765 4874 quae
785 4804 907 4857 humanae
963 4800 1074 4869 ἀληθινὸν
1084 4801 1151 4871 γένος
1160 4800 1233 4871 ἐσμὲν
1243 4806 1286 4854 τοῦ
1297 4802 1370 4852 Θεοῦ.

98 4869 201 4942 figurae
237 4871 264 4925 in
293 4874 385 4927 llorem
420 4873 580 4928 transeuntis
611 4873 754 4946 imaginem
787 4874 906 4942 exhibet,
1000 4877 1057 4942 (21)
1076 4874 1161 4941 Quem
1183 4877 1211 4927 ct
1239 4874 1326 4928 horrus
1345 4871 1437 4926 orites.
1468 4869 1599 4942 Loquitur
1618 4869 1652 4924 de
1677 4867 1759 4924 milite

96 4949 285 5014 servaturque
317 4958 402 5013 penes
446 4944 534 5001 virum
565 4945 815 5015 praestantissimum
845 4945 905 5000 Nic.
963 4943 1013 4999 isto
1036 4945 1083 5016 qui
1103 4958 1228 4998 coronam
1251 4942 1278 4997 in
1302 4957 1464 5008 manu,non
1485 4941 1512 4995 in
1538 4940 1636 5009 capite,
1665 4954 1758 5014 gesta·

97 5012 222 5068 Fabrum
252 5015 426 5069 Peirescium.
455 5016 547 5087 Atque
566 5032 597 5071 ex
627 5016 669 5072 his
686 5019 793 5087 opinor,
822 5018 909 5071 mani·
962 5024 1047 5085 verat,
1063 5017 1097 5071 ob
1112 5030 1171 5069 eant
1187 5031 1243 5068 rcm
1259 5013 1286 5068 in
1305 5028 1441 5069 carcerem
1457 5018 1559 5084 raptus.
1574 5013 1665 5068 Runa.

98 5085 201 5140 testum
231 5085 277 5141 het
299 5085 366 5141 satis
389 5102 487 5143 vanam
509 5102 604 5146 eorum
627 5103 688 5145 esse
708 5089 908 5159 coniecturam,
