3840 6134
169 370 223 431 vti
523 358 747 424 tdhththtattt
765 353 900 417 citauit
918 352 1002 416 vtes
1021 355 1055 419 h.
1069 385 1104 401 -
1121 355 1236 417 SlllllllS
1249 357 1272 428 Ι,
1292 358 1452 421 condition
1759 363 1816 426 228

169 498 255 569 ndns,
268 512 331 554 cum
354 508 388 551 ca
410 492 481 551 enim
506 490 636 550 extendit.
656 489 724 546 Cum
738 483 867 560 proponit
889 482 963 540 salvo
978 496 1079 578 stquae
1096 483 1121 540 si
1139 484 1247 557 quaudo
1265 493 1404 558 begunim
1417 487 1505 543 Deum
1527 488 1663 560 εεειιεεὶ,
1684 498 1775 548 tamen
1787 500 1815 551 et

169 585 220 644 Dei
239 589 310 640 statu
324 583 409 640 inisse
422 582 563 639 materiam
577 580 621 649 ³⁵3
637 578 698 638 vide
716 593 750 634 ne
764 577 789 632 ei
804 573 929 633 reddatur
938 571 965 613 ³⁴
1017 573 1085 631 alios
1099 572 1168 632 inira
1181 574 1256 631 illum
1271 574 1375 632 volunt.
1392 575 1523 635 Divinitas
1533 584 1620 635 εειεεε
1634 578 1749 653 gradum
1758 594 1815 639 non

168 674 286 742 anobis,
307 671 423 745 proinde
441 670 516 728 salvo
536 677 607 727 statu
632 665 750 726 materiae
763 664 847 721 luisse
861 662 962 731 Deum,
1017 662 1107 726 habet.
1127 670 1221 736 utpote
1235 665 1329 746 unica3
1343 679 1405 738 qnae
1427 664 1451 722 si
1474 673 1503 723 et
1527 665 1554 722 in
1578 667 1692 725 mamria
1709 668 1761 725 en't
1784 677 1817 728 ut

167 760 305 821 communi
329 772 416 817 tamen
435 765 506 816 statu
526 757 676 815 amborum
695 753 804 813 Salvum
828 765 893 826 ergo
912 749 964 806 erit
1017 751 1231 822 proindeiunata
1244 761 1272 810 et
1285 751 1386 811 inlecta
1398 761 1425 811 et
1439 760 1548 822 atoma,
1561 754 1647 813 aderit
1658 757 1815 831 utrobique,

168 858 196 908 et
208 849 339 920 materiae,
356 855 385 905 ει
404 856 431 905 et
450 848 510 920 ipsa
533 845 626 916 inerit,
639 843 689 902 sed
702 857 765 901 cum
778 841 845 910 Deo,
859 838 924 913 quia
936 845 964 896 et
1017 839 1080 911 quin
1098 838 1186 898 ntiuor
1200 856 1230 898 εε
1244 857 1376 914 nnsqmm
1389 842 1490 914 poterit
1504 859 1574 903 ease.
1591 843 1734 914 Quomodo
1747 861 1815 922 ergo

168 936 338 1007 Denssolus,
353 937 402 993 sed
429 952 492 994 enm
509 935 565 991 illa.
587 934 621 990 lit
634 932 693 1005 ipsa
712 931 799 1005 prima
817 944 879 986 oum
893 929 960 994 Deo,
1016 927 1170 988 dbeornere
1188 929 1297 989 audebit
1315 932 1508 1006 Hermogenes.
1524 943 1605 1008 atque
1628 935 1665 991 ita
1679 936 1817 1007 subjicere

167 1026 231 1103 quia
242 1033 269 1084 et
282 1026 355 1083 Deua
370 1025 473 1096 primun
487 1039 548 1081 cum
563 1021 608 1078 ilia
625 1036 632 1079 τ
648 1020 696 1079 sed
710 1027 737 1077 st
759 1019 806 1076 illa
821 1018 962 1088 incompa·
1016 1018 1075 1077 Deo
1096 1019 1247 1091 materiam,
1275 1029 1404 1079 aeternam
1428 1027 1542 1090 aeterno,
1566 1022 1684 1080 innatam
1710 1025 1813 1093 innato,

168 1114 261 1173 rabilis
288 1130 350 1172 cum
390 1115 464 1187 lieo,
492 1112 556 1186 quia
584 1118 611 1167 et
639 1112 714 1167 Deus
746 1104 962 1180 incomparabilis
1015 1107 1398 1168 nuchicemanctoriidicere
1415 1111 1568 1183 audentem,
1585 1120 1621 1180 et,
1641 1111 1700 1186 Epo
1714 1114 1813 1187 prima,

166 1218 227 1261 cum
256 1204 311 1274 ills,
337 1212 364 1262 ει
392 1203 495 1263 auctrix
521 1217 581 1259 cum
610 1201 679 1267 lieo,
707 1208 734 1255 ει
757 1198 867 1255 domins
897 1209 962 1254 eum
1016 1197 1126 1271 obligo
1148 1203 1211 1254 aute
1234 1198 1461 1274 omnia,et,1ipo
1487 1216 1504 1255 a
1526 1214 1581 1273 quo
1603 1201 1696 1261 omnia
1711 1220 1718 1262 :
1735 1219 1817 1276 parea

167 1292 235 1350 Deo.
250 1292 295 1352 Sic
317 1291 418 1365 aliquid
432 1298 460 1351 et
478 1305 539 1351 ,nou
561 1296 649 1347 totum
662 1286 781 1344 materiae
799 1285 909 1352 hahere,
925 1284 961 1341 ita
1015 1283 1127 1354 inimus,
1142 1285 1225 1343 simul
1239 1285 1349 1356 luimus,
1369 1288 1450 1345 ambo
1468 1288 1527 1345 sine
1549 1289 1638 1361 initio,
1653 1290 1712 1348 aine
1736 1290 1814 1352 line:

167 1378 207 1437 illi
220 1381 287 1438 nihil
303 1381 410 1455 reliquit
426 1380 621 1451 Hermogenes,
639 1376 712 1449 quod
728 1389 783 1432 nou
801 1381 829 1430 et
842 1372 961 1429 materiae
1015 1374 1096 1432 ambo
1110 1373 1169 1433 siue
1183 1385 1304 1442 auctore,
1318 1376 1377 1433 sine
1389 1377 1466 1437 Deci
1480 1375 1548 1446 Quis
1561 1392 1605 1435 me
1620 1379 1693 1437 Dens
1705 1381 1732 1422 ⁴⁰
1749 1382 1817 1440 sub-

166 1469 348 1528 contnlisset:
368 1476 398 1525 ut
415 1483 470 1524 nou
490 1466 603 1522 materia
627 1465 695 1535 Dec,
710 1463 758 1520 aed
779 1464 852 1521 Deus
872 1460 963 1534 potius
1013 1461 1073 1537 jieit
1089 1464 1294 1537 contemporali,
1309 1466 1465 1535 coaetaneo?
1480 1466 1510 1523 Si
1532 1467 1597 1539 quia
1614 1468 1688 1525 bene
1705 1469 1814 1541 dicitnr,

166 1558 286 1616 materiae
308 1566 487 1631 comparetur.
512 1558 600 1628 hique
624 1553 703 1626 adeo,
724 1568 787 1612 cuna
808 1568 841 1611 ea
861 1565 923 1624 quae
937 1547 961 1590 ³⁴
1016 1552 1100 1609 babeo
1114 1558 1143 1608 et
1155 1567 1209 1627 ego
1222 1569 1313 1611 meum
1335 1568 1445 1612 nomen.
1458 1556 1513 1612 Ant
1526 1570 1580 1629 eqo
1594 1573 1654 1613 sum
1668 1557 1752 1630 Deus,
1768 1566 1816 1618 ant

166 1647 277 1720 propria
294 1647 344 1704 liei
357 1646 543 1716 vindicamus,
561 1659 670 1716 semper
683 1641 776 1714 inimo,
791 1641 850 1700 sine
872 1638 960 1711 initio,
1016 1638 1062 1699 ille
1076 1641 1184 1699 materia
1198 1642 1222 1682 ⁴¹
1239 1661 1247 1701 r
1262 1643 1325 1716 quia
1342 1643 1422 1702 ambo
1435 1659 1531 1703 sumna
1545 1645 1618 1719 quod
1632 1646 1700 1705 alter
1712 1655 1755 1705 est
1768 1663 1816 1708 uo·

166 1733 227 1793 aine
240 1735 304 1804 line,
318 1744 346 1793 et
367 1735 484 1808 primum
508 1733 603 1800 inisse,
616 1739 644 1788 et
667 1731 753 1789 solunt
769 1770 777 1801 ,
791 1736 819 1786 et
839 1727 961 1785 omniunt
1015 1737 1112 1788 strum
1133 1731 1213 1790 Putas
1231 1732 1322 1807 itaque
1336 1733 1477 1791 materiam
1490 1735 1549 1793 Deo
1563 1750 1617 1793 non
1630 1752 1814 1811 comparasse,

166 1835 315 1892 auctorem,
341 1823 462 1880 materiae
481 1835 589 1895 qnoque
601 1824 772 1891 competaut3
787 1831 881 1891 quero
895 1815 960 1888 quid
1015 1834 1096 1890 quam
1111 1818 1216 1878 scilicet
1230 1819 1355 1892 subjiciat
1369 1821 1428 1879 ιιι

165 1911 303 1971 diversum
326 1919 355 1968 et
376 1910 523 1967 abruma
545 1909 617 1977 Deo,
635 1922 667 1967 sc
680 1921 728 1979 per
752 1906 806 1962 hoc
827 1904 960 1978 privatum
977 1892 999 1970 Β
1303 1910 1417 1969 CAPUT
1450 1911 1522 1970 vlu,

165 2001 278 2059 materia
291 1997 454 2071 possederit,
468 2013 519 2069 per
531 1997 604 2070 quod
623 1997 679 2054 Deo
692 2009 747 2055 non
765 1993 961 2068 comparetur?
1048 1995 1152 2070 Atquin
1162 1997 1244 2057 etiam
1261 1998 1397 2073 praeponit
1410 1998 1485 2056 illam
1500 1999 1569 2068 Deo,
1582 2009 1610 2058 et
1624 2003 1710 2059 Deum
1723 2003 1816 2077 potins

165 2088 196 2149 ln
209 2105 263 2164 qua
276 2089 365 2148 omnis
379 2087 430 2144 Dei
448 2087 559 2159 propria
578 2094 763 2153 recensentur,
778 2084 843 2143 satis
858 2085 961 2159 proeju·
1014 2085 1125 2158 subijcit
1138 2087 1267 2156 materia,
1286 2104 1348 2145 eum
1368 2089 1426 2148 vtrlt
1448 2105 1511 2148 eum
1534 2089 1568 2147 de
1591 2092 1704 2149 materia
1718 2103 1815 2152 ennete

165 2176 257 2236 dicant
270 2177 304 2235 de
319 2176 424 2249 reliqua
436 2176 650 2250 comparatione.
1013 2172 1119 2234 iecisse.
1138 2176 1169 2234 Si
1181 2175 1254 2234 enim
1274 2193 1307 2235 ex
1328 2176 1375 2234 illa
1397 2194 1464 2235 usus
1478 2188 1519 2237 est
1539 2179 1573 2236 ad
1597 2195 1682 2254 opera
1707 2184 1814 2250 mundi,

468 2264 663 2326 caecutit.
1011 2261 1067 2332 iam
1088 2272 1115 2322 ει
1133 2265 1244 2324 materia
1266 2266 1390 2338 superior
1404 2268 1547 2339 invenitur,
1562 2285 1625 2343 qnae
1647 2270 1686 2328 illi
1708 2273 1814 2345 copiam

200 2355 230 2414 b'i
247 2355 379 2413 minorem
397 2362 425 2414 et
438 2353 591 2413 inferiorem
607 2352 746 2415 materiam
771 2353 841 2419 lieo,
864 2360 891 2409 ει
915 2352 960 2409 id·
1013 2353 1143 2426 operandi
1156 2355 1381 2425 subministravit,
1396 2366 1424 2414 et
1443 2358 1517 2417 Deua
1536 2360 1676 2432 subjectns
1694 2363 1816 2420 materia

166 2448 239 2504 circo
262 2445 501 2517 incomparabilem
522 2444 570 2512 illi,
592 2443 738 2510 contendit,
759 2450 788 2498 ut
806 2441 914 2513 majori,
930 2449 961 2500 ut
1012 2443 1130 2512 videtur,
1144 2447 1222 2516 cuius
1235 2446 1394 2503 substantiae
1411 2447 1496 2521 equit.
1507 2447 1591 2508 Nemo
1606 2450 1670 2507 enin
1684 2465 1739 2508 non
1752 2458 1815 2529 eget

166 2534 312 2609 superiori,
333 2535 480 2608 praescribo
504 2549 560 2594 uon
573 2549 673 2606 capere
693 2532 776 2590 ullam
799 2531 959 2589 diminutio-
1012 2547 1047 2591 eo
1076 2532 1110 2591 de
1127 2535 1208 2604 cnjus
1229 2533 1316 2593 utitm
1338 2534 1398 2609 (tt)
1419 2553 1426 2594 ι
1448 2551 1529 2595 nemo
1548 2553 1603 2597 uon
1627 2539 1770 2610 subjicitur
1788 2541 1814 2600 ei

166 2639 226 2681 uem
241 2631 269 2681 et
287 2623 512 2693 humiliationem,
533 2623 607 2696 quod
630 2622 664 2688 ait
686 2630 815 2679 εειεεεεεε
832 2629 858 2678 ει
879 2622 959 2678 ἰεεε-
1013 2621 1090 2693 cujus
1110 2633 1183 2695 eget,
1206 2630 1237 2681 ut
1255 2623 1344 2697 possit
1367 2623 1408 2682 uti
1429 2642 1437 2681 r
1462 2626 1546 2684 sicet
1564 2642 1645 2685 nemo
1666 2628 1701 2687 de
1723 2627 1813 2687 alieno

167 2721 222 2772 tum
238 2729 245 2770 :
261 2711 326 2784 qnia
339 2713 391 2770 hoc
408 2721 435 2770 et
449 2714 535 2769 Deum
550 2711 629 2770 iaciat
642 2717 756 2779 tautum,
775 2718 892 2782 quantus
906 2718 957 2778 est,
1012 2711 1112 2768 utendo
1130 2726 1185 2768 uon
1204 2711 1293 2770 minor
1306 2721 1347 2768 est
1365 2728 1400 2770 eo
1419 2713 1455 2772 ιε
1473 2715 1551 2787 cnjus
1564 2715 1661 2773 utitur.
1676 2717 1710 2773 lit
1729 2733 1813 2776 nemo

166 2801 243 2858 unllo
258 2801 403 2873 minorem,
428 2817 517 2874 nequa
539 2799 742 2873 subjectiorem,
764 2796 819 2857 imo
834 2797 959 2856 omnibus
1012 2799 1060 2871 qni
1078 2808 1190 2873 proestat
1203 2801 1238 2859 dc
1261 2815 1311 2860 sno
1327 2802 1377 2875 nti,
1393 2818 1448 2860 nou
1471 2803 1499 2861 in
1523 2806 1574 2863 hoc
1589 2805 1712 2880 superior
1725 2816 1767 2864 cst
1779 2822 1814 2866 eo

167 2892 298 2964 majorem
323 2889 569 2948 etaublimiorem.
592 2888 759 2946 sicutenim
780 2895 879 2944 catera
897 2903 960 2961 qnae
1012 2888 1058 2945 oui
1085 2898 1193 2962 praestat
1218 2889 1268 2947 nti.
1291 2892 1385 2963 ltaque
1405 2892 1515 2951 materia
1543 2894 1602 2967 ipsa
1626 2894 1732 2968 quidem
1756 2895 1813 2954 Deo

165 2989 322 3052 nascuntur,
338 2987 385 3036 aut
402 2979 511 3046 liniunt,
526 2986 553 3036 et
578 2977 681 3036 idcirco
702 2985 802 3034 aterna
817 2992 871 3035 non
884 2983 957 3044 eunt,
1012 2979 1376 3054 noneqnit,sedeqentise
1394 2980 1453 3038 Deo
1470 2982 1772 3055 praestituendum
1786 2991 1814 3043 et

166 3069 252 3126 εεεεει
265 3069 392 3141 opposita
411 3067 469 3136 fini,
484 3076 586 3143 quaet
603 3068 679 3125 initio
693 3065 839 3125 admittunt
852 3082 885 3123 ea
898 3081 958 3140 quae
1011 3065 1173 3139 locupletem
1195 3076 1222 3125 et
1240 3068 1378 3127 liberalem
1396 3071 1504 3140 minori,
1520 3073 1628 3144 opinor,
1648 3076 1676 3130 et
1693 3072 1814 3132 invalido

144 3218 148 3225 ,
166 3157 241 3215 Deus
255 3172 312 3217 uon
325 3157 406 3232 capit,
421 3157 630 3216 diminutionem
652 3156 714 3214 dico
730 3156 836 3229 interim
851 3165 878 3214 et
892 3155 959 3214 snb·
975 3138 997 3219 G
1012 3162 1042 3215 et
1053 3156 1145 3214 minus
1159 3157 1257 3217 idoneo
1269 3157 1305 3216 ιε
1322 3159 1408 3216 nihilo
1423 3158 1512 3219 lacere
1531 3175 1595 3234 quae
1612 3161 1689 3221 velit.
1703 3159 1814 3220 Grande

163 3247 318 3319 jectionem,
329 3248 392 3321 quin
406 3256 469 3305 neta
482 3255 509 3305 et
524 3246 593 3305 iacta
611 3253 694 3306 suut:
709 3249 746 3304 ita
766 3254 793 3303 et
807 3246 881 3304 Deus
898 3246 960 3304 ideo
1014 3262 1109 3305 revera
1120 3245 1281 3305 beneficium
1296 3248 1353 3306 Deo
1367 3249 1494 3318 eontulit,
1510 3257 1540 3308 ut
1553 3250 1664 3309 haberet
1675 3251 1816 3325 bodiepcr

164 3351 199 3395 ea
212 3351 267 3394 non
280 3336 363 3411 capit,
377 3337 440 3413 quia
453 3353 503 3395 nec
517 3345 599 3395 natus
608 3335 729 3406 omnino,
739 3350 790 3392 nec
807 3335 894 3394 iactus
907 3344 959 3393 cst.
1013 3349 1094 3408 quem
1107 3335 1181 3393 Dens
1189 3344 1408 3410 cognosceretur,
1425 3345 1454 3396 et
1467 3338 1638 3411 omnipotens
1652 3346 1815 3401 vocaretur:

164 3427 283 3485 Materia
297 3435 388 3486 autem
403 3427 428 3468 ³⁸
455 3435 540 3486 statua
555 3427 615 3484 talis
636 3432 688 3483 εει.
704 3424 787 3497 lqitur
801 3435 829 3482 et
851 3424 961 3483 ‹luobna
1013 3420 1065 3478 nisi
1083 3422 1156 3493 quod
1167 3423 1224 3494 jann
1243 3437 1297 3481 non
1312 3425 1494 3500 omnipotens,
1502 3426 1526 3483 si
1533 3443 1587 3485 non
1600 3436 1627 3487 et
1640 3429 1692 3489 boc
1707 3436 1814 3503 potens,

165 3519 282 3585 aeternis,
299 3526 329 3574 ει
355 3517 463 3586 innatis,
490 3523 521 3573 nt
546 3513 662 3583 iniectis,
686 3513 744 3570 Deo
767 3520 849 3585 atque
872 3521 961 3571 mata-
1014 3527 1048 3569 ex
1061 3510 1148 3568 nihilo
1161 3511 1252 3570 omnia
1266 3512 1396 3584 prolerre.
1413 3514 1484 3575 Sane
1505 3524 1534 3573 et
1556 3516 1611 3574 sibi
1628 3516 1817 3590 prestitissi-

166 3605 255 3672 εἰει,
276 3606 451 3663 obeamdenr
478 3603 611 3661 rationem
634 3601 786 3660 communis
811 3610 906 3672 ειειεε,
926 3618 961 3661 ex
1013 3597 1080 3670 qnid
1098 3598 1219 3666 materh,
1239 3608 1270 3656 ut
1293 3608 1321 3656 et
1342 3601 1401 3674 ipsa
1423 3617 1484 3662 cum
1509 3603 1567 3662 Deo
1587 3604 1683 3676 possit,
1702 3604 1816 3680 aquoso

165 3707 244 3767 nequo
258 3693 421 3752 habentibus
433 3692 462 3749 id
475 3693 550 3765 qnod
564 3707 651 3765 neque
661 3689 785 3758 diminui,
797 3705 848 3747 uec
862 3689 960 3761 subiici
1013 3688 1161 3762 coequalis
1178 3690 1244 3759 Deo,
1260 3689 1315 3746 imo
1338 3701 1367 3747 ει
1388 3689 1507 3763 adjutrix
1527 3709 1534 3751 :
1563 3692 1618 3750 nisi
1643 3693 1716 3767 qnod
1739 3693 1816 3754 solus

165 3781 294 3850 admittit,
313 3781 397 3839 idest
414 3780 592 3839 ateruimeur
610 3797 617 3838 :
635 3787 763 3838 neutrum
785 3779 904 3838 dicimus
917 3780 985 3837 ειη
1013 3793 1074 3834 eant
1088 3780 1269 3851 Hermogenes
1287 3777 1427 3852 cognovit,
1441 3787 1468 3838 ει
1491 3781 1679 3841 hereticorum
1701 3782 1814 3854 patriar-

167 3875 225 3927 tero
238 3883 299 3928 esse
322 3870 466 3935 minorem,
484 3868 541 3925 sive
561 3871 703 3942 majorem,
727 3875 853 3927 neutrum
877 3869 961 3930 altero
1013 3867 1070 3924 cbae
1093 3866 1252 3939 philosophi
1278 3867 1347 3939 (td).
1373 3867 1516 3940 Prophetis
1538 3872 1609 3928 enim
1631 3880 1658 3930 et
1685 3871 1816 3946 apostolis

166 3957 348 4025 humiliorem,
373 3957 430 4015 sive
456 3955 635 4031 superiorem,
665 3956 713 4014 sed
740 3963 812 4015 stare
825 3956 907 4016 ambo
927 3974 961 4016 ex
1014 3972 1101 4032 usque
1115 3957 1204 4013 adhuc
1217 3956 1303 4025 latuit,
1320 3964 1388 4028 puto
1407 3962 1434 4014 et
1449 3957 1555 4016 Christo
1569 3959 1604 4016 ⁴³.

165 4046 226 4120 pari
240 4061 348 4120 magna,
363 4063 396 4104 ex
410 4045 469 4118 pari
481 4045 614 4114 sublimia,
629 4043 719 4103 ΒΜ
733 4062 766 4102 en
790 4045 847 4118 pari
866 4046 961 4105 aolidae
1276 4041 1362 4101 2⁰5
1379 4044 1494 4102 CAPUT
1515 4047 1565 4102 lX.

166 4143 194 4193 et
206 4135 332 4208 perlectae
352 4134 575 4208 felicitatisque
593 4142 718 4193 censetur
741 4136 888 4195 eternitas.
902 4137 961 4196 Ne·
1047 4134 1110 4194 Non
1137 4139 1226 4206 potest
1248 4131 1338 4190 dicere
1364 4132 1454 4193 Deum
1477 4141 1507 4189 ut
1534 4133 1681 4192 Dominum
1701 4136 1816 4195 ειειεείε

164 4232 218 4297 que
245 4223 317 4282 enim
345 4220 463 4297 proximi
481 4223 583 4281 erimus
616 4222 792 4296 opinionibus
810 4225 960 4303 nationum,
1013 4242 1092 4286 nsunt
1105 4221 1142 4280 ει
1155 4234 1237 4294 opera
1255 4220 1378 4279 mundi:
1403 4221 1537 4283 Dominus
1551 4222 1576 4263 ⁴⁴
1598 4222 1671 4282 euim
1689 4238 1744 4284 nou
1757 4240 1813 4299 po-

850 4350 948 4418 Variae
968 4354 1125 4421 lectiones.

201 4482 227 4522 ³⁵
240 4479 324 4539 Salvo
338 4489 410 4540 statn
424 4482 544 4539 materie
554 4481 637 4540 inisse
651 4479 723 4539 Deus
737 4480 826 4543 hbeo.
842 4484 928 4543 Seml.
943 4485 1039 4555 rsaluo
1052 4491 1124 4542 statu
1134 4480 1254 4539 materiae
1267 4479 1351 4539 luisse
1366 4480 1450 4538 lieum
1473 4477 1555 4539 hebet
1568 4478 1628 4538 cod.
1646 4479 1746 4539 Woow.
1759 4496 1814 4555 op·

165 4553 301 4627 probante
317 4555 382 4611 len.
399 4552 425 4593 ³⁴
439 4554 509 4610 Vide
527 4568 562 4610 ue
577 4553 721 4611 irrideatur
734 4568 752 4609 a
766 4554 843 4611 uobis
858 4557 947 4614 then.
960 4558 1045 4617 Semi.
1064 4553 1176 4614 Obertlt.
1191 4551 1216 4594 ³⁴
1230 4552 1297 4610 Cum
1312 4568 1345 4610 ea
1358 4549 1468 4624 propria
1481 4551 1563 4608 Dein
1584 4551 1624 4608 ud
1645 4551 1717 4611 cord.
1733 4551 1759 4592 ³⁸
1780 4554 1816 4609 lit

166 4625 286 4682 materiae
300 4634 389 4681 autem
404 4625 494 4683 libere.
509 4623 593 4683 etc.³⁹
617 4624 676 4682 Deo
690 4635 773 4697 atque
798 4628 918 4684 materiae
933 4628 1021 4688 libere.
1038 4633 1066 4686 et
1092 4627 1178 4685 iidem
1201 4626 1253 4691 ch,
1270 4629 1303 4681 nt
1321 4626 1401 4682 solet.
1417 4621 1444 4661 ⁴⁰
1457 4624 1539 4683 Forte
1593 4637 1625 4680 eo
1653 4623 1721 4680 lun.
1737 4621 1761 4661 ⁴¹
1781 4623 1815 4680 lh

166 4695 212 4752 ille
226 4698 338 4754 materia
352 4699 420 4755 lun.
435 4696 460 4733 ⁴²
469 4697 524 4752 Sed
538 4696 646 4769 eguisse
660 4711 690 4752 se
704 4696 764 4753 Deo
777 4711 819 4767 pr.
835 4697 896 4758 lut.
910 4701 960 4757 εει
975 4698 1067 4774 egenti
1081 4714 1112 4756 se
1126 4698 1185 4754 lieo
1196 4713 1236 4767 pr.
1252 4697 1318 4753 lun.
1333 4693 1387 4751 Sed
1400 4694 1491 4766 egenti
1504 4709 1534 4750 ae
1548 4692 1605 4750 Deo
1615 4710 1644 4766 p.
1659 4693 1771 4752 divitem
1786 4702 1816 4752 et

167 4767 329 4841 locupletem
343 4776 371 4824 et
380 4768 521 4825 liberalem
535 4769 595 4831 cod.
616 4770 716 4830 Wonw.
731 4769 807 4838 sorte
819 4769 869 4826 aed
882 4786 970 4845 egeno
983 4787 1014 4829 ee
1026 4771 1055 4827 d.
1066 4787 1094 4842 p.
1111 4768 1195 4826 divite
1209 4766 1283 4840 (scil.
1299 4764 1355 4837 se).
1370 4765 1396 4804 ⁴³
1408 4767 1475 4829 l'uto
1490 4772 1519 4823 et
1534 4764 1653 4823 clurino
1666 4767 1753 4823 Fran.
1763 4767 1817 4824 Pn-

165 4841 217 4896 ris.
238 4843 298 4912 liic.
314 4841 350 4898 At
364 4841 433 4898 lun.
450 4840 605 4913 propbetas,
620 4838 766 4912 apostolos,
783 4837 928 4901 Christum.
943 4842 968 4882 ⁴⁴
982 4843 1057 4900 Deus
1074 4838 1162 4898 Semi.
1179 4837 1289 4895 oberth.

862 4939 1109 5006 Commentarius.

202 5042 261 5114 (ta)
273 5044 311 5100 lie
325 5044 408 5115 enjus
420 5046 526 5100 utitur.
541 5041 679 5099 Deiectiva
690 5043 792 5103 locutio
807 5061 814 5100 :
831 5044 960 5102 subaudi·
975 5066 999 5145 υ
1013 5045 1047 5104 de
1060 5041 1224 5124 Proscript.
1238 5038 1302 5098 ndu.
1319 5038 1389 5097 hoer.
1404 5055 1467 5113 cap.
1480 5041 1508 5096 7.
1531 5039 1600 5097 l’nn.
1619 5068 1655 5081 ·-
1664 5039 1816 5100 iloeretieo·

168 5122 211 5169 tur
224 5113 315 5194 remis,
338 5121 385 5193 aut
409 5113 513 5195 aliquid
539 5114 637 5170 simile.
665 5114 827 5186 Huiusmodi
843 5115 958 5173 termula
1013 5111 1272 5188 rompratrsaehae.
1291 5109 1322 5194 Iu
1339 5111 1452 5194 epistola
1474 5109 1724 5194 adGthsiphontem
1739 5113 1816 5169 hunc

167 5197 299 5241 sermonis
313 5193 393 5239 eham
407 5200 435 5238 m
450 5185 637 5267 superioribus
651 5184 726 5242 libris
748 5201 816 5242 usus
832 5195 883 5242 εει.
898 5188 957 5246 Ad·
1011 5183 1171 5242 Tertulliani
1192 5184 1280 5242 locum
1299 5190 1363 5240 citat
1382 5181 1461 5242 divus
1485 5181 1760 5255 Hieronymusldem
1785 5183 1815 5240 iu

166 5270 263 5313 unsar
279 5254 459 5322 Marcionem,
473 5257 523 5311 hb.
539 5256 602 5313 msi
610 5258 642 5311 in
656 5258 801 5327 creatoris,
816 5256 960 5331 inquitas·
1010 5255 1117 5314 Nahum
1128 5256 1284 5328 prophetam
1299 5268 1439 5328 exponens
1452 5252 1529 5320 illud,
1544 5254 1762 5328 exsilivitqoavi
1770 5257 1816 5311 nt·

167 5327 287 5400 cipitur.
308 5323 409 5381 liudem
424 5325 492 5382 libro
513 5342 520 5381 r
541 5329 735 5394 dtanortroe,
749 5327 847 5400 inquit,
865 5329 959 5401 partia
1014 5327 1123 5385 ulabant
1146 5344 1193 5382 :r
1223 5325 1321 5384 Omnia
1347 5325 1434 5395 euim,
1453 5324 1550 5395 inquit,
1571 5324 1700 5398 dogmata
1716 5338 1814 5382 eornm

166 5397 256 5471 possit
269 5397 381 5481 opponi.
396 5395 511 5522 harengi
522 5411 585 5452 mox
600 5397 732 5480 sequitur,
743 5414 806 5480 ‘nore
814 5400 910 5454 minor
918 5402 960 5458 εει
1012 5396 1144 5480 (loquitur
1156 5397 1191 5454 ιε
1205 5397 1348 5483 hereticis)
1369 5412 1431 5455 eum
1451 5395 1583 5480 ¹frigeant,
1598 5402 1627 5453 ct
1648 5394 1815 5480 'volarennon

168 5468 962 5625 hlothdttht.,titttthhhlhlh'h-
1013 5464 1766 5614 hhltoiththit.tihl¹¹hili‘⁴⁴⁴⁴
1784 5475 1816 5525 ⁰²

168 5609 240 5667 fesso
255 5610 327 5667 rstnd
343 5618 486 5669 tmetstnm
500 5609 622 5675 habetur,
642 5624 725 5682 snpra
739 5608 774 5666 ab
790 5619 898 5670 εεειοεε
912 5610 961 5668 lrb.
1483 5630 1485 5634 ’
