3840 6134
55 288 106 351 um
658 279 756 343 mnan
775 280 852 342 ιιι.
873 277 1110 341 unanocavan.
1652 287 1707 350 aaa
1822 364 1824 367 ⁸

55 413 120 482 lecit
132 411 184 486 qui
197 410 350 484 decoriul)
362 409 533 472 solummodo
548 423 692 481 appatens,
704 417 732 466 et
746 424 859 482 magnes
874 425 898 506 ss
912 418 954 465 est
966 409 1016 465 lles'
1024 405 1145 466 dentem
1157 410 1186 463 el
1199 423 1303 466 manns
1317 411 1406 467 umbra
1418 426 1469 485 per
1486 429 1558 485 quas
1575 420 1708 488 operatus

55 499 126 572 lupis
139 499 313 557 solummodo
333 499 567 572 appropinquans.
591 496 662 568 Quid
676 496 764 554 dmile
782 497 857 556 Deus
913 500 956 556 esi
969 513 1003 553 en
1017 514 1080 569 qaue
1101 497 1127 536 ⁵⁰
1144 499 1262 557 molitus
1276 504 1318 558 est
1336 501 1402 570 (lsc.
1427 517 1523 568 navus,
1547 504 1603 578 13).
1620 507 1708 579 Opere

56 586 194 646 fabricans
222 590 363 658 mundum,
389 597 416 645 et
444 589 527 646 decor
550 586 694 646 vulnerans
725 586 857 654 animum,
912 584 983 643 enim
999 602 1141 643 munuum
1157 587 1468 661 inerum,inquit,coeli
1482 592 1626 660 (Psolntr,
1643 594 1706 664 96),

56 681 101 734 ant
125 692 242 750 umynes
264 677 404 734 attrahens
426 675 552 732 iermmi
573 676 640 732 Nam
663 674 715 730 etsi
733 675 858 747 apparuit
911 678 1707 755 perqnaseimensnseslterrentelpclnmeoelnns⁵⁹llsa.

56 766 191 832 materiae,
206 765 255 823 sed
269 781 324 823 nou
340 764 488 824 vulneravit
501 764 586 833 illam,
601 763 674 836 quod
694 764 777 820 decor
795 762 857 818 ani-
911 775 960 831 xu,
976 764 1031 835 li).
1050 764 1112 822 Noli
1127 765 1162 821 its
1175 766 1200 805 ⁵²
1219 766 1276 824 Deo
1298 768 1410 835 adulari,
1426 775 1456 824 nt
1478 768 1548 826 velis
1559 770 1635 826 illum
1649 771 1710 828 solo

56 872 150 913 mam:
173 864 201 911 et
225 854 249 911 si
273 853 512 927 appropinquavit,
527 853 576 910 sad
602 868 657 910 non
679 852 792 921 eohaesi,
807 850 859 925 illi,
913 851 974 911 visu
996 861 1024 910 et
1038 855 1096 910 solo
1114 869 1225 913 amessa
1249 864 1288 914 tot
1311 863 1453 928 acwtantrs
1467 857 1633 915 substautias
1647 875 1710 932 pro·
1732 859 1735 863 ’

57 944 129 1018 quod
142 957 262 1016 magnes
275 942 361 1001 ierru.
384 943 452 1000 Puta
474 957 546 998 nnnc
567 941 691 1014 exempla
714 949 759 997 tua
782 954 859 997 eom·
913 941 1007 998 tulisse
1021 951 1049 999 et
1067 957 1121 999 non
1134 944 1255 1017 propriis
1278 945 1381 1002 viribus
1399 946 1555 1006 instituisse.
1579 948 1624 1004 Sic
1637 947 1710 1005 enim

57 1043 163 1107 petere.
180 1032 269 1098 Certe,
291 1032 315 1087 si
330 1031 485 1104 apparendo
500 1040 527 1088 et
541 1028 785 1103 appropinquando
800 1045 858 1086 ma·
914 1029 1075 1087 etleremias
1088 1032 1277 1090 commendat:
1296 1033 1368 1090 Dens
1382 1036 1491 1106 [acuns
1501 1040 1607 1093 terrene
1618 1037 1649 1092 in
1663 1052 1711 1093 oc·

57 1121 140 1188 leriae,
158 1119 276 1178 leuiter
298 1118 345 1176 illa
369 1120 443 1178 Dens
465 1122 606 1188 mundum,
630 1120 725 1192 utique
746 1134 780 1175 ex
804 1133 860 1191 qno
915 1117 1006 1176 lentio
1018 1135 1199 1194 sno,poruns
1219 1120 1312 1178 orbem
1331 1123 1526 1195 intellipeniie
1538 1141 1601 1191 suo,
1616 1131 1643 1181 ei
1662 1139 1712 1183 sate

58 1211 185 1284 apparuit
213 1207 288 1276 lecit,
320 1218 348 1266 et
374 1225 406 1265 ea
433 1224 489 1282 quo
521 1207 760 1282 appropinquavit.
789 1208 860 1281 Ergo
914 1207 1242 1265 sensnenlenrlitcoelnrn
1252 1208 1277 1247 ⁵³
1288 1210 1401 1278 (ierem.
1412 1225 1438 1266 ur
1451 1213 1579 1278 155Psul
1588 1213 1711 1285 ansul).

59 1298 168 1372 quaudo
184 1313 241 1354 non
263 1297 364 1355 lecerat
378 1305 460 1368 retro,
480 1314 532 1355 nee
555 1304 718 1370 apparuerat
740 1296 793 1365 illi,
809 1311 862 1354 uec
914 1289 963 1350 Hae
981 1304 1044 1352 sunt
1066 1296 1136 1355 vires
1151 1296 1218 1366 eius,
1243 1296 1341 1368 quibus
1356 1297 1461 1366 enixus,
1479 1308 1561 1357 totum
1577 1300 1629 1357 hoe
1643 1316 1712 1358 con-

61 1385 338 1460 rppropiuqunverat.
361 1386 395 1443 Bt
418 1386 461 1443 cui
483 1384 612 1445 credibile
628 1394 678 1453 est,
703 1385 791 1443 Deum
805 1400 861 1444 non
915 1384 993 1442 didit.
1012 1384 1101 1456 Hajor
1114 1392 1157 1441 est
1182 1383 1269 1459 gloria
1292 1385 1363 1457 ejus,
1382 1386 1404 1441 si
1429 1387 1572 1446 laboravit.
1590 1390 1713 1463 Denique

61 1474 222 1549 apparuisse
251 1473 391 1532 materiari
419 1475 464 1534 vel
491 1491 544 1548 qua
570 1473 793 1533 consubstantiali
807 1490 863 1532 sua
915 1477 1036 1548 septima
1046 1475 1092 1533 die
1102 1476 1240 1548 requievit
1248 1474 1282 1533 ab
1290 1475 1504 1549 operatorium.
1513 1494 1545 1548 11,
1554 1479 1594 1552 9).
1606 1478 1714 1536 Utrum-

62 1578 108 1637 per
125 1560 334 1621 eternitatem?
347 1563 382 1620 ab
409 1579 443 1621 ea
464 1563 549 1637 longe
568 1563 651 1623 luisse
673 1580 756 1637 quem
776 1564 863 1622 credi-
916 1578 1034 1635 quesne
1048 1577 1135 1621 more.
1159 1564 1214 1620 dut
1236 1562 1261 1619 si
1274 1579 1408 1635 apparens
1427 1566 1599 1625 solummodo
1612 1574 1641 1623 et
1661 1566 1713 1622 ad-

64 1667 120 1708 mus
140 1651 247 1726 ubique
264 1649 457 1725 ⁴⁸apparere?
468 1651 604 1709 enietiam
615 1651 769 1708 inanimalia
783 1660 810 1708 et
824 1651 863 1708 in·
917 1651 1100 1724 propinquans
1119 1649 1181 1708 iecit
1201 1653 1273 1708 bunc
1290 1653 1431 1721 muudum,
1447 1655 1568 1729 nunquid
1591 1671 1654 1713 eum
1668 1654 1712 1712 ia-

65 1740 215 1813 sorperulia
235 1741 292 1812 (92)
306 1740 401 1798 laudes
414 1751 514 1799 eanum
527 1741 601 1812 apud
614 1740 753 1799 Danielem
773 1742 860 1815 (Dan.
877 1720 900 1800 fl
915 1757 978 1800 cere
993 1741 1083 1812 desiit,
1100 1757 1195 1798 mrsus
1211 1738 1296 1799 ΜΟ
1312 1756 1442 1813 apparere
1459 1752 1487 1800 et
1500 1745 1714 1819 appropinquare

65 1831 114 1902 ιιι).
135 1829 264 1901 Quantus
281 1830 326 1887 bic
343 1829 421 1888 loeus
443 1830 473 1887 in
492 1826 574 1889 287
595 1846 650 1905 quo
667 1831 742 1888 Deus
763 1848 779 1888 a
800 1848 860 1888 ma·
915 1829 1054 1889 cessavit?
1068 1830 1168 1903 Atquin
1193 1830 1279 1903 magis
1302 1845 1432 1902 apparere
1450 1834 1550 1904 erepit,
1564 1843 1594 1891 et
1613 1834 1713 1906 ubique

67 1920 128 1976 uria
140 1924 251 1977 tantum
269 1919 396 1987 diambat,
410 1928 538 1992 utaequa
553 1927 694 1993 appareret
709 1936 797 1995 neque
812 1937 861 1994 ap·
914 1919 1053 1978 conveniri
1076 1920 1157 1986 Deus,
1177 1936 1211 1976 ert
1236 1935 1290 1992 qno
1313 1919 1400 1977 lactus
1418 1929 1459 1977 est
1486 1922 1614 1979 mundns.
1631 1921 1714 1980 Vides

67 2011 259 2084 propinquaret
273 2019 334 2067 ante
349 2011 443 2068 muudi
460 2010 653 2070 molitionem?
667 2011 766 2081 Credo,
779 2028 862 2083 pera·
914 2026 981 2084 ergo
999 2009 1228 2083 quemadmodum
1243 2010 1402 2083 operatione
1420 2010 1470 2068 Dei
1495 2011 1623 2069 universa
1644 2026 1714 2068 oon-

67 2101 186 2173 yriuatus
198 2106 243 2157 eat
257 2101 292 2156 sd
309 2096 382 2157 illam
397 2099 431 2156 de
444 2098 607 2175 longinquo,
623 2114 683 2160 eun
706 2101 822 2175 primum
836 2104 861 2159 ei
914 2100 1013 2159 sisium
1026 2098 1060 2166 ⁵⁵,
1076 2100 1202 2167 volentia
1217 2099 1338 2159 laciensis
1356 2104 1453 2158 terram
1469 2101 1538 2173 (99),
1551 2102 1714 2176 inlelliyen·

67 2188 147 2248 voluit
159 2203 294 2262 apparere
307 2199 334 2248 ot
349 2188 575 2264 appropinquare.
917 2189 959 2244 tin
973 2190 1093 2261 parantis
1106 2189 1210 2255 orbem,
1231 2196 1259 2245 et
1280 2205 1365 2247 sensas
1394 2189 1561 2247 extendentis
1583 2191 1682 2248 coelum
1710 2211 1715 2241 e
1833 2196 1837 2211 ⁴

515 2299 518 2305 Δ
915 2290 970 2334 uon
993 2275 1150 2351 apparentis
1176 2275 1365 2346 commmoda,
1385 2293 1436 2335 nec
1458 2279 1712 2351 appropinquantis,

356 2385 469 2447 CAPUT
487 2387 572 2446 XLV·
915 2363 963 2421 sed
992 2363 1144 2423 adhibentis
1165 2356 1255 2422 tanios
1282 2365 1365 2422 animi
1390 2365 1430 2423 sui
1468 2366 1552 2434 nisus,
1578 2367 1711 2439 sophiam,

781 2491 788 2505 .
908 2455 1071 2525 velandam,
1085 2469 1206 2522 sensum,
1230 2470 1393 2524 sermonem,
1417 2455 1552 2529 spiritum,
1573 2456 1714 2513 virtutem·

95 2544 131 2603 At
159 2544 236 2603 enim
265 2546 406 2618 prophetae
432 2547 592 2622 etapostoli
614 2563 670 2606 nou
697 2542 734 2606 it'a
757 2547 864 2604 tradunt
916 2560 978 2618 que
999 2540 1041 2603 illi
1064 2560 1119 2602 non
1144 2552 1221 2603 erant
1239 2545 1264 2583 ⁵⁵
1287 2544 1447 2613 necessaria,
1468 2544 1491 2602 si
1514 2546 1540 2586 ⁵⁵
1558 2547 1713 2618 apparando

67 2633 194 2690 nundum
217 2633 306 2690 alteo
338 2633 449 2703 lactum,
473 2646 622 2711 apparente
643 2635 814 2693 solummodo
837 2642 864 2693 et
919 2634 1105 2691 tantummodo
1121 2642 1149 2690 et
1162 2634 1404 2707 appropinquando
1418 2634 1556 2706 proiectus
1570 2634 1664 2692 luisset
1677 2636 1713 2696 ⁵⁵.
1827 2666 1830 2671 Α

64 2723 302 2796 appropinquante
328 2725 455 2792 maurim,
479 2725 526 2798 qni
545 2741 595 2783 nec
617 2725 757 2782 materiam
783 2725 864 2781 ullam
917 2723 1317 2782 Haecautemsuntinuisibilio
1332 2725 1393 2790 eins
1408 2725 1476 2797 (94),
1492 2741 1554 2798 qnae
1567 2726 1713 2782 secundum

65 2809 283 2877 nominaverunt,
304 2811 353 2867 sed
374 2813 462 2885 primo
492 2812 622 2886 Sophiam
644 2812 780 2871 conditam
804 2814 864 2870 ini·
918 2811 1715 2885 apostolumolinstitntionemnndi⁵⁸delactisejuscon·

63 2901 173 2960 ιὶιιιιι(9
183 2903 300 2960 marum
314 2902 347 2958 in
360 2918 446 2976 opero
458 2904 550 2977 ipsius
561 2904 653 2975 (Pron
664 2903 785 2976 vistai)
798 2920 805 2956 ι
820 2901 866 2960 dc-
919 2904 1086 2976 opimantur
1100 2902 1189 2974 (Hom.
1210 2918 1240 2969 u,
1256 2905 1313 2973 20),
1328 2916 1384 2959 oon
1402 2905 1522 2960 materia
1537 2904 1627 2962 mscio
1641 2920 1714 2978 quae,

61 2989 127 3046 binc
142 2997 172 3046 et
185 3005 344 3048 sermorecm
358 2990 504 3064 prolatum,
516 3007 567 3065 per
581 3009 664 3066 quem
676 2992 774 3050 omnio
787 2991 866 3064 sacta
883 3006 905 3085 Β
919 2992 966 3048 sed
980 2989 1113 3047 sensualia
1126 2991 1221 3061 ipsius.
1241 2991 1307 3061 Quis
1318 2993 1397 3049 enim
1406 2996 1653 3065 coenovitsensem
1666 2996 1716 3056 Do-

68 3081 151 3144 sunt,
160 3081 259 3136 etune
271 3095 322 3152 qne
334 3081 447 3152 seclum
457 3081 583 3140 estnihil
592 3081 686 3153 (loon.
697 3096 717 3150 ι,
733 3082 771 3152 9).
786 3080 867 3138 Dani·
919 3079 1058 3138 minltlla
1072 3093 1126 3150 quo
1140 3077 1273 3136 exclamat
1283 3077 1307 3118 ⁵⁹
1318 3099 1325 3137 :
1338 3080 1536 3152 Oprotorrdnm
1546 3084 1716 3142 divitiorum

72 3180 130 3238 que
143 3170 330 3241 ammoneejes
340 3170 697 3242 coeliccnfirmitnsnnl,el
707 3172 814 3245 spirite
823 3173 867 3244 ip·
921 3175 950 3229 et
963 3167 1079 3242 soplrioe,
1088 3170 1123 3223 ut
1135 3166 1350 3225 ininventibilia
1356 3168 1469 3240 jndicio
1479 3172 1718 3241 ejunelininnes·

66 3255 283 3316 amonensis
293 3261 417 3318 virtutes
431 3275 528 3320 eornm
539 3261 626 3332 (Paul.
639 3274 745 3327 xxxnr,
763 3260 802 3334 6).
819 3259 869 3318 Hic
922 3258 1052 3331 liyniiles
1070 3255 1129 3330 (95)
1150 3257 1206 3315 oie
1228 3255 1311 3328 eiras!
1329 3256 1420 3326 (Hom.
1439 3271 1481 3324 ur,
1496 3258 1553 3330 33).
1575 3257 1646 3338 Quid
1660 3260 1717 3318 bac

757 3383 854 3450 Varie
874 3387 1031 3449 lectiones.

100 3487 258 3563 ausuque
273 3491 336 3547 det.
351 3488 376 3530 ⁴⁹
399 3491 481 3550 lnitia
509 3492 702 3550 discedenti.
721 3490 837 3550 Olserlls.
861 3490 887 3530 ⁵⁰
910 3489 998 3563 Atque
1026 3488 1135 3548 molitus
1153 3488 1241 3547 llben.
1258 3490 1345 3549 Semi.
1367 3491 1476 3549 Obertlr.
1495 3491 1519 3530 ⁵¹
1547 3492 1675 3549 lilrenen.
1690 3495 1718 3549 el

61 3560 1463 3694 tumultir'stricti“ulciscereturirstllast.⁵lat.ttftu..⁵iltr
1476 3563 1719 3692 {attelini

898 3676 906 3693 ·
1581 3650 1616 3705 pp

66 3704 172 3764 Obertb
186 3721 255 3762 cnm
267 3705 333 3763 iisd.
349 3703 373 3745 ⁵⁵
388 3706 485 3767 Abesse
502 3706 598 3763 lubset
624 3708 693 3766 nult.
710 3709 773 3764 but.
785 3707 811 3745 ⁵³
824 3709 865 3764 lle
887 3721 946 3767 non
959 3708 1046 3765 inser.
1075 3704 1165 3764 enen.
1180 3719 1231 3763 nee
1255 3707 1353 3777 Semi,
1368 3721 1422 3763 nec
1437 3706 1547 3765 Obertlr.
1573 3706 1598 3747 ⁵⁹
1612 3706 1646 3764 Et
1660 3705 1719 3763 cla·

65 3785 123 3833 mat
139 3794 147 3832 :
163 3775 332 3849 profundum
343 3797 351 3848 3
364 3776 451 3835 iidem
462 3780 574 3852 pariter
589 3779 640 3852 icy.

772 3876 1022 3942 Commentarius.

104 3980 165 4052 (tlt)
179 3981 261 4038 sicat
275 3981 348 4052 tacit
364 3982 415 4054 qui
437 3983 529 4041 moer.
545 3982 577 4041 ld
597 3992 649 4053 est,
664 3983 762 4057 aliquis
776 3985 869 4040 decor.
924 3989 950 4037 ot
973 3980 1108 4047 Hultinns,
1134 3981 1182 4038 lib.
1203 3994 1236 4049 ιι,
1260 3982 1323 4039 ude.
1349 3982 1553 4054 Hieronymum.
1575 3983 1626 4041 Cui
1648 3983 1720 4040 idem

66 4051 122 4114 Sed
145 4051 200 4108 boc
222 4053 257 4107 ab
279 4053 410 4110 Rhenano
442 4061 496 4111 est.
518 4054 586 4111 Nam
616 4064 696 4112 antea
717 4055 870 4128 legebatur.
925 4051 1107 4125 Hieronymus
1126 4054 1281 4124 respondet,
1304 4053 1435 4126 quidquid
1457 4056 1492 4113 de
1519 4070 1554 4112 eo
1575 4056 1629 4111 seri
1650 4064 1723 4112 serat

70 4121 178 4180 «radi
198 4122 264 4196 qnid
292 4122 375 4181 decor
393 4122 563 4184 solummodo
584 4141 728 4200 apparens.
756 4146 768 4177 r
791 4124 870 4195 Quod
922 4139 973 4181 sua
993 4122 1181 4203 iulianiclem
1201 4122 1366 4196 praelatione,
1390 4140 1424 4182 er
1445 4126 1613 4183 sententiali
1650 4142 1722 4183 raco-

67 4203 178 4251 rectnm
206 4201 259 4250 est.
278 4195 367 4252 Decor
392 4194 562 4255 solummodo
584 4211 717 4270 apparens
735 4197 800 4255 lacit
817 4197 870 4252 ali·
925 4210 984 4249 rum
1008 4192 1116 4249 drxisse.
1142 4192 1236 4262 Ouidi
1255 4197 1329 4268 qnod
1349 4195 1421 4253 idem
1445 4195 1623 4269 Hieronymus
1640 4198 1722 4271 epist.

107 4265 147 4332 id,
163 4264 215 4322 boc
237 4273 278 4323 est
294 4268 417 4323 vulnerat
440 4269 570 4336 animum,
584 4277 615 4324 ut
636 4268 696 4342 ipse
721 4284 785 4326 mos
799 4268 871 4324 dicet
925 4267 958 4322 ad
985 4264 1182 4320 Demetriadem
1209 4264 1244 4319 de
1273 4265 1432 4341 Virginitate
1451 4271 1591 4336 servanda,
1608 4270 1671 4325 citet
1688 4283 1721 4325 ex

91 4337 226 4402 nereuns,
242 4351 290 4396 tr:
886 4317 1011 4409 ssipsins
1028 4335 1121 4406 hymni
1143 4334 1300 4417 praemissis,
1347 4352 1389 4393 uae
1411 4339 1537 4397 similiter
1554 4341 1586 4421 ¹in
1608 4339 1724 4396 Hebraeo

102 4451 156 4503 sod
173 4458 257 4502 mn
270 4460 324 4504 mo
337 4452 392 4518 im
408 4455 540 4520 quumvis
553 4455 604 4507 om
619 4453 723 4517 bonnm,
927 4423 981 4466 non
1006 4408 1150 4470 habentur,
1178 4405 1243 4463 tllnd
1270 4354 1344 4478 quoa
1369 4424 1513 4467 succensus
1538 4418 1572 4465 stt
1595 4411 1667 4483 ignis
1688 4412 1723 4467 ts

102 4515 151 4567 cui
165 4513 270 4566 vem,
286 4517 459 4571 mmmm
472 4519 590 4572 omnibus
604 4518 763 4578 „homan
778 4522 825 4568 em·
928 4478 1090 4549 cubitorum,
1119 4476 1263 4548 Quomodo
1287 4477 1368 4534 etiarn
1391 4479 1421 4533 B.
1454 4480 1633 4553 Augustinus,
1656 4481 1723 4537 illud

773 4597 836 4654 r...
928 4549 1262 4693 adsumuntur·
1282 4546 1527 4693 titularet
1541 4566 1612 4606 ι

110 4693 171 4766 (99)
181 4693 362 4754 Inunimnlio
376 4700 405 4755 et
418 4699 621 4772 incorporalia.
637 4697 740 4756 alludit
752 4696 787 4752 ad
799 4696 876 4768 bym·
964 4693 1022 4764 (93)
1034 4662 1484 4763 ιἀιειιιίαῙαιιιπίίιιενναιη,οιο.
1494 4688 1622 4749 ieremias
1632 4704 1669 4758 ut,
1678 4704 1724 4748 ro·

72 4782 140 4821 num
176 4765 258 4822 trium
287 4783 433 4840 puerorum
460 4771 529 4826 Han.
557 4785 587 4826 ιιι
623 4771 699 4841 Juxta
729 4767 875 4824 editionem
929 4779 975 4820 ces
989 4763 1093 4820 Graecae
1115 4768 1230 4832 snntrq
1257 4765 1332 4832 loyor,
1352 4767 1383 4837 τῇ
1404 4764 1523 4839 eupiunt
1545 4763 1645 4816 συνέσει.
1673 4761 1725 4819 Pro

71 4837 291 4904 Tbeodotionis3
308 4855 372 4895 nam
396 4842 425 4895 lu
454 4839 569 4898 Hebraeu
601 4856 656 4898 non
682 4841 774 4898 baberi
803 4846 875 4898 rocta
928 4833 1174 4916 quibua'transtnlit
1187 4843 1215 4917 et
1235 4834 1278 4891 bic
1294 4845 1321 4892 et
1335 4838 1415 4908 paulo
1448 4845 1491 4892 ost
1504 4843 1608 4917 auctor,
1622 4835 1724 4892 oulen·
1837 4875 1841 4881 -

72 4909 213 4965 annotavit
226 4909 258 4965 H.
274 4909 465 4983 Hieronymus.
487 4912 616 4969 liumdem
633 4912 715 4968 etism
728 4911 793 4968 citat
805 4926 874 4968 exo·
931 4909 1013 4978 lium,
1028 4905 1057 4962 td
1079 4913 1131 4974 cst,
1154 4905 1348 4965 lorutudinom.
1364 4853 1580 4981 intelligentiam,
1602 4922 1722 4964 sensum.

71 4980 222 5050 molegesis
242 4980 321 5037 titulo
335 4981 403 5038 HC
441 4983 533 5039 rianus
548 4983 623 5041 libris
637 4983 774 5056 deceptis
797 4990 825 5038 et
843 4982 877 5040 ds
928 4980 1001 5036 Part.

75 5052 211 5110 Oratione
236 5053 395 5111 Dominicis.
445 5055 472 5110 ni
495 5055 548 5113 loci
562 5054 711 5112 unnomndi
733 5068 784 5128 pro
810 5052 875 5112 dicti
965 5051 1022 5122 (tlt)
1044 5048 1201 5106 Invisibilia
1223 5051 1296 5122 ejus.
1320 5058 1371 5107 etc.
1395 5051 1458 5118 Pro,
1484 5050 1627 5108 invisibilia
1640 5050 1691 5108 Dei
1710 5067 1726 5108 a

75 5122 171 5177 bmni
194 5123 326 5181 mncniea
348 5126 520 5192 anctoritate,
544 5143 625 5199 quam
653 5128 735 5185 etiam
758 5124 877 5183 Ecclesia
929 5121 1027 5181 mundi
1041 5121 1175 5179 creatione
1189 5120 1319 5181 creaturis
1341 5123 1478 5182 intellecta
1492 5125 1626 5182 videntur.
1645 5124 1725 5183 Hom.

76 5139 115 5248 uir
128 5193 235 5260 tribuit,
259 5193 289 5249 iu
303 5210 357 5267 qua
380 5211 434 5253 nou
449 5198 529 5254 modo
544 5214 615 5255 nuno
628 5197 657 5255 iu
675 5197 792 5254 sabbatis
807 5212 875 5269 qna·
931 5199 961 5253 t.
978 5194 1017 5249 lm
1027 5193 1079 5275 l'a.⁸
1224 5265 1230 5276 ι
1314 5265 1320 5277 .

77 5272 138 5320 tuor
162 5273 329 5338 temporum,
349 5267 397 5322 sed
416 5267 452 5323 ab
479 5268 555 5326 initio
575 5269 709 5327 nascentis
736 5268 874 5337 Ecclesia,
966 5264 1725 5340 (esttnineentilitmjndmioejns,etininontiyuliles

78 5349 187 5407 semper
209 5339 237 5393 in
259 5337 335 5394 omni
357 5338 528 5397 solemnitate
549 5341 578 5396 in
594 5342 677 5397 sacris
690 5338 809 5397 fidebam
824 5339 877 5396 de·
931 5343 985 5394 etc.
1014 5321 1129 5407 Quando
1162 5337 1334 5407 pertinaciter
1361 5337 1533 5395 conseminat
1565 5338 1727 5406 exemplaria

77 5416 210 5464 canutum
233 5407 320 5467 laissa
339 5408 419 5466 trium
436 5426 588 5538 puerorum
610 5412 750 5484 hymnum,
770 5414 875 5469 tostam
931 5423 993 5482 qum
1006 5409 1125 5468 vidimus
1145 5407 1246 5478 omnia,
1270 5409 1386 5466 arbitror
1406 5408 1605 5468 ininventibilia
1626 5408 1727 5464 dictum

456 5521 465 5548 9

78 5483 121 5534 tur
133 5478 306 5554 Augustinus
319 5483 435 5538 sermi
480 5482 513 5542 de
532 5485 661 5556 Tempore
678 5484 737 5555 (qui
755 5483 881 5541 eumdem
934 5480 1047 5554 perinde
1061 5497 1092 5536 ae
1105 5477 1129 5536 si
1149 5479 1226 5538 dicas
1240 5479 1478 5554 incompertibilia,
1498 5495 1595 5552 nempe
1612 5493 1672 5559 quse
1687 5479 1729 5534 in·

78 5550 159 5608 etism
172 5551 333 5609 nominatim
352 5550 473 5626 citatep.
487 5557 550 5626 186,
566 5555 599 5615 de
612 5556 725 5629 ieiunio
744 5553 878 5630 Sabbata),
933 5551 1020 5612 veniri
1038 5558 1184 5625 nequeant,
1208 5557 1234 5608 et
1255 5551 1384 5625 maresci
1404 5550 1548 5626 quamlibet
1565 5557 1728 5622 unmtamur,
