3840 6134
129 286 198 347 1175
683 283 727 343 tit
746 282 891 344 deuotus
910 279 1130 343 ussttutttsttt
1149 278 1257 341 opust
1704 275 1776 336 1176

127 430 210 491 quem
237 419 352 481 uocant,
376 426 511 485 quemque
541 417 636 483 putant
663 426 795 467 summum
828 410 920 480 deum,
939 422 963 501 Α
979 406 1087 474 ricidio,
1102 406 1137 461 de
1156 403 1305 474 adulteriis,
1325 403 1360 459 de
1382 401 1509 460 obscenis
1529 401 1645 465 actibus,
1664 400 1773 460 1117

128 503 235 576 quando
248 509 327 557 uatus
340 509 391 566 est,
407 516 423 555 a
436 499 627 557 constitutione
640 498 734 555 mnndi
749 505 824 554 erant
837 498 869 553 ad
885 499 922 553 il·
979 498 1013 554 de
1027 496 1110 553 rebus
1124 510 1180 551 non
1198 495 1295 561 aiieo,
1311 492 1358 549 sed
1372 492 1406 547 ab
1420 491 1575 577 hominibus
1589 489 1776 547 immundissi-

128 590 300 662 ludtempns
315 589 377 644 anni
405 588 488 645 ferme
510 589 561 644 tria
584 587 676 646 millia.
694 586 747 648 ilic
768 587 797 643 iu
816 587 925 645 Graecia
977 586 1030 642 mis
1053 592 1079 641 et
1105 581 1338 640 truculentissimis
1365 579 1528 648 commissis,
1557 580 1604 651 qui
1633 579 1657 634 si
1684 586 1778 637 essent

129 676 248 733 nascitur
264 677 298 732 de
311 676 428 732 Saturno
450 685 477 733 et
490 675 558 748 Ope.
582 676 615 731 lit
633 692 668 733 ne
683 691 699 732 a
717 685 792 748 patre
813 673 926 732 interfi-
978 675 1007 732 in
1018 675 1059 731 his
1073 673 1250 746 temporibus,
1267 671 1393 728 omnibus
1407 669 1515 744 legibus
1528 669 1569 725 rei
1589 669 1776 739 subjacerent,

131 776 250 838 ceratus,
265 772 311 820 aut
325 764 348 821 si
362 763 403 820 fas
418 772 460 820 est
474 765 573 837 dicere,
588 766 679 822 denno
694 771 844 836 pareretur,
860 757 941 821 Cre?
979 780 1040 836 quae
1060 762 1144 819 multo
1157 761 1295 832 iustiores,
1311 769 1339 817 ct
1353 758 1515 828 severiores,
1530 775 1610 832 quam
1623 765 1700 814 actus
1715 758 1777 814 iilo·

132 867 185 913 tam
201 856 317 925 delatus,
330 855 445 912 consilio
459 856 553 912 matris
567 856 595 910 ia
618 864 695 912 antro
711 855 782 912 Idaeo
797 856 926 926 nutritur,
980 854 1066 910 rum‘l
1080 854 1185 908 Patrem
1207 849 1288 906 armis
1303 849 1421 922 pulsavit
1436 865 1443 905 ε
1459 847 1502 904 lex
1515 846 1633 903 Falcidia
1646 847 1673 903 et
1698 847 1775 903 Sem-

131 962 148 1002 a
162 945 287 1002 Cretihus
306 944 345 1017 (l)
369 944 523 1000 bominibus
547 944 617 1001 natis
643 961 718 1001 arma
740 944 929 1018 quatientibus
980 941 1076 1015 pronis
1093 938 1253 1012 parricidam
1269 939 1297 994 in
1311 938 1389 994 culeo
1402 953 1464 993 cum
1479 935 1543 991 feris
1557 935 1664 1007 ligaret.
1682 938 1718 991 Et
1732 953 1778 992 so·

132 1034 296 1103 occultatur,
315 1048 402 1105 caprae
415 1035 496 1088 ubera
510 1034 594 1107 sugit,
609 1035 689 1104 cuius
703 1033 843 1090 excorialae
857 1033 928 1105 pelle
981 1047 1058 1087 rores
1071 1031 1191 1101 eorrupit
1206 1046 1213 1083 :
1229 1029 1271 1084 lex
1286 1025 1396 1100 Pupinia
1417 1025 1542 1082 omnibus
1556 1025 1646 1098 poeois
1660 1042 1712 1098 per
1725 1026 1778 1081 sin-

133 1121 354 1192 amictusutitur,
369 1121 664 1178 nutricissuaescilicet
681 1121 928 1179 aseiuterfectae:
982 1119 1045 1193 gula
1070 1118 1190 1174 membra
1221 1117 1351 1190 probrum
1376 1115 1494 1187 puniret.
1524 1113 1667 1169 Candabia
1691 1112 1778 1170 aliena

133 1213 182 1271 sed
204 1222 257 1268 tres
277 1210 416 1268 cincinnos
439 1226 535 1268 aureos
557 1209 582 1267 ei
605 1211 698 1277 assuit,
723 1219 829 1268 centum
848 1213 930 1268 bourn
981 1207 1100 1263 invasit:
1116 1206 1161 1261 lex
1174 1205 1245 1261 iulia
1264 1203 1414 1260 adulterum
1440 1219 1520 1258 suum
1541 1202 1631 1274 capite
1646 1201 1776 1259 afficeret.

133 1300 256 1373 singulos
278 1299 396 1371 pretium
426 1299 567 1367 valentes,
595 1299 662 1356 sicut
684 1299 807 1355 meminit
835 1307 931 1356 auctor
983 1296 1085 1352 Pueros
1107 1295 1241 1368 ingenuos
1263 1292 1452 1349 attaminarit:
1474 1293 1517 1348 lex
1542 1290 1670 1348 Cornelia
1692 1300 1777 1347 trans-

135 1405 229 1444 eorum
244 1388 386 1454 Homems,
407 1388 517 1446 credere
531 1389 555 1443 si
578 1403 688 1461 aequum
707 1395 757 1445 est.
773 1387 823 1445 iiic
841 1387 931 1444 adulta
984 1385 1071 1459 gressi
1086 1382 1195 1442 foedcris
1209 1382 1337 1438 amissum
1361 1381 1440 1437 noris
1461 1380 1592 1454 exemplis
1611 1379 1677 1439 novi
1693 1381 1780 1438 coitus

137 1485 213 1534 aetate
235 1492 296 1533 cum
318 1484 394 1549 patre
408 1477 485 1532 annis
508 1476 690 1550 compluribus
712 1477 812 1532 bellum
833 1476 930 1549 gessit,
985 1473 1148 1544 sacrilegum
1168 1473 1315 1528 damnaret.
1331 1471 1379 1527 iiic
1403 1485 1453 1526 nec
1466 1469 1780 1527 divinitatemhabuisse

136 1565 283 1639 superarit,
306 1564 453 1637 parricidio
468 1565 580 1623 domum
598 1565 704 1630 invasit,
722 1579 829 1621 sorores
843 1563 931 1634 virgi·
987 1563 1161 1619 ostenditur:
1178 1569 1235 1617 erat
1257 1561 1330 1616 enim
1353 1561 1453 1631 homo,
1469 1558 1546 1615 latuit
1560 1574 1624 1616 eum
1645 1557 1712 1629 fuga
1737 1575 1781 1630 pa·

136 1672 184 1712 uos
198 1655 338 1728 stuprarit,
355 1669 562 1727 quarumuuam
577 1655 604 1710 in
620 1654 756 1711 connubio
775 1653 866 1726 elegit,
882 1667 933 1724 pa·
987 1649 1045 1706 tris.
1066 1649 1134 1706 Huic
1152 1650 1198 1705 tali
1222 1649 1335 1717 homini,
1356 1657 1409 1704 tam
1433 1646 1550 1704 nefando
1565 1647 1634 1719 regi,
1659 1654 1716 1702 tam
1736 1649 1782 1705 ob-

132 1752 206 1801 trem
224 1744 307 1799 armis
328 1742 431 1815 fugavit
446 1759 452 1798 ς
469 1753 566 1798 caetera
579 1751 667 1799 autem
682 1741 848 1798 actus-illius
861 1740 930 1796 scri·
986 1755 1068 1796 sceno
1083 1746 1191 1809 tamque
1205 1737 1319 1805 crudeli,
1334 1737 1385 1792 Dei
1406 1735 1561 1810 assignatus
1579 1745 1622 1792 est
1636 1737 1726 1793 honos
1751 1736 1783 1791 ab

138 1840 184 1903 pta
198 1839 271 1887 sunt.
287 1831 326 1885 lix
341 1829 482 1885 connubiis
493 1829 606 1897 alienis,
621 1839 666 1885 aut
680 1829 832 1904 virginibus
846 1829 932 1887 riola·
985 1827 1150 1898 hominibus,
1173 1827 1219 1900 qui
1243 1826 1335 1898 utizpue
1363 1842 1424 1882 cum
1448 1825 1483 1882 sit
1497 1826 1524 1881 in
1550 1832 1626 1881 terra
1653 1836 1745 1898 natus,
1759 1834 1784 1881 et

137 1919 183 1984 tis,
200 1918 270 1974 filios
284 1916 335 1973 sibi
350 1916 488 1973 adulteros
506 1919 658 1990 generarit,
681 1934 780 1991 pueros
794 1919 929 1990 ingenuos
986 1933 1036 1990 per
1053 1916 1216 1972 incrementa
1239 1923 1347 1972 etatum
1366 1913 1482 1984 adultus,
1497 1913 1524 1970 in
1546 1930 1600 1986 qua
1616 1913 1712 1971 omnia
1728 1915 1783 1970 baec

137 2005 312 2071 attaminavit,
335 2005 474 2076 tyrannico
497 2004 636 2078 regalique
659 2006 774 2078 imperio
797 2005 934 2080 oppressit
987 2007 1057 2062 mala
1066 2005 1187 2072 admisit,
1203 2012 1230 2061 et
1252 2004 1333 2061 modo
1356 2019 1410 2060 non
1433 2003 1469 2058 sit
1483 2004 1511 2059 in
1526 2019 1568 2070 ea,
1594 2003 1660 2075 quid
1677 2011 1786 2076 putatus

138 2093 255 2168 populos
266 2093 324 2150 sine
334 2094 395 2165 lege
413 2107 419 2144 ι
435 2094 507 2149 hunc
523 2100 607 2162 pater,
618 2110 698 2167 quern
708 2093 839 2150 initialem
853 2094 934 2150 deum

138 2181 224 2237 fuisse
249 2181 393 2253 opinantur
420 2192 558 2253 errantes,
583 2183 665 2239 celeri
692 2183 720 2239 in
745 2182 833 2238 insula
855 2183 935 2239 Creta

138 2269 296 2344 ignorarit3
316 2267 388 2325 filius
410 2284 526 2342 quoque,
546 2285 627 2341 quem
649 2270 829 2343 potentiorem
853 2270 934 2326 deum

140 2359 263 2425 credunt,
278 2356 401 2432 fugatum
415 2374 431 2413 a
444 2374 474 2413 se
490 2365 591 2430 patrem
603 2357 688 2414 latere
703 2358 730 2413 in
745 2358 822 2414 ltalia
836 2359 932 2416 nescit:

140 2448 164 2504 ai
179 2456 237 2504 erat
250 2447 278 2501 iu
293 2447 373 2512 coelo.
389 2461 437 2502 cur
451 2461 506 2503 nou
522 2445 628 2503 videbat
642 2445 708 2518 quid
719 2445 747 2501 in
762 2447 838 2503 ltalia
851 2463 935 2520 gere-

989 2093 1040 2150 nisi
1054 2102 1187 2162 mortuus,
1203 2102 1249 2150 aut
1271 2092 1393 2165 uunquid
1413 2100 1487 2166 putat
1507 2092 1607 2149 stultus
1630 2108 1709 2148 error
1722 2108 1787 2162 pen·

989 2196 1038 2239 nas
1052 2182 1077 2238 ei
1092 2190 1168 2238 natas
1181 2182 1209 2238 in
1232 2188 1377 2249 senectute,
1393 2181 1465 2237 unde
1485 2181 1519 2236 ad
1536 2182 1636 2238 coelum
1660 2181 1786 2238 volaret?

989 2270 1042 2327 Sed
1057 2279 1172 2343 possunt
1185 2277 1212 2326 et
1233 2272 1293 2326 haec
1306 2271 1415 2326 credere
1438 2269 1526 2326 orbati
1544 2285 1625 2325 sensu
1649 2270 1785 2339 homines,

990 2359 1014 2416 si
1028 2361 1118 2421 lamen
1132 2359 1246 2417 credunt
1259 2375 1321 2416 eum
1338 2356 1445 2415 1118
1459 2374 1577 2431 cygnum
1597 2356 1702 2414 lactum
1717 2373 1787 2422 esse,

991 2457 1021 2504 ut
1032 2456 1176 2520 generaret
1196 2447 1342 2516 Castores;
1367 2456 1394 2504 et
1417 2449 1544 2520 aquilam,
1569 2455 1599 2503 ut
1617 2447 1790 2504 contamina·

141 2537 239 2593 retur‘l
252 2537 314 2593 Non
328 2536 401 2592 enim
418 2536 446 2591 in
470 2535 570 2609 angulo
584 2542 626 2591 est
647 2543 718 2591 terra
730 2534 816 2594 ltalia.
839 2535 936 2607 Quan·
992 2546 1033 2593 ret
1047 2537 1248 2610 Ganymedem
1265 2543 1292 2594 et
1310 2546 1427 2608 murum,
1442 2547 1472 2593 ut
1494 2536 1606 2594 violaret
1631 2537 1789 2610 Europam

142 2642 223 2699 quam
236 2625 259 2682 si
272 2625 366 2682 fuisset
378 2625 456 2695 deus,
479 2626 563 2681 latere
578 2640 639 2681 eum
655 2623 721 2681 nihil
733 2625 849 2682 debebat
865 2643 872 2680 :
894 2626 936 2683 la·
991 2641 1097 2693 aurum,
1113 2632 1143 2682 ut
1163 2626 1275 2683 violaret
1292 2627 1422 2696 Danaen,
1444 2635 1470 2682 et
1494 2642 1606 2698 equum,
1629 2635 1659 2682 ut
1674 2641 1789 2698 genera-

141 2718 228 2774 tuisse
242 2724 332 2772 autem
347 2714 393 2781 ibi,
410 2731 491 2786 quem
510 2713 568 2770 itali
580 2716 725 2770 Saturnum
739 2716 936 2788 vocitaverunt,
992 2728 1032 2777 ret
1045 2720 1194 2776 Pirithoum
1207 2739 1215 2789 ;
1237 2719 1355 2791 hircum,
1374 2728 1404 2775 ut
1425 2729 1568 2793 generaret
1591 2719 1737 2794 Egyppam
1749 2720 1787 2789 (ι)

139 2800 245 2876 liquido
264 2803 440 2872 adprobatum
464 2810 548 2868 est,a
569 2802 649 2873 cujus
671 2801 820 2859 latitatione
844 2803 938 2878 lingua
992 2806 1026 2864 de
1041 2821 1140 2879 capra,
1156 2816 1286 2880 satyrum,
1312 2816 1342 2864 ut
1364 2809 1529 2881 opprimeret
1541 2807 1702 2880 Antiopam.
1717 2809 1790 2870 flaec.

143 2892 273 2962 Hesperia
285 2890 382 2946 Latina
396 2891 534 2946 nominata
547 2899 588 2946 est
610 2906 695 2962 usque
713 2891 741 2946 in
756 2892 916 2948 hodiernum
932 2909 940 2952 :
955 2878 978 2959 G
991 2897 1037 2970 qui
1051 2898 1182 2953 adulteria
1196 2906 1327 2970 spectant,
1347 2898 1381 2952 ad
1402 2914 1463 2970 quae
1484 2899 1563 2970 proni
1590 2905 1653 2952 sunt
1668 2908 1791 2970 peceato-

144 2980 216 3035 sicut
239 2978 319 3035 etiam
341 2985 433 3035 auctor
452 2993 544 3035 acrum
568 2978 700 3054 Virgilius
723 2980 848 3037 meminit
868 2981 936 3053 (tila

147 3082 214 3141 ergo
227 3065 255 3120 iu
270 3073 344 3135 terra
355 3073 500 3139 generatus
512 3065 618 3133 dieitur,
635 3066 698 3123 dum
711 3076 738 3124 et
752 3085 788 3126 ne
800 3069 834 3124 ab
847 3084 881 3125 eo
895 3085 940 3125 re-

62 3148 68 3158 '
145 3171 202 3229 guo
215 3153 331 3228 pellatur
346 3154 429 3224 ιιιιιθι,
444 3165 472 3212 et
491 3163 617 3228 tauquam
630 3157 756 3213 aemulum
771 3159 869 3230 quaerit
887 3173 939 3214 oe·

144 3258 216 3313 care,
233 3250 260 3300 et
277 3245 438 3315 subreptum
451 3243 538 3302 nescit
561 3245 653 3316 latere,
671 3254 698 3301 et
716 3255 811 3319 postea
825 3248 894 3303 deus
906 3246 940 3302 li·

146 3332 198 3389 lius
218 3339 324 3405 patrem
343 3332 525 3406 prosequitur,
548 3333 702 3390 interficere
715 3335 812 3406 quaerit
826 3335 941 3391 immor·

146 3420 208 3478 talis
223 3421 401 3478 immortalem
422 3421 630 3495 (credipotest),
650 3429 676 3478 et
698 3421 839 3478 interuallo
853 3422 942 3495 pelagi

147 3510 260 3581 fallitur,
276 3516 304 3566 et
316 3509 417 3582 fugisse
428 3510 543 3583 ignorat,
559 3517 585 3565 et
598 3525 659 3565 cum
670 3510 729 3565 baec
742 3518 887 3582 agerentur
901 3513 942 3566 in-

37 3624 45 3636 ·
148 3608 188 3656 ter
201 3601 270 3656 duos
283 3597 350 3655 deos
363 3599 392 3653 in
406 3598 504 3665 terris,
520 3599 619 3655 coelum
637 3597 775 3655 desertum
790 3608 842 3656 est.
857 3602 942 3658 Nemo

149 3687 353 3743 administrabat
368 3686 480 3757 pluuias,
506 3702 587 3743 nemo
606 3688 725 3754 tonabat,
745 3703 826 3744 nemo
839 3688 943 3760 guber-

149 3776 230 3831 nabat
244 3781 346 3829 tunam
359 3774 457 3829 molem
470 3773 553 3831 orbis.
568 3775 624 3831 Nec
638 3774 710 3830 enim
724 3787 837 3848 possunt
850 3778 942 3834 dicere

149 3869 241 3916 actum
256 3860 398 3916 illorumet
411 3859 480 3915 bella
495 3860 523 3914 iu
536 3862 606 3918 coelo
619 3877 678 3917 esse
693 3862 762 3921 facta
776 3882 783 3918 a
799 3864 858 3921 haec
871 3866 944 3922 enim

150 3949 179 4003 in
194 3954 284 4005 monle
303 3947 418 4020 Olympo
441 3947 550 4016 fiebant,
566 3949 593 4004 iu
616 3950 720 4007 Graecia
736 3971 743 4007 :
760 3953 806 4010 sed
821 3970 871 4012 nec
885 3971 942 4013 coe·

150 4035 207 4091 lum
221 4037 364 4109 Olympum
379 4036 420 4109 (3)
434 4047 555 4105 vocatur,
579 4038 678 4096 coelum
692 4042 764 4097 enim
778 4043 878 4101 coelum
892 4055 943 4104 est.

150 4125 190 4182 De
202 4126 299 4198 quium
314 4141 379 4201 ergo
395 4125 499 4182 actibus
513 4141 606 4184 eorum
621 4128 740 4202 primum
759 4134 945 4206 tractabimus,

149 4213 184 4271 de
199 4214 345 4283 nativitate,
361 4214 395 4271 de
415 4213 574 4284 latitatione,
598 4217 632 4274 de
644 4217 807 4292 ignorantia,
833 4223 867 4279 de
885 4240 948 4298 par-

993 3003 1049 3055 res,
1064 2987 1124 3043 ideo
1145 2985 1223 3043 facile
1241 2987 1373 3056 creduut,
1398 2996 1427 3042 ut
1449 2985 1582 3042 malefacti
1604 2986 1792 3042 auctoritatem

993 3083 1020 3133 et
1034 3075 1121 3132 omnis
1130 3075 1266 3148 spurcitia
1276 3077 1310 3132 de
1324 3073 1387 3132 ficto
1400 3074 1453 3132 deo
1471 3082 1639 3132 mutuentur.
1655 3075 1732 3130 Num
1744 3089 1791 3132 aaa

994 3174 1062 3230 tera,
1078 3180 1139 3237 qnae
1166 3165 1239 3221 credi
1265 3170 1380 3234 possunt
1408 3171 1483 3221 actus
1497 3163 1579 3231 illius,
1595 3179 1658 3233 quaa
1682 3171 1711 3220 et
1729 3179 1792 3220 sera

995 3262 1068 3319 sunt,
1089 3267 1203 3325 quaeque
1226 3253 1284 3308 sine
1300 3251 1535 3326 transfiguratione
1554 3267 1616 3307 eum
1630 3251 1712 3307 aiunt
1732 3269 1792 3328 ges·

994 3341 1073 3412 sisse,
1099 3357 1180 3412 qnam
1211 3342 1265 3397 siat
1286 3341 1466 3411 inemendata,
1492 3340 1734 3397 animadvertunt?
1756 3342 1793 3396 Ex

995 3428 1100 3487 Semele
1121 3438 1233 3504 generat
1255 3429 1393 3497 Liberum,
1409 3445 1440 3486 ex
1462 3430 1561 3487 Latona
1585 3429 1745 3501 Apollinem
1767 3436 1794 3485 et

994 3518 1117 3586 Dianam,
1132 3534 1166 3575 ex
1188 3518 1258 3574 licia
1280 3518 1452 3591 Mercurium,
1476 3534 1510 3574 ex
1534 3519 1665 3574 Alcmena
1689 3519 1793 3575 Heron-

996 3606 1059 3662 lem.
1072 3609 1108 3663 At
1129 3614 1239 3663 ceteras
1266 3608 1326 3676 ejus
1353 3607 1529 3679 corruptelas,
1558 3621 1625 3678 quas
1645 3606 1704 3680 ipsi
1715 3605 1796 3664 confi·

997 3705 1097 3765 lentur,
1113 3695 1177 3751 nolo
1191 3697 1380 3767 conscribere,
1395 3711 1430 3752 ne
1442 3711 1538 3753 rursus
1551 3695 1664 3752 foeditus
1678 3699 1737 3766 jam
1750 3711 1793 3753 se·

997 3784 1073 3858 pulta
1098 3783 1207 3840 auribus
1240 3792 1385 3841 renovetur
1408 3799 1416 3841 :
1441 3784 1489 3839 sed
1518 3785 1612 3839 borum
1645 3799 1795 3855 paucorum

997 3871 1158 3928 mentionem
1180 3870 1242 3941 feci,
1258 3887 1328 3944 quos
1347 3872 1452 3927 deeset
1474 3870 1548 3943 ipsos
1563 3871 1683 3927 eredunt
1705 3888 1796 3929 erran

998 3969 1048 4032 tes,
1068 3959 1171 4017 scilieet
1183 3961 1218 4015 de
1231 3961 1335 4017 incesto
1350 3968 1425 4032 patre
1437 3968 1594 4033 generatos,
1615 3960 1795 4027 adulterinos,

998 4050 1194 4122 supposititios,
1209 4057 1236 4106 ot
1258 4050 1344 4105 Deum
1358 4051 1502 4116 virentem,
1524 4057 1668 4118 aeternum,
1696 4048 1796 4122 sempi-

1001 4139 1071 4195 terni
1085 4137 1202 4194 numinis
1215 4137 1265 4210 (b),
1282 4137 1422 4208 praescium
1437 4136 1603 4206 futurorum,
1620 4136 1795 4204 immensum,

1002 4225 1100 4284 talibus
1114 4243 1174 4284 cum
1189 4226 1313 4283 nefandis
1326 4224 1484 4283 criminibus
1498 4224 1679 4283 diffuderunt.

821 4374 827 4381 '
844 4367 1091 4439 Commentarius.

185 4500 209 4640 pl
242 4499 378 4558 Cretibaa.
393 4499 473 4556 Ferte
491 4501 748 4558 Camulossesa.

197 4574 212 4625 2
231 4608 516 4629 .........
536 4573 695 4644 Latiumque
709 4572 799 4628 vocari

201 4642 307 4714 Maluit,
320 4641 363 4697 his
377 4641 504 4711 quoniam
518 4643 638 4698 latuisset
651 4651 724 4698 tutus
738 4644 766 4698 in
780 4645 846 4701 oris.

378 4713 486 4772 AEneid.
503 4713 521 4769 l.
541 4728 603 4785 vui,
618 4730 644 4771 e.
660 4716 712 4769 ³22
725 4718 755 4773 et
769 4718 831 4771 323.
855 4724 859 4740 ⁸

1035 4506 1074 4581 (3)
1091 4507 1248 4581 Olympum.
1263 4505 1346 4562 Forte
1364 4507 1505 4579 Olympus.
1520 4505 1608 4561 Susa.

1046 4581 1062 4634 f
1087 4581 1238 4652 Epyppum.
1251 4577 1331 4634 Forte
1346 4580 1492 4650 AEpipana.
1514 4576 1600 4634 Sutia.

1046 4653 1063 4705 5
1090 4650 1407 4722 sempiternirtuminis.
1418 4649 1499 4704 Forte
1505 4649 1600 4717 filiam
1610 4647 1701 4707 deest.
1713 4649 1798 4707 Sura.

1001 4720 1059 4776 lmo
1072 4721 1163 4794 potius
1178 4721 1245 4777 nibil
1257 4720 1354 4777 deesse
1366 4720 1480 4776 ridetur.
1496 4720 1567 4777 Eoo.
