3840 6134
82 306 154 369 1017
736 293 837 359 LIBER
856 293 900 356 bit
919 292 1068 357 tistitus.
1660 309 1741 375 1018.

79 433 210 507 quasdam
228 447 294 489 reno
315 431 344 488 in
361 446 452 488 serum
474 429 654 497 constitutas,
673 424 801 485 noritatie
821 438 874 482 uo-
888 433 913 514 Α
927 421 973 495 ιιι,
997 438 1031 480 ιιι
1059 409 1194 500 indignior
1219 431 1292 502 apud
1318 443 1366 488 vos
1396 430 1423 469 88
1449 430 1517 490 ιιιίο
1544 433 1675 496 alteratur
1701 437 1731 496 in

79 521 153 578 mine
175 522 308 589 incusant,
335 522 516 594 hocquoque
538 535 636 577 munus
659 524 742 576 etex
766 519 878 584 arbitrio
930 527 1029 569 1¹⁰¹¹³¹¹¹
1058 515 1218 574 ⁰b⁸0ltttndi
1243 517 1352 593 ιθιιιιῑιθ
1375 520 1410 587 ⁷⁹,
1423 530 1466 578 1118
1489 520 1572 581 etism
1593 525 1673 582 Petro
1695 541 1737 584 ιι

80 611 236 669 obeundum
258 626 320 667 esse
340 610 469 677 dicentes,
485 617 512 666 et
529 624 584 665 non
603 608 673 665 ultra
691 623 792 668 nonam
805 613 878 672 deti.
931 602 1001 660 ratic
1021 604 1175 676 deputanda
1198 607 1241 678 sit,
1275 606 1300 664 si
1322 608 1438 666 statione
1461 619 1526 668 tunc
1548 611 1657 671 iunctus
1677 625 1728 673 est.

80 702 208 767 nendum,
223 703 257 758 da
278 715 329 758 suo
350 699 453 757 scilicet
475 713 562 756 more.
578 698 634 757 Sed
657 699 730 772 quod
744 703 882 774 pertineat
932 690 1012 749 Venit
1033 693 1106 751 enim
1133 694 1167 752 88
1189 695 1261 752 exitu
1282 696 1403 764 1801111111,
1426 713 1505 769 ‘tuem
1528 706 1555 755 tt
1576 701 1601 756 ti
1622 717 1732 775 semper

79 791 114 846 nd
142 788 341 848 interdictionis
363 787 550 860 quaestionem,
574 787 659 844 semel
680 803 730 860 pro
753 790 881 850 omuibus
933 783 1139 839 8881111811οηιί
1171 791 1279 857 oporiet
1315 784 1375 844 eine
1405 785 1559 844 differentia
1590 789 1730 863 horarum,

79 879 171 938 causis
190 878 372 951 respondebo.
388 878 467 934 Nunc
490 877 525 933 ad
546 876 686 949 proprium
710 878 792 948 hujus
814 897 880 953 spe.
932 870 1093 942 impressius
1116 880 1279 931 lamentum
1302 876 1328 932 el
1343 876 1491 933 secundum
1504 875 1595 947 ipsum
1607 879 1733 937 stationis

79 968 131 1026 ciei
155 967 306 1033 articulum,
332 967 365 1022 de
389 965 470 1022 modo
498 965 628 1037 temporis
659 965 731 1034 dico,
755 967 789 1025 de
813 969 881 1043 ipsis
933 962 1092 1019 vccabulum
1114 964 1264 1023 addicimur
1284 965 1310 1005 88
1326 984 1333 1021 :
1349 981 1413 1023 narn
1432 973 1459 1022 et
1473 966 1574 1024 milites
1592 985 1731 1039 nunquam

80 1056 156 1130 prius
189 1056 427 1130 expostulandum,
455 1054 528 1112 uude
561 1055 630 1111 hanc
659 1053 775 1113 termam
809 1075 881 1118 nova
934 1048 1106 1108 immemores
1135 1053 1304 1119 sacramenti,
1329 1054 1418 1128 magis
1441 1055 1601 1115 stationibus
1626 1065 1730 1128 parent.

79 1147 240 1204 dirimendis
272 1144 432 1202 stationibus
459 1143 644 1216 praescribant.
667 1143 706 1215 Si,
736 1147 798 1218 quis
826 1148 882 1205 Pe·
934 1137 1025 1211 litque
1053 1140 1081 1195 ὶ11
1108 1157 1169 1197 eam
1192 1157 1278 1215 utque
1301 1141 1395 1199 horam
1419 1145 1576 1201 celebranda
1604 1161 1734 1219 pressura

81 1245 149 1301 trus,
174 1241 202 1291 et
225 1236 270 1308 qui
297 1250 359 1290 cum
379 1249 422 1299 eo,
448 1234 481 1289 ad
506 1233 600 1288 horam
624 1248 724 1289 aonam
752 1237 883 1295 orationis
935 1235 986 1295 est,
1003 1228 1031 1284 in
1055 1231 1145 1303 (ιιι81
1159 1247 1174 1286 ι
1188 1239 1264 1288 sexta
1286 1234 1495 1290 contenebratus
1513 1234 1588 1291 orbis
1608 1235 1733 1293 defuncto

80 1326 210 1397 templum
226 1323 385 1398 introgressi
404 1323 540 1394 leguntur,
560 1322 624 1395 quis
637 1322 705 1379 mihi
722 1326 844 1393 probabit
857 1326 882 1366 11
935 1316 1053 1374 Domino
1071 1319 1186 1391 lugubre
1204 1319 1266 1376 iecit
1285 1321 1416 1392 cilicium,
1436 1332 1467 1379 ut
1487 1329 1551 1380 tunc
1575 1333 1602 1379 et
1620 1340 1670 1381 nus
1687 1340 1735 1380 re·

81 1415 142 1471 illos
157 1430 189 1470 ea
209 1414 253 1470 die
276 1410 394 1469 statione
417 1411 535 1481 iunctos,
556 1420 586 1465 ut
608 1412 704 1467 horam
728 1429 828 1470 nonam
849 1416 882 1470 ad
935 1416 1071 1464 vertamur
1084 1409 1118 1463 ad
1138 1409 1345 1478 jucunditatem,
1360 1427 1423 1468 cum
1445 1418 1472 1469 ct
1494 1414 1611 1470 mundus
1634 1413 1735 1485 recepit

81 1504 228 1560 clausulam
248 1510 276 1558 et
293 1501 500 1572 expunctionem
522 1500 647 1557 stationis
663 1501 882 1574 interpretetur?
935 1496 1092 1552 claritatem.
1107 1497 1163 1554 Hoc
1181 1496 1204 1552 si
1227 1498 1314 1570 magis
1332 1499 1365 1556 ad
1389 1499 1546 1573 religionem
1563 1503 1633 1573 sapit
1653 1501 1736 1558 Chri-

80 1592 163 1664 htqui
183 1591 288 1648 iscilius
305 1591 426 1647 invenias
441 1590 553 1646 Petrum
572 1590 640 1645 hora
659 1599 733 1647 sexta
756 1592 883 1664 capiendi
934 1582 1059 1654 elianam,
1083 1585 1147 1642 dum
1169 1587 1255 1659 magis
1269 1588 1367 1644 Christi
1382 1589 1499 1662 gloriam
1521 1591 1647 1656 celebret.
1669 1605 1735 1661 1108·

81 1682 135 1739 cibi
156 1697 262 1746 caussa,
277 1680 353 1751 prins
368 1680 394 1734 in
415 1679 558 1751 superiore
579 1679 612 1733 ad
632 1679 764 1736 orandum
784 1696 881 1736 ascen·
935 1689 997 1729 sitm
1019 1688 1096 1745 aettue
1115 1689 1182 1729 ³01·ae
1205 1675 1328 1731 stationis
1346 1693 1380 1732 ex
1394 1677 1489 1734 eodem
1512 1678 1552 1734 rei
1571 1679 1667 1734 ordine
1685 1688 1737 1734 sta-

81 1769 168 1833 disse,
185 1785 239 1840 quo
258 1768 347 1840 magis
366 1777 441 1823 sexta
454 1767 507 1823 diei
529 1766 600 1823 finiri
619 1765 711 1825 cilicio
728 1766 793 1824 huic
814 1783 881 1841 pus·
898 1749 920 1826 Β
935 1771 993 1820 tum
1016 1761 1115 1837 figere,
1138 1771 1168 1819 ut
1188 1764 1345 1834 jejunemus
1368 1766 1402 1822 ad
1427 1781 1528 1833 serum,
1551 1774 1737 1839 exspectantes

84 1857 119 1911 sit
133 1858 201 1928 (32),
217 1872 277 1928 quae
298 1856 366 1912 illud
381 1856 537 1912 absolutura
558 1863 617 1925 post
634 1858 785 1913 orationem
805 1857 883 1914 vide-
937 1863 1045 1926 tempus
1070 1852 1218 1910 Dominicis
1240 1853 1386 1925 sepulturae
1408 1870 1468 1912 cum
1492 1855 1592 1927 ioseph
1617 1857 1737 1926 postula·

84 1944 175 1999 batur.
195 1945 288 2014 Porro,
304 1961 364 2000 cum
384 1944 412 1999 in
430 1944 525 2000 eodem
546 1945 737 2001 conmentario
751 1946 840 2008 Lucae.
856 1953 885 2002 et
937 1949 994 1997 tum
1016 1941 1113 1998 detulit
1131 1955 1241 2011 corpus,
1263 1951 1289 1998 et
1309 1942 1439 1999 condidit.
1456 1942 1522 1998 inde
1549 1951 1577 1998 et
1600 1942 1738 2016 irreligio·

84 2032 161 2088 tertia
175 2034 241 2089 hora
265 2033 395 2089 orationis
413 2033 620 2100 demonstretur,
636 2034 688 2090 snb
710 2051 764 2108 qua
782 2036 885 2107 Spiritu
937 2045 998 2086 sum
1012 2036 1053 2084 est
1065 2036 1127 2084 ιιιῑι
1147 2029 1309 2085 famulorum
1327 2029 1386 2103 (34)
1399 2045 1509 2087 carnem
1522 2029 1685 2103 refrigerare
1698 2031 1737 2103 88,

83 2126 177 2178 sancto
206 2120 314 2185 initiati,
340 2136 390 2190 pro
417 2121 500 2176 ebriis
526 2121 711 2191 habebantum
741 2129 769 2179 et
797 2132 884 2191 sexta,
939 2135 1018 2192 quam
1055 2118 1167 2175 domini.
1194 2118 1248 2175 Sed
1275 2119 1327 2175 hoc
1354 2134 1388 2177 ex
1416 2121 1441 2158 ⁸³
1473 2119 1750 2192 argumentationum

83 2225 136 2282 qua
164 2208 260 2264 Petrus
287 2207 456 2263 ascenditis
483 2209 638 2279 superiora3
665 2216 692 2265 et
719 2224 802 2279 nona,
832 2227 885 2284 qna
938 2205 1130 2279 provocatione
1157 2207 1349 2278 commiserim,
1372 2208 1542 2279 conjecturas
1564 2208 1740 2279 conjecturis,

84 2297 214 2367 tempium
229 2304 291 2350 sunt
305 2293 473 2366 introgressi,
484 2310 532 2351 cur
546 2308 600 2351 uon
614 2296 799 2369 intelligamus
811 2298 885 2355 salva
938 2301 967 2351 et
980 2302 1070 2351 tamen
1089 2295 1116 2334 88
1134 2302 1199 2366 puto
1222 2294 1399 2362 fidelioribus,
1415 2297 1611 2367 repercutiens.
1636 2296 1740 2353 Videa-

85 2384 165 2456 plane
187 2380 370 2448 indiiiepentia
393 2396 501 2452 semper
515 2390 543 2436 et
560 2382 662 2456 ubique
684 2389 711 2440 et
726 2385 800 2440 omni
816 2393 884 2443 tem·
937 2400 999 2441 mus
1024 2400 1058 2438 an
1082 2383 1181 2454 aliquid
1210 2383 1262 2438 tale
1287 2384 1367 2440 nobis
1393 2384 1428 2440 de
1454 2384 1638 2443 vetustatibus
1664 2402 1739 2460 quo-

86 2488 153 2546 pore
172 2472 265 2529 orandi
290 2472 326 2540 88,
341 2482 427 2528 tamen
445 2479 499 2526 tres
518 2470 584 2526 istas
607 2471 686 2527 boras
701 2477 731 2527 ut
745 2473 884 2546 insignio·
939 2488 991 2546 que
1023 2470 1216 2544 patrocinetur.
1240 2472 1271 2528 ln
1297 2472 1408 2547 Exodo,
1427 2473 1535 2530 babitus
1562 2474 1609 2530 ille
1637 2475 1741 2548 liopsis

85 2579 131 2619 res
152 2563 180 2619 in
203 2561 287 2618 rebus
305 2559 441 2629 humanis,
457 2574 519 2632 qum
539 2559 613 2616 diem
632 2559 808 2631 distribuunt,
823 2579 885 2637 qum
938 2564 1068 2620 aduersus
1085 2563 1214 2620 Amalech
1240 2563 1409 2621 orationibus
1437 2564 1586 2635 praeliantis
1608 2565 1741 2638 usquein

84 2649 196 2725 negotia
222 2649 401 2723 distinguunt,
429 2665 489 2721 quae
520 2649 629 2719 publice
656 2659 782 2707 resonant
814 2652 884 2725 (33),
939 2667 1064 2710 occasum
1087 2667 1274 2724 perseverans,
1301 2666 1391 2708 nonne
1413 2653 1493 2709 statio
1517 2652 1568 2710 init
1592 2654 1672 2710 serat
1695 2654 1741 2711 Je-

85 2740 123 2796 ita
149 2751 176 2796 et
196 2738 374 2795 solemniores
402 2738 484 2793 fuisse
512 2738 540 2792 in
566 2737 734 2794 orationibus
760 2740 885 2797 diuinis?
939 2758 999 2798 sum
1022 2741 1099 2796 Naue
1122 2740 1304 2798 debellantem
1325 2741 1509 2808 rimenham,
1530 2740 1672 2813 prandisse
1694 2742 1742 2799 illa

85 2827 168 2897 Quod
196 2827 275 2885 etiam
299 2829 393 2883 suadet
421 2824 541 2882 Danielis
563 2841 670 2899 quoque
695 2837 885 2900 argumentum
939 2828 984 2885 dic
1015 2827 1210 2895 existimamus,
1239 2844 1292 2901 qua
1324 2828 1391 2900 ipsis
1425 2828 1565 2885 elementis
1596 2829 1742 2886 stationem

87 2927 130 3004 teg
147 2917 189 2974 die
212 2916 324 2980 orantis,
347 2914 440 2988 utique
464 2930 511 2985 per
535 2913 686 2987 aliquarum
710 2915 735 2954 88
757 2917 886 2972 horarum
919 2918 1084 2991 imperavit
1096 2917 1144 2971 ⁸⁵?
1165 2917 1245 2974 Stetit
1259 2918 1300 2974 sol
1326 2919 1354 2973 in
1373 2918 1496 2984 Gabaon,
1512 2927 1539 2975 et
1555 2919 1618 2976 luna
1632 2919 1660 2976 in
1673 2919 1742 2976 ilia·

86 3007 281 3076 exceptionem,
306 3020 361 3060 non
387 3004 503 3059 aliarum
528 3010 617 3059 autem
641 3020 722 3075 qnam
750 2993 922 3076 insignio-c
939 3005 985 3060 lon
1002 3021 1009 3059 :
1025 3005 1100 3062 stetit
1114 3007 1140 3045 88
1154 3007 1196 3062 sol
1217 3017 1245 3062 et
1267 3007 1331 3063 luna
1352 3007 1540 3074 instructione,
1555 3008 1643 3065 donec
1665 3007 1742 3065 ultus

87 3110 159 3166 rum,
185 3094 282 3150 exinde
310 3092 532 3163 apostolicorum,
558 3091 654 3156 tertiae,
679 3099 773 3156 sextae,
796 3107 886 3149 nonae.
940 3101 981 3150 est
1001 3093 1117 3164 populus
1134 3095 1169 3150 de
1196 3094 1312 3150 inimicis
1337 3095 1416 3164 suis;
1436 3105 1463 3152 et
1485 3096 1557 3152 stetit
1580 3097 1622 3153 sol
1649 3095 1741 3152 medio

86 3182 156 3238 Hinc
175 3181 265 3254 itaque
287 3189 315 3236 et
328 3181 435 3237 Petrum
458 3179 544 3235 dicam
569 3196 602 3235 ex
623 3188 715 3236 vetere
728 3178 818 3251 potius
833 3196 884 3237 usu
939 3182 1020 3252 coelo,
1041 3191 1069 3237 et
1092 3198 1145 3238 non
1163 3184 1310 3240 accedebat
1328 3185 1351 3222 88
1365 3184 1393 3239 in
1416 3199 1542 3240 occasum
1561 3193 1588 3241 et
1602 3185 1630 3240 in
1660 3185 1741 3242 linem

68 3287 186 3349 ‘nonam
204 3272 372 3336 observasse,
389 3268 467 3326 tertio
485 3275 608 3324 orantem
627 3283 763 3339 supremae
783 3269 885 3326 oratio·
940 3271 996 3328 diei
1017 3271 1106 3330 unius.
1122 3273 1183 3328 Non
1197 3273 1222 3311 88
1237 3272 1288 3329 luit
1307 3272 1366 3329 dics
1387 3273 1446 3328 telis
1466 3282 1539 3329 retro
1559 3282 1586 3329 et
1607 3274 1634 3328 in
1649 3273 1740 3329 noris-

85 3360 130 3415 nis
154 3374 276 3416 munere.
296 3358 359 3415 llaec
377 3366 467 3414 autem
491 3365 603 3429 propter
622 3358 692 3426 illos,
711 3356 758 3429 qui
782 3374 811 3414 se
833 3376 887 3429 pu·
940 3361 1019 3426 simo,
1048 3360 1140 3433 utique
1167 3370 1221 3417 tam
1250 3362 1389 3432 prolixus;
1419 3369 1458 3425 ut,
1481 3361 1577 3434 inquit,
1603 3361 1741 3419 exaudiret

85 3455 145 3504 tant
169 3464 203 3505 ex
226 3448 310 3505 torma
334 3447 407 3504 Petri
430 3462 522 3520 agere,
548 3462 629 3518 quam
658 3447 802 3519 ignorant,
831 3463 887 3504 non
939 3449 1013 3506 [teus
1034 3449 1178 3520 hominem,
1204 3465 1297 3524 parem
1320 3449 1422 3506 scilicet
1444 3449 1520 3512 solis,
1546 3449 1690 3504 instantem
1714 3448 1741 3489 88

86 3536 166 3607 quasi
188 3551 345 3606 respuamus
369 3550 482 3600 nonam,
502 3535 546 3591 cui
564 3542 591 3591 et
605 3534 628 3573 88
653 3544 748 3606 quarta
770 3535 885 3607 sabbati,
940 3537 1041 3593 tamdiu
1063 3537 1091 3595 in
1115 3537 1217 3605 officio,
1239 3538 1383 3594 stationem
1397 3538 1478 3595 etiam
1501 3553 1560 3593 sera
1579 3535 1738 3611 longiorem.

85 3633 202 3685 etsexta
221 3626 364 3700 plurimum
384 3626 544 3699 tangimur:
561 3624 608 3680 sed
629 3625 695 3698 quia
716 3640 808 3705 eorum
824 3641 886 3699 qum
940 3624 1018 3684 Certe
1037 3626 1102 3683 Saul
1126 3635 1153 3684 et
1172 3628 1231 3698 ipse
1254 3627 1281 3684 in
1301 3628 1397 3699 praelio
1415 3626 1587 3690 constitutus,
1603 3625 1742 3684 manifesto

85 3731 121 3772 ex
140 3715 283 3772 traditione
320 3715 509 3782 observantur,
534 3720 608 3770 tanto
623 3713 713 3786 magis
726 3710 814 3770 961
841 3713 887 3770 di·
947 3731 1047 3770 munus
1060 3716 1133 3774 istud
1155 3716 1252 3772 indixit
1280 3717 1381 3788 (iliop-
1397 3730 1458 3771 xiv.
1488 3716 1556 3783 at);
1578 3715 1742 3773 Maledictus

88 3820 172 3878 gnam
201 3803 336 3860 rationem
368 3802 465 3860 aiierre
490 3803 633 3871 debemus,
668 3811 768 3876 quanto
794 3811 890 3859 carent
941 3802 1021 3864 homo
1036 3805 1086 3877 qui
1104 3806 1193 3864 ederit
1207 3823 1309 3879 panem
1324 3806 1359 3861 od
1372 3804 1688 3877 vesperomttapaedam
1697 3804 1744 3860 ati·

86 3893 234 3964 Scripturae
257 3893 425 3962 auctoritate,
453 3891 542 3947 donec
568 3891 659 3963 aliquo
686 3890 790 3948 coelesti
818 3892 888 3948 ohe·
940 3894 1287 3962 ciecordeinimicomco,·
1303 3892 1743 3966 etnonpostnvittotatspopulus

85 3981 199 4039 mamete
221 3989 266 4037 aut
291 3980 495 4046 confirmentur,
519 3988 564 4035 aut
586 3979 766 4050 corrigantur.
794 3983 830 4037 Et
862 3982 888 4038 ιι
939 3979 1091 4053 meiat
1106 3987 1134 4040 ct
1147 3982 1744 4056 totaterranoaprandetatwmntamaa-

85 4089 154 4144 qun,
182 4071 278 4143 inquit,
297 4070 446 4142 ignoratis,
475 4069 609 4126 Dominam
640 4068 715 4124 vodis
750 4069 888 4129 revelabit
939 4077 994 4125 tem
1021 4071 1093 4126 Deus
1122 4071 1246 4142 prestitit
1277 4070 1465 4128 auctoritatem
1496 4071 1584 4125 edicto
1618 4066 1745 4127 stationis

85 4160 223 4234 (Philipp.
257 4175 300 4225 ιιι,
336 4162 389 4231 to).
419 4158 520 4230 ltaque,
541 4159 661 4227 seposito
694 4155 887 4213 confirmatore
940 4157 1023 4224 illius,
1047 4167 1078 4214 ut
1097 4159 1231 4215 Jonathan
1261 4157 1333 4214 tilius
1356 4159 1455 4224 Saulis,
1483 4171 1640 4229 quamnam
1667 4156 1744 4228 igna-

85 4250 208 4304 omnium
228 4249 341 4306 istorum
365 4246 514 4312 Paracleto,
535 4245 604 4301 duce
627 4246 761 4301 universae
782 4243 887 4301 verita·
940 4261 987 4300 rus
1006 4245 1183 4315 ieiunationis
1204 4245 1233 4301 in
1258 4261 1351 4303 scrnm
1375 4245 1494 4302 delinitae
1517 4252 1629 4318 gustum
1657 4241 1746 4299 mellis

785 4367 879 4432 Varie
908 4371 1064 4432 lectiones.

124 4499 149 4536 88
163 4498 260 4556 Probat
275 4500 361 4556 Semi.
378 4499 474 4575 probet
489 4499 554 4555 lun.
570 4495 595 4532 88
608 4460 844 4575 Οιιιιιιιιιβεηιι.
861 4489 887 4528 88
900 4491 1020 4574 Aliarum
1036 4493 1121 4550 Semi.
1137 4492 1160 4530 88
1175 4491 1233 4562 Qua
1254 4500 1281 4549 et
1295 4492 1355 4549 cod.
1372 4493 1472 4548 Wocw.
1486 4489 1511 4528 88
1522 4562 1528 4574 ι
1540 4488 1654 4572 Dignior
1672 4487 1747 4562 apud

86 4583 140 4625 nos
160 4572 244 4627 Semi.
256 4571 281 4609 88
294 4571 412 4641 Require
426 4571 511 4628 Semi.
526 4567 552 4605 ⁸⁰
566 4568 633 4624 Cum
656 4564 696 4620 eis
711 4581 736 4621 s.
749 4581 769 4618 1.
786 4578 809 4619 s.
826 4578 853 4617 v.
873 4561 1040 4619 ιιιιιιιιιιιιι
1063 4565 1147 4622 Semi.
1162 4564 1185 4602 ⁸¹
1214 4562 1300 4633 Quam
1325 4565 1391 4621 ιιι.
1407 4562 1433 4600 88
1454 4560 1623 4635 lieirtgerarr
1644 4563 1746 4620 Woaw.

87 4643 171 4712 Leop.
192 4642 217 4680 88
231 4642 265 4698 Ut
280 4643 337 4697 haec
351 4659 383 4696 ex
399 4642 484 4700 Semi.
499 4640 524 4677 88
544 4638 594 4695 Sed
611 4647 699 4694 tamen
720 4634 995 4704 tat.⁸⁵1mpetravtt
1014 4636 1097 4692 Semi.
1113 4637 1138 4675 88
1152 4637 1230 4692 Stetit
1250 4634 1308 4693 cod.
1329 4636 1429 4693 Woaw.
1445 4633 1469 4671 88
1493 4632 1530 4688 Ut
1552 4639 1643 4686 autem
1665 4647 1745 4687 acue·

86 4713 173 4768 debat
200 4715 284 4771 Semi.
303 4714 329 4751 88
350 4713 381 4767 ιι
403 4727 542 4778 occasum,
560 4710 590 4767 in
612 4707 768 4764 finemdiei
800 4704 891 4771 unius,
914 4712 942 4762 et
961 4720 1015 4761 uon
1039 4708 1105 4764 lca.
1129 4706 1155 4744 ⁸⁹
1176 4707 1306 4764 instantis
1326 4709 1413 4763 Fran.
1432 4703 1459 4743 88
1484 4703 1569 4761 Τιιιι
1596 4702 1745 4772 prandebat
1796 4733 1800 4739 ·

90 4784 180 4840 sm
791 4847 1042 4913 Commentarius.

87 4960 134 5016 vis
147 4959 176 5016 id
190 4974 246 5017 non
258 4960 394 5017 existimet
412 4958 556 5016 Pameiius.
571 4959 636 5014 Erat
650 4957 721 5014 enirn
744 4956 887 5031 religiosus
904 4963 927 5042 n
943 4953 1079 5022 praetiniri,
1101 4953 1285 5012 determinari.
1301 4955 1365 5011 itte.
1580 5020 1586 5033 Ι
1629 5020 1635 5033 ⁸

88 5031 192 5097 cultus,
215 5032 289 5104 quod
307 5032 341 5090 ad
360 5032 480 5103 synaxim
504 5031 664 5087 accedentes
686 5027 830 5085 Christiani
852 5025 887 5081 ad
940 5029 964 5076 ιι
977 5027 1034 5098 (33)
1058 5027 1247 5098 Qaoepctttce
1271 5019 1747 5104 resonentlirguSeptrmirsaeculo

89 5118 190 5159 nonam
208 5119 294 5174 usque
314 5104 416 5173 jejunia
438 5101 640 5174 producebant;
664 5100 763 5170 duplex
786 5099 887 5170 quippe
942 5102 996 5153 tres
1020 5100 1093 5152 horae
1112 5104 1219 5154 tantum
1241 5100 1298 5153 istae
1313 5097 1476 5170 insigniores
1498 5093 1608 5165 publice
1631 5107 1746 5150 resona·

90 5184 150 5232 erat
178 5175 243 5231 olim
270 5175 414 5245 jejunium,
444 5175 567 5232 alterum,
588 5172 661 5243 quod
688 5170 723 5225 ad
752 5185 890 5242 vesperam
944 5169 1025 5231 bant,
1050 5169 1128 5241 signo
1155 5169 1216 5225 dato
1241 5169 1303 5224 tuba
1327 5167 1370 5224 val
1398 5166 1589 5222 tintinnabulo.
1614 5164 1748 5221 Caeterom

93 5255 198 5303 tanturn
221 5245 373 5308 finiebatur,
394 5245 472 5316 quale
496 5252 552 5301 erat
576 5241 808 5315 quadragesimale
825 5259 832 5298 :
848 5241 891 5297 al·
946 5240 1044 5312 priscis
1059 5254 1167 5322 quoque
1185 5240 1314 5298 Romanis
1336 5239 1430 5295 eadem
1453 5237 1507 5295 diei
1529 5236 1615 5310 spatia
1640 5235 1748 5307 signiti-

92 5324 181 5373 terum
203 5332 268 5374 vero
291 5317 363 5389 quod
386 5318 418 5371 ad
437 5331 536 5372 nonam
557 5321 659 5368 tantum
682 5313 891 5385 protegebatur,
946 5311 1002 5367 cari
1025 5312 1114 5377 solata,
1131 5326 1245 5368 accenso
1264 5312 1310 5368 ubi
1330 5309 1438 5382 pretori
1450 5309 1589 5364 videbatur
1601 5305 1636 5386 ad
1660 5320 1748 5377 popu-

91 5386 247 5455 cujusmodi
274 5396 332 5443 crat
351 5387 481 5456 ieiunium
506 5386 580 5440 terta
600 5386 616 5440 t
639 5394 665 5440 et
685 5387 712 5438 6.
733 5385 780 5439 liic
802 5390 892 5439 autem
946 5384 1003 5439 lum
1034 5383 1226 5465 pronuntiante
1258 5384 1353 5439 horam
1385 5397 1445 5438 esse
1471 5378 1591 5463 tertiam,
1626 5383 1748 5458 itemque

90 5459 282 5525 Montanistes,
308 5474 362 5514 non
382 5474 447 5514 vcro
470 5455 623 5512 Catholicos
645 5455 795 5527 impugnat,
819 5455 891 5526 quod
945 5455 1095 5519 meridiem,
1111 5466 1138 5511 et
1160 5455 1255 5511 horam
1278 5469 1391 5516 nonam,
1412 5454 1542 5509 discimus
1564 5464 1596 5506 ex
1617 5447 1748 5507 Varroms

90 5546 239 5602 perperam
256 5529 372 5585 asseruit
383 5529 526 5585 Pamelins.
541 5529 580 5583 ιιι
600 5528 648 5583 Pu.
946 5526 1041 5598 quinto
1053 5527 1086 5583 dc
1100 5528 1210 5598 hispan
1223 5529 1335 5584 totino.
1351 5525 1415 5583 itte.

130 5600 189 5672 (ιι)
207 5601 531 5672 &accepissemus
545 5600 638 5672 officio
652 5600 750 5673 possit.
769 5599 828 5656 Hoc
838 5603 892 5663 cst,
