3840 6134
181 436 230 499 lbi
529 438 749 503 tsatblmtm
767 439 900 502 ortatu
917 442 1001 506 PARS
1020 442 1056 505 ΙΙ.
1075 473 1112 491 -
1127 442 1242 505 statas
1261 442 1283 512 l,
1303 438 1474 502 Postulat.
1773 432 1825 496 tst

179 566 345 638 exspectabit
356 568 381 607 ⁶²
396 567 532 624 retractari
553 582 569 622 a
592 568 680 637 uobis,
708 583 743 623 an
770 568 905 627 obseruari
925 584 975 626 ro·
991 587 1015 665 fl
1030 571 1127 631 aiendo
1142 581 1170 628 et
1182 569 1318 626 adorando
1345 582 1393 624 eos
1411 566 1447 620 ⁷³.
1467 564 1561 636 ltaque
1580 563 1710 618 Dominus
1730 563 1825 620 iratus.

178 654 259 713 luerit
273 656 443 726 disciplinam
459 670 539 726 quam
555 654 640 712 soluit
654 656 801 719 instituere,
826 666 852 712 et
866 672 899 712 an
914 673 973 713 me·
1032 660 1170 729 Quoniam
1192 657 1313 730 quidem,
1329 655 1377 720 ait,
1395 659 1573 725 transgresso
1596 655 1638 707 est
1650 649 1675 688 ⁷⁴
1688 666 1755 722 qens
1769 652 1826 707 ista

179 743 232 799 rito
247 742 388 799 ulciscatur
409 741 553 811 desertam,
569 759 651 813 quam
673 743 759 799 voluit
782 743 971 803 observatam:
1024 752 1144 821 poetam
1153 761 1248 802 meam
1260 739 1787 815 lli),qauddisposuipctribaaeoram,
1799 743 1828 796 ct

178 831 286 903 quando
301 831 400 886 trustra
416 829 585 896 instituisset,
600 830 624 885 si
638 831 775 887 observari
797 846 856 888 eam
870 834 974 890 noluis·
1026 853 1084 893 non
1095 835 1245 892 undarunt
1259 832 1284 870 ⁷⁵
1293 832 1532 894 vocernmecne,el
1542 843 1590 899 eqo
1604 843 1662 883 noa
1676 828 1823 883 aduertam

177 928 229 989 set,
249 928 277 975 et
293 919 394 974 frustra
417 919 554 976 observari
570 920 706 988 voluisset,
723 924 744 975 si
768 921 905 979 vindicare
924 939 974 981 no·
1027 925 1064 981 nd
1076 925 1263 996 auferendam
1277 922 1371 976 uirum
1386 936 1404 975 o
1417 918 1492 988 socia
1502 932 1602 974 eoram
1613 931 1649 972 ea
1659 917 1825 974 notionibus

177 1007 282 1064 luisset.
300 1006 429 1078 Sequitur
455 1007 527 1063 euim
555 1015 584 1064 ut
605 1010 654 1065 has
676 1008 847 1067 definitiones
859 1012 908 1070 Dei
922 1013 973 1067 ad·
1026 1005 1564 1087 quaerclinqaitdecedenadescondit.
1577 1005 1724 1073 arabat).
1737 1004 1825 1075 Atque

176 1110 271 1152 versus
294 1095 511 1166 superstitiones,
542 1106 597 1151 tam
620 1097 719 1154 evictas
746 1098 771 1137 ⁶⁸
793 1115 872 1168 quam
895 1101 974 1156 etiam
1026 1101 1062 1156 ita
1077 1115 1125 1170 per
1141 1113 1236 1154 omnes
1257 1112 1325 1166 pene
1352 1094 1463 1150 annales
1494 1090 1621 1148 critarum
1650 1099 1677 1146 et
1698 1090 1825 1161 deinceps

176 1184 323 1240 uindicatus
349 1186 407 1257 (33)
435 1187 556 1256 probem,
573 1186 699 1258 quoniam
714 1202 746 1243 ex
766 1187 808 1243 his
822 1195 877 1244 tota
901 1205 973 1244 mar·
1028 1203 1132 1262 regam,
1148 1184 1292 1242 reservatis
1318 1181 1437 1257 gentium
1460 1180 1681 1236 circumcolarum
1710 1179 1824 1250 viribus,

177 1273 307 1344 tyriumm
339 1274 406 1328 ratio
431 1273 575 1329 constabit.
601 1274 701 1328 Aberat
732 1274 801 1344 apud
834 1276 920 1332 Deum
947 1277 973 1332 in
1027 1275 1099 1330 bello
1125 1283 1153 1329 et
1173 1271 1326 1344 captivitate
1339 1277 1367 1326 et
1379 1269 1451 1340 q'ugo
1466 1266 1663 1337 alloplrylomm
1679 1265 1746 1322 iram
1769 1265 1825 1321 dis-

175 1371 268 1419 monte
283 1362 474 1433 moyssacum
488 1362 603 1432 populus
617 1370 670 1417 tam
686 1362 866 1418 neeessariam
882 1365 975 1421 absen-
1028 1362 1150 1435 pensavit
1170 1360 1264 1425 lsrael,
1293 1360 1508 1430 quotiescunque
1532 1353 1567 1410 ab
1589 1354 1635 1410 illo
1658 1354 1774 1410 maxime
1797 1355 1823 1409 in

176 1449 241 1505 tiam
265 1453 325 1521 ejus
347 1449 500 1519 impatiens,
520 1449 587 1505 deos
616 1449 666 1505 sibi
693 1450 843 1520 producere
868 1454 973 1524 quaerit,
1027 1449 1206 1507 idololatriam
1220 1446 1245 1486 '¹⁶
1261 1445 1488 1503 exorbitaverunt.

175 1553 244 1609 quos
254 1537 343 1610 potius
357 1536 382 1575 ⁶⁹
396 1538 455 1607 ipse
467 1536 621 1607 perdiderit.
637 1534 724 1593 129
738 1538 858 1609 Urgetur
871 1540 972 1607 Aaron,

176 1633 203 1681 et
219 1625 299 1694 jubet
312 1623 422 1680 inaures
447 1623 608 1680 laminarum
623 1640 732 1680 suarum
746 1625 775 1679 in
795 1625 885 1697 ignem
909 1642 974 1684 eon·
1325 1585 1437 1642 CAPUT
1456 1583 1501 1640 lv·

174 1712 250 1769 ferri.
274 1712 406 1768 Amissuri
430 1712 501 1769 enim
517 1721 594 1768 erant
616 1712 644 1766 iu
669 1712 804 1781 judicium
832 1715 883 1769 sibi
910 1731 975 1772 vera
1063 1716 1135 1771 ttaue
1155 1713 1236 1788 igitur
1259 1711 1282 1765 si
1305 1727 1320 1767 a
1344 1707 1492 1782 primordio
1518 1715 1624 1764 constat
1649 1716 1676 1763 et
1698 1708 1821 1778 probibi-

174 1808 332 1858 ornamenta
346 1801 461 1868 aurium,
477 1799 529 1855 Dei
542 1814 631 1857 voees.
645 1799 759 1870 Sapiens
772 1799 843 1874 ignis
853 1801 973 1872 elligiem
1028 1813 1080 1860 tam
1095 1804 1153 1873 (ts)
1168 1803 1200 1857 de
1222 1808 1262 1857 tot
1288 1800 1419 1870 taubsque
1448 1797 1598 1868 praeceptis,
1626 1805 1654 1852 et
1685 1811 1823 1868 nunquam

174 1888 250 1948 vituli
264 1887 387 1944 defundit
401 1887 453 1941 illis
465 1885 499 1956 ⁷⁰,
516 1886 668 1961 suggillans
688 1887 744 1943 illic
757 1903 804 1944 cor
829 1889 971 1961 babentes,
989 1863 1012 1940 Β
1027 1894 1137 1965 impune
1154 1887 1242 1947 184)
1264 1887 1444 1950 commissam,
1459 1886 1493 1941 do
1516 1892 1555 1941 tot
1576 1885 1711 1956 tantisque
1734 1885 1824 1941 docu-

174 1977 221 2033 ubi
234 1983 261 2031 et
276 1977 441 2044 thesaurum,
458 1975 530 2044 apud
544 1975 689 2049 AEgyptum
709 1974 809 2033 scilieet
832 1979 901 2032 iuter
915 1994 972 2035 cae·
1025 1980 1133 2046 montis,
1148 1995 1198 2035 nec
1210 1976 1293 2033 ullum
1309 1983 1361 2032 um
1376 1977 1523 2047 superbum
1537 1973 1639 2029 crimen
1654 1973 1726 2042 apud
1737 1971 1825 2027 Deum

173 2075 233 2122 tera
254 2063 380 2119 animalia
400 2062 478 2118 boris
493 2064 573 2118 etiam
589 2065 729 2133 cujusdam
744 2067 970 2134 consceraticem;
1026 2068 1160 2141 deputari,
1181 2080 1262 2137 quam
1289 2062 1442 2134 hujusmodi
1471 2059 1725 2132 transgressionem,
1754 2058 1826 2115 ultro

172 2152 263 2224 itaquo
282 2151 333 2207 tria
355 2150 441 2213 millia
456 2150 609 2207 hominess
624 2152 779 2223 parentibus
793 2152 816 2191 ⁷¹
842 2153 973 2224 proximis
1026 2156 1176 2228 intelligere
1202 2154 1334 2209 debemus
1362 2151 1515 2208 divinarum
1541 2156 1568 2205 et
1589 2148 1824 2204 denuntiationum

173 2256 252 2308 eoesa,
268 2240 332 2313 quia
347 2247 398 2294 tam
414 2239 569 2312 proximum
584 2248 720 2310 parentem
740 2243 827 2297 Deum
849 2243 972 2299 alicnde·
1026 2254 1054 2301 et
1076 2242 1264 2301 executionum
1293 2240 1478 2305 intentionem,
1507 2239 1561 2309 jam
1598 2246 1660 2294 tunc
1687 2238 1825 2310 martyriis

173 2336 244 2394 rant,
261 2328 484 2401 transgressionis
507 2336 534 2384 et
559 2327 707 2399 primordia
730 2330 866 2387 etmerita
894 2331 972 2387 dodi·
1027 2334 1230 2405 patrocinatam,
1259 2344 1315 2384 non
1343 2328 1422 2384 modo
1453 2343 1509 2382 nou
1535 2326 1701 2396 dubitandis,
1729 2342 1825 2382 rerum

173 2424 312 2474 averunt.
328 2417 358 2472 lu
373 2417 503 2473 Arithmis
514 2419 572 2487 (lo)
587 2417 686 2485 (Num.
706 2422 790 2486 xxv),
805 2434 868 2474 cum
883 2419 972 2477 diver·
1027 2419 1209 2484 sustinendis,
1242 2418 1341 2489 quibus
1373 2414 1476 2472 scilicet
1500 2417 1587 2472 locum
1610 2415 1709 2471 iecerat
1736 2415 1826 2484 probi·

126 2566 130 2573 ,
174 2505 250 2560 tisset
269 2504 351 2561 Israel
365 2503 437 2576 apud
463 2504 576 2573 Sethim,
591 2505 691 2560 abeunt
703 2504 871 2562 libidinatum
886 2506 919 2562 ad
937 2506 972 2561 fi·
1026 2507 1116 2564 bendo
1129 2505 1324 2564 idololatriam:
1340 2504 1418 2559 aliter
1435 2504 1505 2559 enim
1519 2504 1644 2575 martyria
1658 2517 1712 2558 nou
1727 2503 1824 2558 eveni-

173 2593 226 2650 llas
253 2594 341 2659 Moab,
371 2593 519 2650 invitantur
541 2592 672 2657 adidola,
688 2601 757 2650 utet
774 2595 872 2667 spiritu
887 2594 973 2651 iorni-
1027 2606 1104 2665 rant;
1133 2604 1160 2652 et
1188 2594 1280 2665 utique
1307 2592 1493 2649 auctoritatem
1521 2608 1597 2646 suam
1625 2599 1825 2661 praestrurerat,

173 2680 413 2750 oarentur30duut
427 2680 545 2753 denique
559 2680 594 2737 de
609 2681 719 2752 pollutis
733 2697 828 2738 eorum
854 2681 974 2739 :debinc
1027 2684 1121 2741 voleus
1153 2699 1186 2739 ea
1209 2684 1317 2740 evenire
1349 2681 1447 2753 quibus
1485 2680 1574 2736 locum
1603 2678 1714 2735 iecerat.
1744 2681 1824 2736 Nune

173 2779 201 2827 et
218 2770 332 2827 adorant
344 2769 411 2825 deos
427 2769 527 2842 gentis,
542 2777 569 2825 et
583 2769 752 2842 Beelphegor
768 2769 915 2825 initiantur.
932 2769 974 2826 Ob
1028 2772 1102 2828 enim
1130 2772 1164 2828 de
1186 2770 1236 2827 Dei
1259 2771 1397 2828 uoluntate
1419 2767 1636 2847 compungimur,
1659 2776 1686 2824 et
1699 2768 1723 2806 Ἡ
1743 2768 1825 2841 inge-

173 2862 245 2917 bane
267 2874 375 2932 quoque
402 2858 591 2924 idololatriam,
619 2858 740 2913 moeubita
774 2873 906 2925 sororem,
929 2858 973 2915 vi·
1029 2860 1113 2915 minat
1137 2860 1261 2929 scorpius
1284 2858 1399 2929 plagam,
1423 2857 1494 2913 hanc
1516 2872 1629 2930 negans,
1653 2856 1722 2911 hane
1744 2871 1824 2912 aceu-

174 2946 242 3021 giuti
261 2947 310 3003 tria
325 2945 407 3001 millia
426 2945 582 3001 domesticis
604 2946 763 3001 obtruncata
782 2946 878 3018 gladiis
901 2944 972 3000 diri·
1029 2962 1092 3003 saus
1124 2947 1296 3015 voluntatem,
1323 2956 1352 3002 ut
1380 2953 1426 3003 aut
1461 2944 1543 2999 alium
1578 2947 1661 3003 Deum
1695 2944 1825 3012 insinuet,

174 3052 218 3092 nae
228 3035 275 3090 irae
291 3035 445 3091 litaverunt.
454 3035 586 3091 Defuncto
600 3036 664 3090 lesu
673 3036 748 3091 Nave
761 3033 868 3105 (lodic.
879 3034 974 3107 11),tle-
1027 3038 1105 3107 cujus
1124 3037 1181 3091 haec
1203 3051 1258 3092 uon
1281 3035 1316 3090 sit
1338 3034 1483 3101 volumtas3
1510 3042 1558 3090 aut
1581 3047 1702 3091 nostrum
1724 3035 1824 3090 nibilo-

175 3123 331 3196 reliuquunt
351 3124 436 3179 Deum
460 3130 566 3194 patrum
588 3129 752 3188 suammet
775 3121 897 3180 serviunt
910 3122 1009 3217 ἰᾶο-(ὶν
1023 3125 1112 3181 miuus
1125 3125 1256 3190 destruat,
1273 3125 1350 3194 eujus
1367 3124 1429 3178 talis
1447 3123 1483 3179 sit
1505 3124 1642 3191 uoluntas;
1662 3132 1708 3179 aut
1730 3124 1823 3180 omni-

175 3210 209 3266 lis
227 3210 326 3266 Baalim
346 3220 374 3268 et
396 3210 511 3266 Astartis
535 3210 607 3281 (lt);
623 3219 649 3265 et
668 3210 752 3266 iratus
766 3210 898 3268 Dominus
911 3220 970 3266 tra·
1024 3228 1059 3269 no
1074 3224 1156 3287 neget
1171 3213 1334 3270 voluntatem
1353 3212 1412 3280 Dei,
1435 3211 1458 3266 si
1471 3211 1560 3283 ipsum
1580 3228 1679 3283 negare
1694 3228 1747 3268 uon
1767 3229 1819 3284 po-

173 3299 242 3355 didit
255 3314 306 3354 eos
325 3298 352 3354 in
374 3298 499 3354 manibus
513 3297 697 3370 diripientium
712 3321 720 3369 ;
734 3306 762 3353 et
775 3297 972 3369 diripiebantur

174 3387 281 3454 abillis,
299 3398 326 3445 ot
340 3387 564 3444 venundabantur
579 3385 705 3455 inimicis,
720 3401 770 3440 nee
786 3395 972 3456 poterantom-

174 3473 243 3549 nino
261 3474 418 3529 subsistere
438 3489 454 3527 a
473 3472 539 3527 facie
566 3471 733 3527 inimieorum
749 3487 858 3528 suorum
874 3491 882 3541 ;
899 3487 970 3543 quo-

175 3578 281 3633 eunque
297 3568 493 3632 processerant,
505 3574 601 3614 manus
615 3571 672 3615 erat
687 3574 770 3630 super
779 3560 841 3614 illos
854 3559 881 3614 in
892 3562 971 3630 mala,

174 3657 203 3705 ot
220 3648 395 3721 compressati
417 3655 480 3704 sunt
499 3646 587 3703 valde.
609 3648 673 3702 Post
687 3663 747 3718 quaa
760 3645 785 3685 ⁷2
796 3648 910 3704 instituit
923 3663 972 3703 su·

175 3755 224 3811 per
234 3739 297 3794 illos
313 3738 384 3794 Deus
397 3737 494 3802 Critas,
504 3750 573 3806 quos
586 3752 713 3794 censores
725 3735 911 3810 intelligimus,
923 3737 970 3792 sed

175 3840 226 3881 nee
253 3825 312 3879 istis
334 3823 464 3880 obaudire
483 3832 690 3893 perseverarunt
718 3841 724 3877 :
749 3833 778 3878 ut
804 3826 865 3896 quis
883 3825 971 3882 Crita-

176 3929 236 3969 rum
254 3913 369 3978 obierut,
386 3911 424 3966 illi
438 3910 471 3966 ad
494 3911 705 3983 delinquendum
721 3927 804 3983 supra
818 3928 897 3983 quum
920 3931 972 3984 pa·

176 4007 232 4059 tres
255 4017 358 4068 eorum,
381 3999 506 4056 abeundo
530 4007 591 4071 post
612 4000 678 4055 deos
698 4000 847 4056 alienorum
867 4010 893 4058 et
909 4018 970 4058 ser·

1024 3302 1096 3358 terit.
1120 3303 1176 3357 Nos
1203 3313 1289 3356 autern
1318 3301 1352 3355 dc
1376 3301 1433 3357 Deo
1456 3299 1522 3354 alibi
1551 3299 1718 3363 dimicantes,
1733 3308 1760 3356 et
1787 3302 1822 3357 da

1025 3391 1128 3462 reliquo
1147 3405 1260 3460 corpore
1282 3389 1415 3445 hereticae
1432 3389 1564 3459 cujusque
1584 3388 1722 3454 doctrinae,
1747 3405 1821 3445 nune
1851 3426 1856 3433 -

1025 3478 1053 3532 iu
1073 3493 1152 3532 unam
1171 3477 1289 3549 speciem
1308 3475 1507 3549 congressionis
1530 3484 1618 3532 certas
1639 3476 1822 3546 praeducimus

1026 3565 1191 3629 lineas,·nou
1211 3565 1322 3620 alterius
1340 3565 1399 3631 Dei,
1425 3580 1506 3635 quarn
1520 3564 1634 3632 Israelis,
1652 3580 1710 3620 eam
1726 3564 1821 3622 deien-

1025 3652 1121 3709 deutes
1148 3655 1326 3720 voluntatem,
1355 3668 1415 3724 quae
1441 3655 1579 3725 martyriis
1607 3655 1694 3709 locum
1718 3653 1821 3720 lecerit,

1026 3751 1079 3799 tam
1103 3758 1137 3796 ex
1160 3741 1302 3814 praeceptis
1321 3741 1462 3812 prohibitae
1484 3756 1603 3811 semper,
1623 3757 1703 3812 quam
1718 3757 1751 3796 ex
1775 3741 1822 3810 jn-

1025 3829 1103 3886 dieiis
1135 3828 1237 3903 punitae
1270 3829 1438 3885 idololatriae.
1473 3828 1501 3883 Si
1545 3829 1618 3885 enim
1655 3837 1822 3899 praeceptum

1026 3918 1198 3975 observatum
1217 3917 1242 3955 ⁷³
1269 3918 1322 3973 rim
1347 3917 1453 3988 patitur,
1479 3918 1531 3972 boe
1549 3918 1599 3974 orit
1621 3916 1822 3988 quodammodo

1026 4005 1187 4062 observandi
1202 4013 1377 4077 praeseptum,
1393 4016 1422 4060 ut
1439 4005 1463 4059 id
1489 4005 1576 4077 patiar
1599 4021 1646 4076 per
1667 4003 1742 4076 quod
1770 4019 1822 4074 po·

853 4099 950 4164 Varia
964 4106 1116 4167 lectiones.

209 4205 454 4275 ⁶²llxspectsbimr,
471 4205 529 4260 end.
546 4203 652 4262 Woaw.
668 4204 694 4243 ⁶⁸
707 4205 813 4263 Edictas
827 4206 885 4263 eod.
913 4210 1012 4266 lloaw.
1024 4207 1049 4248 ⁶⁹
1067 4208 1127 4277 Quo
1141 4224 1171 4264 se
1186 4209 1274 4277 potius
1288 4211 1354 4267 Ian.
1371 4210 1396 4248 7⁰
1411 4208 1541 4264 Diliuudit
1555 4209 1614 4264 illos
1633 4209 1693 4267 cod.
1718 4209 1820 4266 Woaw.

174 4278 198 4317 ⁷¹
213 4279 248 4333 Et
271 4277 346 4334 deest
365 4278 458 4332 Vertat.
469 4274 495 4313 Ἡ
509 4276 654 4345 Postquam
669 4277 756 4333 anan.
778 4279 862 4335 Semi.
881 4277 907 4317 ⁷³
920 4278 1029 4335 Oraudo
1043 4280 1131 4337 libera
1149 4281 1233 4338 Semi.
1251 4279 1275 4319 ⁷⁴
1293 4281 1465 4355 Transgressi
1482 4288 1544 4336 sunt
1558 4280 1618 4338 eod.
1634 4279 1778 4351 Aqoborda'.
1797 4278 1823 4315 ⁷⁵

174 4346 359 4406 Obaudieruut
372 4346 461 4405 Alea.
477 4348 563 4405 Sarni.
577 4346 602 4384 ⁷⁶
617 4348 768 4405 idololatria
778 4349 863 4407 Semi·
875 4350 898 4388 Π
913 4351 946 4405 Et
956 4350 1055 4422 objicit
1070 4352 1156 4410 Semi.
1171 4355 1234 4424 post
1250 4353 1376 4410 llbeaua.
1396 4353 1421 4391 7³
1441 4351 1616 4408 Obseruando
1630 4353 1710 4406 Pam.
1732 4349 1821 4406 libera.

175 4420 258 4479 Sami.
278 4418 388 4475 oberth.

872 4517 1121 4583 Commentarius.

208 4622 266 4705 (39)
280 4624 344 4680 ram
355 4622 458 4679 euictos
469 4637 552 4694 quom
570 4624 659 4679 etium
673 4624 840 4680 vindicatos.
852 4621 897 4678 Sie
906 4622 973 4692 legi·

990 4639 1012 4719 n
1028 4625 1044 4694 ἡ
1057 4627 1113 4699 παρ’
1123 4625 1244 4682 ’Ἕλλησιν
1262 4625 1394 4697 ‘Appoblra
1408 4626 1525 4699 λιγομένη
1538 4626 1589 4688 isba
1602 4626 1736 4681 Σιδωνίων.
1749 4625 1824 4682 Idem
1869 4626 1871 4631 ’

174 4701 215 4750 tur
232 4709 258 4748 m
269 4693 365 4751 codiee
381 4692 519 4821 Agebardi
535 4710 542 4758 ;
559 4691 585 4747 iu
598 4693 645 4748 lib.
661 4693 760 4759 Ursini,
776 4694 891 4750 edictas.
907 4695 969 4751 Rtu.
1027 4699 1097 4770 apud
1113 4697 1264 4754 Cedreuum
1274 4697 1404 4767 reperies.
1418 4700 1456 4753 Ls
1471 4699 1520 4753 Pa.

207 4765 264 4837 (lb)
285 4766 317 4820 ln
340 4765 405 4821 Aria
425 4766 490 4820 mis.
517 4764 616 4820 Vocem
642 4763 764 4820 Graecam
784 4765 905 4835 retinuit,
920 4782 971 4838 pro

171 4835 210 4960 (Ζ
218 4837 360 4961 illameris,
374 4842 403 4891 ut
413 4835 492 4906 paulo
503 4839 565 4907 post
579 4836 672 4893 Critos
682 4838 772 4903 babet,
785 4852 834 4907 pro
848 4837 968 4896 ludices.

247 4923 274 4961 a.

208 4977 266 5045 (tt)
277 4977 360 5034 idolis
375 4977 485 5033 Baalim
500 4982 529 5034 et
543 4978 674 5033 Astorlis.
685 4975 784 5031 Baalim
799 4986 863 5032 sunt
876 4977 920 5033 hic
933 4978 971 5033 dii

172 5047 293 5117 gentium
316 5063 366 5104 seu
391 5049 477 5115 idola;
500 5048 644 5128 aliquando
659 5047 720 5101 baal
744 5062 794 5117 pro
809 5047 870 5101 loeo
884 5047 969 5101 suuni-

172 5127 224 5173 tur.
245 5118 348 5175 Astarte
369 5118 402 5173 de
416 5135 470 5191 qua
484 5119 599 5189 pluruma
611 5119 640 5171 stt
652 5118 754 5171 mentio
770 5117 797 5171 iu
811 5116 888 5172 libris
902 5117 967 5191 Reg.

172 5189 223 5244 dea
239 5200 296 5246 erat
310 5189 490 5246 Sidoniorum.
506 5190 536 5243 ld
553 5197 664 5244 testatur
679 5186 831 5256 Cedreuus,
847 5185 892 5241 ubi
906 5203 968 5242 usr-

172 5267 212 5314 rat
244 5260 416 5316 Salomonem
444 5259 609 5316 exstruxisse
632 5257 812 5313 lloabitarum
841 5257 914 5312 idolo
942 5266 969 5313 at

171 5333 285 5386 Astartae
324 5331 498 5387 Sidoniorum
532 5328 654 5398 templa;
693 5335 720 5382 et
757 5326 877 5383 Aelrilles
913 5327 968 5382 Ta-

170 5401 223 5457 tius
251 5401 326 5457 initio
348 5405 477 5458 Amorum
508 5399 625 5469 Clitoplr.
651 5403 679 5452 et
701 5396 811 5452 Leuci.
846 5413 853 5454 :
884 5395 968 5452 'Ebuso

168 5476 199 5541 τῆ
227 5478 278 5526 τῶν
302 5472 434 5527 Φοινίκων.
458 5471 580 5522 satanae
604 5468 677 5535 abs-qs
707 5467 771 5523 ’Aet
788 5488 845 5539 μην
873 5469 896 5522 oi
923 5475 969 5527 Σι-

167 5543 274 5599 δώνιοιε
294 5565 306 5595 ι
327 5544 392 5598 Deae
406 5539 563 5597 Pboenieum
584 5553 660 5594 saera
673 5538 797 5596 feceruut
816 5557 823 5594 :
844 5542 967 5597 Astarten

165 5614 235 5671 bauo
259 5610 474 5671 ruesntsidouii.
493 5608 736 5667 §Abominandum
752 5626 816 5666 sero
830 5610 894 5666 illud
910 5611 969 5668 ido·

161 5685 220 5742 lum
243 5685 376 5740 l'euerem
397 5679 556 5738 Graecorum
570 5680 652 5737 luisse
667 5679 704 5738 ait
720 5681 825 5739 Suidas.
846 5681 967 5757 Ἀστάριη

1060 4768 1119 4841 (42)
1140 4771 1320 4841 transgressa
1334 4775 1374 4825 cst
1387 4786 1454 4840 qens
1473 4772 1528 4826 isto
1542 4774 1658 4840 poetam
1673 4783 1778 4824 meacm
1793 4767 1825 4822 In

1023 4838 1198 4910 Agebardiuo
1213 4840 1327 4910 legitur:
1348 4841 1598 4913 Troaesqrcsst'sant
1610 4855 1677 4913 quas
1688 4841 1744 4894 isto
1755 4854 1824 4910 pne·

1024 4915 1087 4966 tum
1100 4926 1203 4973 meum,
1219 4918 1245 4964 et
1261 4909 1416 4980 paulopost
1432 4929 1438 4968 ε
1456 4915 1489 4970 lit
1504 4928 1562 4967 nora
1581 4911 1739 4967 audierant
1763 4910 1825 4964 uoci

1024 4995 1102 5045 mccc,
1130 4995 1164 5036 uo
1175 4981 1256 5035 modo
1267 4982 1395 5053 seriptum
1405 4998 1421 5037 a
1430 4983 1595 5040 Tertulliano
1603 4982 1688 5038 luisse
1701 4994 1754 5036 uon
1770 4981 1824 5034 du-

1023 5049 1089 5175 bitq).
1105 4996 1311 5176 gdemutavere
1332 5055 1379 5124 qui
1397 5054 1612 5129 magistellorum
1633 5061 1740 5124 sceptra
1760 5065 1823 5106 ma-

1035 5136 1067 5174 ue
1089 5137 1143 5175 an.
1184 5138 1221 5179 ru.

1059 5192 1117 5261 (ts)
1137 5193 1168 5250 Si
1180 5211 1197 5247 c
1211 5194 1366 5266 primordio
1380 5201 1488 5252 coastat
1502 5198 1531 5249 et
1544 5194 1725 5267 prohibitam.
1742 5191 1824 5247 Veti-

1024 5269 1077 5316 tam
1092 5263 1173 5319 luisse
1188 5275 1314 5338 tanquam
1332 5282 1467 5321 summum
1482 5267 1615 5321 scelerum
1640 5263 1824 5318 idololatriam

1022 5342 1096 5389 certo
1124 5335 1224 5391 eortius
1246 5337 1388 5400 estllnde
1412 5336 1592 5392 Tertullianus
1614 5335 1641 5389 iu
1661 5349 1695 5390 eo
1709 5333 1826 5389 erimine

1023 5414 1119 5460 cuneta
1147 5406 1340 5474 comprehendi
1370 5409 1466 5480 probat
1483 5408 1530 5462 lib.
1551 5407 1586 5464 de
1609 5406 1717 5474 ldolol.‚
1739 5420 1823 5474 quem

1023 5474 1065 5529 bis
1093 5475 1202 5556 vocibus
1223 5477 1328 5533 orditur
1349 5496 1355 5533 :
1373 5499 1387 5531 a
1408 5479 1558 5548 Principale
1583 5479 1684 5534 crimen
1712 5477 1825 5556 generis

1022 5547 1142 5616 hramnus,
1159 5567 1171 5597 a
1188 5555 1239 5603 etc.
1254 5552 1277 5604 A
1292 5550 1371 5619 eujus
1393 5552 1525 5606 sententia
1539 5566 1593 5606 non
1623 5549 1736 5604 discedat
1750 5546 1823 5602 Gre-

1022 5630 1081 5688 gor.
1098 5617 1223 5674 Nazianz.
1242 5630 1309 5677 orat.
1327 5623 1360 5675 38
1375 5620 1408 5679 de
1434 5621 1529 5680 ldalat.
1548 5620 1699 5692 ιἜσχατοι
1710 5622 1761 5672 τῶν
1775 5636 1825 5669 aa·

1021 5694 1068 5740 κῶν
1082 5684 1123 5743 aa’l
1136 5695 1241 5746 ποῶτοι.
1259 5691 1298 5747 Lll
1312 5691 1361 5746 Pn.
