3840 6134
136 263 205 327 tote
494 266 715 329 TERTULleNI
733 264 867 332 OPERUM
886 263 971 328 utus
997 263 1032 327 Il·
1046 293 1082 310 -
1098 263 1213 328 aeuus
1228 264 1262 338 ll,
1277 263 1437 328 MOEALIA.
1707 264 1779 331 iffi)

135 389 170 449 ad
184 399 210 449 te
221 390 358 451 derivasse
371 390 533 452 soluendiet
546 393 675 468 alligandi
689 402 846 468 potestatem
859 395 929 465 (22),
944 407 969 489 Α
985 390 1064 448 etiam
1087 391 1245 463 septuagies
1263 390 1427 464 delinquenti
1448 389 1476 448 in
1499 404 1562 449 enm
1586 387 1665 448 tratri
1685 389 1778 448 indul·

133 477 217 536 idest
231 480 267 538 ad
280 497 389 539 omnem
402 482 549 541 Ecclesiam
564 483 635 541 Petri
658 485 837 556 propinquam
852 482 925 554 (23];
983 496 1048 555 gere
1062 480 1173 553 (battle.
1190 495 1275 552 xviii,
1285 483 1346 552 22l;
1362 480 1456 554 utique
1465 479 1533 536 nihil
1547 486 1641 553 postea
1655 478 1778 553 alligare,

131 569 220 638 qualis
235 585 266 627 es
280 577 404 629 evertens
420 581 499 646 atque
513 581 680 629 commutans
694 571 862 627 manifestam
876 573 928 628 Do·
978 565 1006 622 id
1021 567 1192 625 eatretinere
1207 567 1371 638 mandasset,
1387 567 1438 624 nisi
1466 566 1536 624 forte
1549 583 1583 625 ea
1595 583 1659 640 quae
1672 567 1701 623 in
1720 568 1777 624 Do·

130 657 198 714 mini
213 658 390 717 intentionem
415 660 593 732 personaliter
611 663 663 717 boc
686 661 764 717 Petro
779 660 926 730 conieren-
979 657 1093 721 minum,
1110 670 1165 711 non
1179 656 1206 710 in
1222 655 1331 712 fratrem
1341 657 1403 728 quis
1417 654 1568 728 admiserit,
1585 655 1779 729 praejudicatur

132 755 202 804 toni:
212 748 926 822 Superte,inquit,oedificulroEccleaiammeum(2l);
980 747 1052 803 enim
1068 761 1121 828 non
1130 745 1290 803 dimittenda
1299 746 1329 801 in
1342 746 1427 803 Deum
1437 746 1544 814 delicta,
1555 762 1617 804 cum
1631 745 1661 802 in
1672 747 1779 804 bomine

132 843 158 893 et
174 855 181 893 :
198 838 270 895 Dabo
287 839 337 895 lilii
355 840 520 906 alavandon
536 839 731 907 Ecclesiae,et:
751 841 927 912 Quaecunque
980 834 1099 891 admissa
1120 835 1264 893 donantur.
1289 835 1361 906 Quid
1381 851 1454 893 nunc
1477 843 1505 892 et
1528 835 1562 891 ad
1582 836 1737 902 Ecclesiam,
1752 839 1779 893 et

130 926 246 985 solveris
259 928 303 987 uel
322 927 492 1000 alligaveris,
512 943 567 984 noa
581 942 643 998 quae
661 926 793 983 soluerint
804 925 851 982 uel
865 925 926 982 alli·
979 923 1089 995 quidem
1103 929 1187 996 tuam,
1213 923 1364 997 psychice?
1379 924 1529 982 Secundm
1544 923 1617 980 enim
1631 923 1704 982 Petri
1718 941 1780 994 per-

42 1050 45 1055 ·
132 1016 266 1091 paverint.
282 1016 326 1073 Sic
340 1018 408 1072 enim
428 1025 454 1074 et
468 1017 557 1074 exitus
581 1018 670 1074 docel.
684 1018 714 1072 In
728 1018 787 1088 ipso
805 1013 927 1072 Ecclesia
979 1028 1073 1069 sonam
1092 1013 1258 1086 spiritalibus
1281 1020 1401 1086 potestas
1425 1014 1478 1070 ista
1499 1014 1643 1072 conveniet
1657 1013 1717 1087 (26)
1733 1025 1778 1074 ant

132 1112 270 1162 exstructa
293 1115 344 1175 est,
361 1106 389 1163 id
413 1113 456 1163 est
478 1122 526 1178 per
550 1106 649 1177 ipsum,
674 1105 733 1177 ipse
755 1104 857 1161 clavem
876 1104 927 1159 im·
980 1102 1115 1175 apostolo,
1132 1103 1340 1174 autprophetae.
1363 1102 1431 1158 Nam
1447 1108 1474 1158 et
1488 1102 1609 1159 Ecclesia
1629 1103 1778 1176 proprieel

131 1194 192 1249 buit
205 1194 278 1266 (25);
294 1196 442 1268 videquam
458 1215 464 1250 :
486 1197 542 1253 Piri
556 1195 702 1261 israeliten,
718 1194 835 1251 cambus
845 1209 928 1249 inca·
979 1191 1162 1264 principaliter
1174 1193 1233 1263 ipse
1247 1199 1289 1250 ast
1302 1191 1416 1262 Spiritus
1430 1190 1457 1246 in
1473 1206 1527 1263 quo
1542 1198 1583 1247 est
1597 1190 1706 1248 trinitas
1720 1194 1777 1265 (27)

131 1282 462 1356 dataquoedico:lesum
472 1286 650 1342 Nazarenum
659 1281 928 1341 uirumuDeouolis
979 1279 1062 1338 unius
1080 1279 1228 1339 diuinitatis
1256 1281 1324 1351 (28),
1350 1279 1428 1336 Pater
1450 1285 1479 1335 et
1505 1277 1591 1335 Pilius
1615 1289 1644 1336 et
1663 1279 1779 1354 Spiritus

131 1370 305 1431 destinatam
330 1373 400 1444 (Act.
426 1389 458 1442 ιι,
474 1373 532 1444 22),
554 1379 581 1429 et
603 1373 715 1444 reliqua.
735 1373 797 1444 lpse
810 1371 928 1443 denique
979 1377 1097 1425 sanctus.
1113 1368 1187 1426 Illam
1202 1367 1352 1426 Ecclesiam
1375 1374 1537 1442 congregat,
1550 1385 1633 1441 quain
1647 1371 1778 1429 Dominus

129 1459 235 1530 primus
258 1463 286 1518 in
308 1461 408 1518 Christi
422 1460 557 1534 baptismo
581 1460 712 1519 reserauit
738 1460 840 1516 aditum
866 1473 926 1516 coe-
978 1458 1007 1514 in
1022 1458 1108 1514 tribus
1132 1456 1341 1530 poenitetque
1364 1456 1402 1513 ita
1423 1456 1519 1514 exinde
1541 1457 1624 1513 eliam
1649 1475 1779 1517 numerus

129 1546 204 1604 lestis
224 1550 311 1623 regni,
326 1566 381 1623 quo
393 1550 534 1608 solvuntur
564 1549 675 1624 alligata
690 1556 761 1605 retro
776 1548 882 1612 delicta,
898 1552 925 1603 et
942 1584 964 1663 n
980 1547 1067 1604 omnis
1080 1548 1126 1620 qui
1149 1548 1177 1604 in
1193 1549 1263 1604 banc
1276 1546 1357 1604 fidem
1379 1546 1603 1617 conspiraverint,
1629 1547 1755 1607 Ecclesia
1768 1552 1777 1591 ¹

130 1636 275 1709 alligantur
290 1655 351 1711 quae
363 1654 418 1695 non
433 1638 532 1694 tuerint
560 1639 656 1703 soluta,
672 1635 821 1692 secundum
833 1649 924 1691 verani
979 1636 1013 1690 ab
1027 1646 1135 1691 auctore
1147 1642 1173 1692 et
1183 1641 1371 1691 consecratore
1385 1642 1522 1691 censetur.
1535 1635 1568 1690 El
1582 1635 1647 1693 ideo
1658 1637 1779 1694 Ecclesia

130 1726 260 1795 salutem
277 1734 304 1783 et
323 1726 456 1781 Ananiam
470 1724 557 1784 vinxit
578 1723 685 1781 maculo
703 1722 815 1792 mortis;
831 1732 859 1780 et
872 1723 925 1778 de·
979 1722 1086 1795 quidem
1109 1721 1207 1780 delicta
1220 1722 1346 1791 donabit;
1368 1723 1419 1780 sed
1435 1722 1561 1778 Ecclesia
1592 1722 1712 1794 Spiritus
1731 1743 1779 1798 per

128 1812 212 1870 bilem
227 1814 341 1886 pedibus
355 1813 471 1869 absolvit
483 1812 549 1868 vitio
564 1810 726 1869 ualetudinis
739 1812 812 1884 (Act.
828 1827 869 1879 iii,
884 1811 922 1884 7).
980 1810 1128 1883 spiritalem
1153 1811 1301 1878 bominem,
1317 1826 1371 1867 non
1393 1811 1507 1868 ecclesia
1521 1826 1651 1867 numerus
1673 1813 1779 1885 apisce-

128 1901 173 1959 Sic
204 1909 231 1958 el
262 1902 290 1956 in
321 1901 366 1956 illa
397 1901 591 1973 disceptatione
624 1900 807 1958 custodiendae
840 1917 926 1958 necne
979 1915 1077 1972 porum
1100 1900 1180 1973 (29):
1205 1900 1314 1957 Domini
1331 1899 1411 1967 enim,
1436 1915 1491 1956 non
1512 1899 1607 1957 famuli
1630 1908 1674 1957 est
1690 1902 1737 1974 jus
1752 1909 1779 1960 et

128 1987 208 2061 legis,
242 1988 344 2059 primus
377 1988 497 2045 omnium
517 1990 612 2045 Petrus
640 1988 741 2060 Spiritu
773 1989 925 2059 instinctus,
979 1987 1141 2058 arbitrium;
1155 1987 1205 2046 Dei
1219 1988 1316 2062 ipsius,
1332 2003 1386 2045 non
1405 1989 1565 2046 sacerdotis.

129 2084 155 2133 et
168 2077 202 2132 de
224 2077 363 2134 nationum
391 2077 534 2135 vocatione
553 2077 683 2150 praefatus
703 2095 710 2132 :
727 2081 762 2136 Et
775 2095 864 2145 aune,
881 2078 925 2134 in·
1269 2079 1383 2136 CAPUT
1402 2079 1490 2135 xxii.

129 2162 199 2234 quit,
214 2180 266 2220 cur
282 2166 399 2222 tentetis
406 2166 559 2223 Dominum
575 2165 855 2239 dednponeadojupo
866 2169 927 2237 sra-
1014 2167 1050 2223 dt
1070 2177 1097 2223 lu
1111 2168 1166 2238 jam
1189 2175 1215 2224 et
1230 2165 1258 2222 in
1272 2176 1405 2240 martyras
1428 2175 1489 2223 tuos
1503 2165 1623 2224 aliundis
1643 2168 1716 2223 banc
1730 2164 1799 2241 po·'

129 2255 220 2312 tribus
234 2257 305 2329 quod
319 2273 408 2330 neque
418 2274 470 2314 nos
483 2272 573 2329 sicque
581 2259 925 2329 patresnostrissusserre
979 2261 1113 2320 testatem,
1139 2255 1297 2327 utquisque
1321 2271 1355 2311 ex
1374 2254 1556 2312 consensione
1571 2256 1583 2294 ²
1613 2256 1724 2312 vincula
1738 2255 1779 2312 in·

128 2344 303 2402 valuernut?
314 2346 366 2404 Sed
383 2343 497 2402 ¹026
510 2347 646 2418 enimper
658 2346 855 2418 pratiamlcsu
868 2361 927 2402 cre-
979 2343 1037 2400 duit
1052 2344 1138 2399 adbuc
1158 2344 1247 2401 mollia
1270 2345 1341 2416 (30),
1356 2345 1384 2399 iii
1407 2360 1477 2401 uoto
1501 2343 1633 2401 custodiae
1658 2347 1777 2416 nomine,

129 2431 924 2505 dimersossaluterucousecuturossieutetilliblctxv,
978 2431 1068 2488 statim
1083 2432 1203 2488 ambiunt
1226 2430 1337 2489 1027
1364 2431 1473 2498 moechi,
1490 2433 1580 2488 statim
1609 2435 1713 2491 adeunt
1728 2433 1778 2490 lor·

129 2523 175 2589 lt),
192 2522 249 2591 tt).
264 2522 328 2577 llaec
342 2521 475 2577 sententia
489 2528 515 2577 el
529 2521 608 2577 soluit
622 2538 683 2597 quae
701 2522 801 2578 omissa
814 2528 877 2576 suot
892 2522 927 2577 le·
979 2524 1121 2593 nicatoras,
1145 2521 1198 2591 jam
1214 2535 1312 2593 preces
1335 2521 1546 2589 circumsonant,
1560 2522 1619 2591 jam
1653 2521 1778 2593 lacryma

129 2612 182 2682 gis,
199 2619 225 2665 et
248 2610 366 2683 alligauit
389 2627 451 2682 quae
471 2617 609 2668 reservata
627 2619 701 2666 sunt.
721 2610 798 2666 Adeo
813 2611 878 2667 nihil
891 2611 925 2666 ad
980 2611 1209 2682 circumstagnant
1231 2609 1358 2666 maculati
1382 2611 1529 2683 cuiusque3
1546 2625 1597 2666 nec
1620 2610 1669 2667 ulli
1695 2611 1777 2686 magis

129 2697 227 2754 delicta
248 2697 366 2754 fidelium
391 2697 516 2770 capitalia
535 2706 656 2769 potestas
680 2698 800 2755 soluendi
827 2699 926 2755 etalii·
978 2699 1079 2755 aditum
1111 2699 1228 2756 carceris
1262 2699 1408 2768 redimunt,
1435 2715 1515 2769 quain
1547 2699 1594 2771 qui
1626 2699 1776 2757 Ecclesiam

130 2785 211 2859 gandi
225 2788 303 2844 Petro
317 2787 495 2860 emancipata.
519 2787 567 2844 Cui
580 2787 603 2843 si
615 2797 780 2862 preceperat
795 2789 925 2846 Dominus
978 2788 1155 2858 perdiderunt
1175 2789 1242 2862 (st).
1263 2789 1405 2847 Violantur
1427 2787 1689 2847 nescientiam
1704 2797 1775 2848 tene·

816 2887 914 2951 Variae
932 2891 1086 2953 lectiones.

165 2967 176 3006 1
195 2965 321 3022 Ecclesia
336 2967 400 3023 clii.
416 2964 615 3023 ²Coniessione
629 2967 690 3025 Lat.
708 2969 814 3053 licead.
826 2971 907 3041 leop.

828 3064 1078 3129 Commentarius.

127 3195 273 3254 Ecclesiam
302 3211 336 3254 eii
356 3196 495 3280 proposito
520 3196 634 3255 maxime
658 3198 710 3256 hoc
742 3197 832 3271 capita
859 3199 924 3257 scri·
939 3212 961 3292 0
976 3196 1188 3279 HaecqadJecisse
1202 3196 1308 3255 ridetur
1325 3195 1353 3253 in
1367 3197 1544 3268 opprobrium
1564 3197 1705 3255 Pontificis
1724 3200 1774 3256 Eo·

126 3269 210 3350 beriti.
227 3267 342 3326 Proinde
365 3269 477 3325 antidoti
491 3269 552 3326 loco
570 3268 706 3325 sufficient
719 3269 772 3327 loci
799 3271 924 3355 ductoris
977 3284 1062 3351 mani,
1098 3269 1155 3325 uesi
1177 3268 1211 3326 de
1230 3268 1361 3327 Trinitale
1377 3284 1438 3326 cum
1460 3270 1574 3353 Peraea·
1588 3269 1715 3351 sentiam.
1735 3270 1775 3326 Sic

128 3339 395 3494 tuttelstet}
408 3340 924 3498 tillilll.ll.iltltl⁰ll.ltltt
978 3355 1071 3468 tlt.
1092 3341 1774 3484 littttl'tlt·,.·.t.¹ilt.lt⁸lil.ltlll'ibitis

128 3481 274 3540 Ecclesiam
284 3482 391 3547 fautor,
407 3499 505 3555 nempe
514 3483 561 3538 lib.
578 3484 785 3555 ilcProescrtpt.
802 3499 862 3553 cap.
878 3487 923 3553 22,
978 3481 1082 3549 intulita
1107 3482 1273 3539 Paracletum
1297 3481 1408 3554 fugavit,
1425 3491 1452 3539 et
1473 3483 1578 3538 Patrem
1593 3483 1738 3540 crucifixit.
1760 3503 1770 3535 s

130 3562 157 3609 et
171 3553 218 3611 lib.
235 3570 264 3611 iu
277 3555 411 3611 aduersus
428 3555 613 3621 Marci-ortem,-
629 3553 670 3610 val
680 3569 741 3609 cum
757 3553 784 3608 iii
800 3555 925 3610 haeresim
978 3553 1042 3610 liic.

130 3624 223 3695 lapsus
247 3635 327 3692 esset,
344 3625 387 3679 tili.
413 3625 446 3679 de
459 3625 642 3697 monogamia,
667 3639 726 3694 cap.
744 3627 794 3680 8...
811 3625 846 3680 Et
860 3639 925 3683 vero
980 3692 986 3704 ι
1014 3623 1071 3695 (29)
1082 3625 1143 3680 Non
1153 3624 1276 3683 &alesia
1285 3625 1632 3750 numcrasepiscoporcm.
1642 3625 1773 3695 Ecclesia,

130 3711 184 3751 non
209 3694 385 3765 personaliter
404 3694 432 3748 D.
450 3694 527 3750 Petro
551 3696 680 3751 duntaxat
702 3693 730 3749 id
749 3693 860 3760 dictum,
876 3696 925 3750 sed
979 3694 1178 3766 inquit,delicta
1191 3694 1310 3760 donabit,
1325 3695 1376 3751 sed
1390 3697 1444 3752 Ecc
1456 3696 1510 3752 asia
1523 3696 1649 3767 Spiritus,
1666 3697 1773 3753 honest

132 3765 282 3821 derivatum
305 3779 414 3834 quoque
436 3762 539 3831 ineius
559 3778 772 3830 successores‚a
804 3780 838 3821 ue
859 3765 925 3822 adeo
978 3764 1098 3820 Ecclesia
1118 3781 1179 3836 quae
1200 3765 1304 3837 Spiritu
1326 3767 1467 3842 gloriatur,
1484 3765 1531 3839 qui
1549 3768 1624 3824 Deus
1651 3772 1707 3833 est,
1730 3767 1771 3840 qui

131 3833 281 3892 Ecclesiam
293 3834 445 3891 Romanam
458 3834 561 3891 ibidem
576 3835 669 3890 uidere
691 3843 776 3891 estex
813 3835 925 3893 atribus.
978 3836 1054 3892 solus
1069 3835 1164 3892 delicta
1177 3836 1278 3894 donare
1293 3846 1392 3909 potest;
1408 3853 1462 3894 non
1488 3837 1602 3896 ecclesia
1616 3854 1681 3911 qnae
1695 3839 1773 3896 vincit

132 3907 201 3962 Pau.
979 3921 1091 3962 numero
1123 3907 1321 3990 episcoporum.
1344 3908 1532 3967 Paracleticam
1553 3909 1611 3967 sive
1642 3909 1774 3966 Montani·

170 3975 227 4048 (23)
239 3975 279 4031 ild
287 3990 399 4032 omnem
410 3975 562 4030 Ecclesiam
573 3977 651 4031 Petri
658 3978 855 4050 propiaquant.
868 3977 926 4033 Hoc
978 3991 1038 4034 cam
1053 3992 1128 4034 suatn
1149 3988 1309 4048 paucitatem
1331 3980 1445 4054 opponit
1463 3978 1628 4037 multitudini
1651 3980 1773 4038 Catboli·

132 4056 185 4117 cst,
200 4062 260 4116 quse
282 4045 413 4117 originem
438 4060 514 4100 suam
530 4046 564 4100 ad
588 4048 695 4103 Pelium
711 4046 810 4104 referre
828 4048 923 4118 possit.
978 4062 1081 4104 corum.
1097 4049 1142 4105 Sic
1156 4051 1228 4105 enim
1243 4054 1280 4106 ait
1292 4051 1360 4107 libro
1374 4052 1407 4106 de
1424 4053 1552 4123 iejuniis,
1569 4052 1707 4122 majorem
1721 4052 1772 4108 viai

132 4118 185 4174 Sed
201 4124 227 4172 et
241 4116 301 4172 aliae
324 4132 384 4187 qua
398 4114 459 4171 licet
483 4115 584 4172 nullum
599 4133 632 4173 ex
646 4118 775 4190 apostolis
796 4120 870 4176 uela
889 4135 923 4175 o·
978 4118 1172 4188 imperitorum,
1188 4122 1259 4193 apud
1286 4121 1507 4196 gloriosissimam
1527 4122 1631 4180 scilicet
1652 4124 1773 4180 multitu·

132 4187 237 4244 stolicis
258 4196 395 4244 auctorem
409 4203 488 4242 suum
511 4187 657 4258 proterant,
675 4195 764 4246 tamen
787 4190 815 4246 in
829 4136 925 4248 eausam
979 4189 1069 4246 dinem
1090 4191 1288 4263 Psycbicorum.
1305 4193 1368 4249 llic.

132 4258 394 4340 fidecenspirantes
408 4259 566 4340 nonminus
584 4261 740 4341 apostolicae
754 4261 924 4333 deputantur,
1016 4263 1072 4332 (30l
1102 4265 1132 4322 Ul
1157 4265 1271 4389 misiae
1291 4280 1327 4322 ea
1341 4265 1521 4322 consessione
1537 4264 1654 4321 uincula
1681 4264 1774 4321 induit

133 4345 182 4401 pro
195 4336 426 4404 consanguinitate
436 4329 575 4386 doctrinae.
586 4331 631 4388 Sic
641 4331 700 4404 ipse
713 4332 782 4388 libro
792 4333 825 4389 de
839 4335 927 4390 Praes·
980 4333 1071 4390 adbuc
1085 4335 1192 4391 mellae.
1234 4336 1481 4407 otatqiiorumdam
1495 4335 1686 4406 Psychicorum
1701 4336 1773 4393 tach-

133 4402 175 4458 cri
197 4404 217 4456 t.
236 4401 443 4460 lioereticorum.
462 4402 527 4459 liic.
942 4383 1038 4484 ssuaa,
1059 4404 1105 4474 qui
1128 4420 1161 4460 ex
1175 4413 1315 4479 compacto
1340 4420 1402 4462 sese
1425 4406 1452 4460 in
1467 4420 1602 4462 carcerem
1618 4406 1731 4473 dabant,
1750 4412 1773 4461 et

168 4418 925 4544 &EcclesiasticusmanifestumDomiuiintcntiencm,
981 4475 1089 4531 vincula
1107 4476 1265 4542 induebant,
1289 4481 1319 4530 ut
1341 4476 1453 4548 incoepti
1473 4477 1593 4548 martyrii
1619 4478 1692 4534 iaina
1710 4478 1771 4534 sim·

131 4544 321 4618 pascueliter
331 4544 380 4600 boc
388 4545 470 4601 Petro
480 4546 694 4614 conferentem:
712 4565 724 4594 ι
741 4543 928 4618 siipcrte,in·
980 4545 1064 4614 plicas
1078 4544 1207 4612 fidetium,
1224 4562 1271 4602 seu
1295 4546 1379 4617 viros,
1395 4563 1443 4603 seu
1466 4547 1588 4617 feminas,
1605 4547 1642 4604 ob
1656 4549 1772 4606 fornica·

132 4614 200 4687 quit,
213 4613 514 4697 aedificaboEcclesiam
522 4631 625 4671 meam
642 4616 724 4671 »Non
734 4616 928 4671 rectecitantur
981 4617 1081 4672 tionem
1092 4617 1160 4672 torte
1174 4617 1209 4672 ab
1223 4616 1345 4674 Ecclesia
1364 4618 1508 4693 relegatos,
1524 4617 1683 4676 consolandi
1703 4634 1772 4674 inar-

133 4684 293 4759 aSeptimio
307 4685 508 4754 verbaClirisli,
519 4693 652 4757 quaesunt
665 4685 738 4756 apud
751 4687 845 4742 blattb.
864 4700 924 4754 riui,
980 4689 1048 4758 lyris
1075 4687 1174 4745 allecta
1193 4688 1222 4742 in
1247 4704 1382 4747 carcerem
1398 4689 1570 4760 ventitantes,
1589 4688 1731 4754 fallerent,
1745 4703 1773 4744 ic

133 4761 178 4814 is.
202 4757 246 4814 ad
271 4771 304 4813 ea
321 4772 385 4817 vero
410 4758 617 4830 sapientissimae
640 4767 702 4812 sunt
724 4756 929 4814 observationes
980 4758 1058 4815 novis
1070 4758 1211 4814 libidinum
1229 4760 1342 4816 maculis
1355 4761 1550 4815 contaminatas
1573 4761 1606 4815 ad
1626 4761 1772 4817 Ecclesiam

133 4827 327 4900 Chrysostomi.
343 4829 408 4883 liic.
978 4829 1146 4884 remitterent
1169 4846 1230 4885 cum
1249 4830 1347 4887 litteris
1371 4833 1445 4902 pacis
1458 4842 1484 4887 et
1512 4832 1772 4888 communicationis.

168 4899 227 4971 (25)
251 4902 310 4972 lpse
326 4899 433 4953 clavem
455 4900 565 4955 imbuit.
599 4897 702 4954 Primus
733 4913 800 4955 serae
822 4897 926 4955 clavem
979 4898 1077 4970 Quales
1101 4900 1176 4970 pacis
1191 4900 1286 4956 litterae
1309 4902 1343 4955 ab
1363 4901 1494 4973 ejusmodi
1516 4902 1712 4971 nebulonibus,
1732 4900 1774 4984 qui

133 4969 261 5035 inseruit3
277 4971 352 5024 clave
373 4984 389 5022 a
411 4971 465 5023 Deo
480 4984 610 5025 concessa
630 4969 775 5040 uticoepit.
797 4969 842 5024 Sic
877 4969 925 5025 tib.
978 4969 1012 5025 dc
1031 4986 1078 5025 sua
1101 4973 1151 5040 ipsi
1184 4987 1251 5041 pace
1276 4971 1513 5043 periclitabantur?
1541 4974 1606 5029 Haec
1630 4974 1775 5044 Septimius

133 5041 166 5094 dc
190 5040 312 5112 iejuniis
334 5057 343 5092 .·
363 5056 377 5090 a
395 5037 445 5093 Ubi
466 5040 522 5108 jam
544 5039 678 5096 restitutio
700 5040 818 5097 hominis
841 5040 926 5096 imbui
979 5040 1013 5095 de
1029 5041 1175 5098 Catholicis
1203 5045 1255 5096 sub
1277 5044 1473 5115 psychicorum
1497 5042 1615 5114 nomine,
1641 5045 1690 5101 sed
1721 5045 1775 5115 jam

133 5111 229 5181 potuit.
253 5128 264 5158 ι
281 5109 343 5163 uic.
980 5110 1101 5168 infensus
1116 5113 1266 5169 auctoritati
1282 5114 1436 5170 Catholicae.
1454 5116 1516 5170 llic.

145 5248 150 5260 Ι
169 5179 228 5261 ς26)
243 5178 627 5304 Spiritalibuslpetestasista
640 5181 928 5241 conueniatParacle
1016 5183 1057 5238 Ex
1070 5185 1187 5255 eoquod
1201 5184 1322 5256 sequitur
1337 5203 1344 5241 :
1364 5207 1375 5236 i
1395 5186 1470 5241 Illam
1486 5184 1633 5242 Ecclesiam
1661 5198 1777 5268 congre·

133 5260 201 5320 treis,
217 5265 286 5322 quos
301 5258 413 5319 opponit
448 5252 572 5335 yschicis.
587 5254 650 5308 Ric.
980 5262 1028 5326 gal
1050 5271 1131 5326 quam
1151 5257 1282 5312 Dominus
1309 5256 1338 5311 in
1358 5256 1442 5312 tribus
1461 5256 1560 5326 posuit,
1582 5277 1593 5306 i
1617 5264 1646 5312 et
1663 5256 1778 5329 promds

168 5321 925 5406 (27)Principaliteripseestspiritus,inpuoiriuitns.
983 5343 996 5375 a
1017 5339 1071 5380 non
1086 5325 1203 5383 Ecclesia
1217 5328 1553 5399 numerusepiscoporum,
1574 5346 1587 5380 ι
1604 5327 1701 5386 uideor
1715 5325 1779 5382 mibi

133 5393 249 5465 Spiritus
264 5400 304 5449 est
322 5408 402 5463 quern
416 5394 543 5448 Montano
563 5393 665 5460 tribuit,
681 5404 708 5449 ct
721 5396 878 5460 trinitatem,
898 5401 928 5449 ut
981 5395 1121 5468 colligere,
1137 5397 1216 5453 etiam
1238 5413 1271 5452 eo
1285 5398 1425 5454 dementiae
1449 5399 1554 5454 uenisse
1576 5399 1736 5467 ductorem,
1751 5406 1779 5453 ut

132 5472 210 5536 putat
232 5463 376 5528 Panielius,
391 5462 515 5535 intelligit
538 5478 593 5520 non
616 5462 674 5520 sine
697 5472 806 5533 stupore
829 5478 856 5521 et
874 5464 926 5519 da·
984 5469 1072 5524 trium
1088 5472 1195 5524 nominc
1219 5469 1246 5522 in
1291 5469 1370 5524 uibus
1398 5469 1520 5525 consistit
1540 5469 1673 5536 Ecclesia,
1699 5469 1778 5527 intel·

133 5538 247 5603 mentia,
267 5536 433 5603 uenarum,
449 5535 567 5591 Priscam
590 5534 862 5593 etllaiiimillam.1.a
877 5537 926 5592 Pa.
982 5536 1079 5594 lexerit
1092 5540 1257 5604 Montanum,
1272 5487 1391 5596 Priscam
1404 5549 1432 5596 et
1446 5540 1628 5597 Maximillam.
1643 5541 1716 5599 Pari.

171 5608 369 5682 l2sl8piritus,
381 5608 926 5682 iaquoesttrinitasuaiusDt'uini'tatt's.
1017 5609 1074 5681 (al)
1089 5610 1140 5669 Nec
1155 5611 1212 5667 atti
1233 5612 1324 5684 magis
1338 5611 1452 5668 aditam
1474 5613 1598 5671 carceris
1619 5613 1777 5673 redimerat.
