3840 6134
169 287 222 348 ιιι
515 275 1461 373 rsnruanrsurorsnuuassata-snausaroasurcs.
1710 260 1713 265 ’
1757 286 1810 346 aar

166 406 348 481 conspirantia
360 403 463 480 regulis
477 412 504 464 at
517 403 745 480 dispositionibus
763 412 791 460 et
814 403 963 476 disciplinis
977 423 1002 504 g
1015 404 1056 485 de,
1071 413 1146 461 terra
1172 410 1225 470 est,
1240 402 1331 460 ibitis
1348 411 1457 463 terram.
1468 405 1524 462 lloc
1538 404 1605 473 abit,
1619 407 1691 479 quod
1704 407 1733 465 ia
1753 415 1812 484 ter·

165 497 312 566 creatoris,
327 496 386 552 sine
401 494 485 551 dubio
506 494 557 552 Dei
579 495 634 551 mei
652 493 704 550 erit
726 501 754 549 et
778 492 913 561 Christus,
935 500 962 550 at
1015 508 1073 549 ram
1087 492 1134 548 ibit
1151 493 1184 563 ⁹3
1200 494 1251 552 hoe
1266 491 1393 566 resurgit,
1408 492 1482 564 quod
1501 493 1582 550 cadit.
1604 495 1675 566 Quin
1687 513 1742 569 per
1756 497 1810 555 ho-

165 585 292 659 Spiritus,
313 593 341 642 et
353 583 513 658 Apostolus.
534 583 621 641 Habet
644 582 841 657 professionem
863 597 961 649 meam,
1014 585 1121 641 ruinam
1152 599 1239 651 ntors,
1261 587 1290 640 at
1304 597 1355 655 per
1378 581 1518 640 bominem
1547 586 1730 644 resurrectio.
1757 585 1810 643 iiic

164 676 211 750 qui
224 675 338 735 voluerit
350 690 410 732 eam
422 674 531 747 exigere
1013 673 1081 730 mihi
1096 682 1124 730 et
1138 673 1238 730 Christi
1252 687 1350 744 corpus
1368 673 1518 728 ostenditur
1539 671 1567 729 in
1581 675 1691 730 nomine
1712 673 1809 732 homi-

474 815 588 873 (ΜΤ
606 814 643 871 lx
1012 765 1066 832 nis,
1077 763 1129 862 qui
1137 769 1242 861 constat
1255 777 1289 818 ex
1303 776 1437 862 corpore,
1446 768 1474 863 ut
1487 777 1560 835 saepe
1573 763 1629 832 iam
1652 761 1809 822 docuimus.

648 857 655 871 ·
1012 850 1092 920 Quod
1106 868 1130 906 sr
1149 867 1189 908 src
1215 853 1247 907 in
1270 851 1381 909 Chresto
1408 851 1586 921 urorficornur
1612 866 1719 920 omnes,
1733 855 1809 912 saut

197 941 305 1000 Interim
331 938 502 998 Marcionites
526 939 607 1020 nibil
622 937 777 1009 huiuamodi
805 937 817 977 ⁵
846 938 868 1008 (I
896 939 957 996 Cor.
1012 942 1201 1012 motifiuomur
1218 942 1251 997 in
1264 940 1372 997 Adam:
1387 939 1500 1008 Quando
1516 939 1540 979 ¹⁰
1553 940 1581 995 in
1594 939 1680 995 Adam
1691 954 1808 1013 corpore

161 1035 209 1107 xv)
225 1031 372 1104 exhibebit,
386 1030 436 1104 qui
449 1030 527 1086 timet
536 1030 594 1100 iam
607 1030 629 1096 ⁶,
645 1028 832 1101 pronuntiare,
847 1029 927 1099 cujus
946 1028 958 1068 ¹
1011 1029 1215 1096 mortificamur,
1230 1030 1270 1086 sic
1283 1043 1395 1086 necesse
1409 1034 1451 1084 est
1465 1036 1492 1084 at
1509 1027 1536 1083 iu
1560 1027 1665 1086 Christo
1691 1043 1808 1102 corpore

159 1122 248 1195 magis
262 1120 385 1177 Christus
405 1119 528 1176 nondum
549 1119 584 1174 sit
606 1117 751 1175 revelatus.
781 1116 856 1172 Sicut
882 1131 959 1172 meus
1012 1117 1187 1176 vivificemur.
1224 1117 1368 1184 Caeterum,
1407 1115 1554 1173 similitudo
1598 1132 1654 1175 non
1689 1128 1808 1190 constat,

157 1207 356 1284 exspectandus
369 1213 420 1274 est,
442 1208 491 1279 qui
513 1205 694 1277 sprimordio
716 1203 878 1277 praedicatus
904 1214 957 1277 est,
1010 1207 1034 1263 si
1075 1223 1130 1265 non
1158 1208 1187 1263 lu
1213 1205 1308 1262 eadem
1335 1205 1485 1262 substantia
1520 1203 1737 1265 mortificationis
1777 1208 1808 1267 in

156 1301 233 1356 illius
259 1297 344 1354 idirco
371 1303 502 1364 nonest,
526 1295 590 1370 quia
612 1308 706 1351 nona
733 1293 882 1364 primordio
910 1293 955 1350 sit.
1010 1295 1108 1365 Adam,
1122 1294 1267 1355 vivificatio
1285 1303 1428 1352 concurrat
1449 1293 1478 1349 in
1491 1294 1609 1352 Christo.
1636 1293 1692 1354 Sed
1716 1295 1809 1355 inter·

157 1389 255 1446 llelius
279 1401 335 1444 non
357 1384 494 1443 credimus
519 1385 547 1440 in
574 1383 713 1441 Christum
728 1382 859 1452 futurum,
873 1397 956 1454 quam
1009 1385 1100 1456 posuit
1122 1384 1210 1441 adbnc
1231 1383 1333 1455 aliquid
1357 1383 1392 1440 de
1419 1383 1535 1450 Christo,
1550 1392 1577 1440 et
1604 1391 1713 1457 propter
1735 1401 1808 1460 prae·

155 1477 299 1536 haeretlcus
333 1474 363 1532 in
381 1475 496 1534 nullum.
524 1475 698 1533 llortuorum
717 1474 956 1531 resurrectionem
1009 1480 1113 1529 sentem
1146 1471 1370 1544 disceptationem
1409 1487 1465 1528 non
1502 1472 1687 1531 omittendum.
1718 1475 1808 1534 Tanto

154 1566 292 1643 quomodo
316 1565 430 1640 quidam
453 1571 517 1621 tunc
537 1567 670 1636 negarint
681 1563 749 1638 (to),
766 1563 840 1635 prius
866 1561 954 1634 dispi-
1008 1561 1096 1632 magis
1116 1560 1189 1618 enim
1212 1559 1369 1632 probabitur
1390 1559 1479 1616 carnis
1504 1561 1679 1634 resurrectio,
1702 1573 1806 1636 quanto

153 1658 279 1716 ciendum
305 1661 356 1712 est.
370 1653 469 1726 Utique
497 1652 592 1709 eodem
622 1652 701 1709 modo
728 1667 784 1721 quo
810 1660 838 1708 et
868 1667 950 1711 nunc.
1007 1649 1144 1707 Christum
1172 1651 1231 1721 eius
1250 1648 1301 1706 Dei
1323 1650 1476 1717 ostendero,
1495 1649 1568 1723 apud
1583 1666 1663 1724 quem
1685 1651 1806 1713 creditur

153 1745 294 1820 Siquidem
309 1756 417 1813 semper
440 1740 600 1799 resurrectio
627 1740 717 1797 cuais
742 1749 867 1815 negatur.
892 1741 951 1799 Cae·
967 1718 990 1800 Β
1004 1738 1094 1796 carnis
1108 1737 1281 1797 resurrectio.
1298 1737 1366 1794 Cum
1382 1737 1469 1795 dicit:
1488 1739 1601 1812 Oportet
1614 1739 1691 1798 enim
1704 1757 1806 1815 regna·

153 1843 251 1904 terum,
289 1829 406 1886 enimam
443 1837 472 1885 et
500 1827 663 1900 sapientium
699 1831 791 1901 plures
830 1829 950 1887 divinam
1003 1845 1034 1886 re
1055 1842 1131 1896 eum,
1151 1828 1339 1902 donacponot
1353 1828 1483 1886 inimicos
1496 1829 1556 1902 ejus
1568 1829 1708 1904 aarum
1720 1832 1804 1906 ajam,-

152 1922 328 1987 aindicantes,
348 1917 451 1975 salvam
468 1918 678 1993 repromittunt;
701 1927 729 1976 et
742 1919 839 1994 vulgus
859 1921 948 1994 ipsum
1000 1919 1057 1990 iam
1075 1919 1223 1990 quidemst
1236 1932 1269 1974 ex
1284 1917 1336 1974 hoc
1358 1917 1473 1975 ultorem
1496 1917 1583 1973 Deum
1604 1917 1697 1989 edicit,
1719 1927 1802 1994 atque

149 2025 182 2067 ea
215 2006 426 2082 presumptione
456 2004 600 2065 defunctos
630 2006 705 2075 colit,
753 2024 807 2081 qua
844 2009 949 2067 animas
1001 2004 1199 2079 exindeipsum
1221 2006 1268 2079 qui
1291 2005 1343 2062 hoc
1371 2004 1477 2062 Christo
1503 2006 1689 2080 repromiserit
1711 2005 1800 2079 (Ptol.

149 2114 245 2160 eorum
281 2111 390 2155 manere
422 2095 543 2155 conlidit.
585 2099 730 2166 caeterum,
763 2113 878 2170 corpora
904 2106 950 2156 aut
1001 2094 1084 2169 cxx):
1107 2094 1175 2153 Sede
1188 2095 1224 2152 ud
1238 2095 1386 2154 deuterum
1400 2111 1502 2163 meum,
1523 2095 1610 2152 donec
1622 2110 1728 2171 ponam
1741 2098 1800 2155 ini·

148 2187 258 2262 ignibus
278 2187 379 2258 statim,
400 2192 446 2244 aut
468 2185 542 2254 feris,
567 2185 716 2244 autetiam
741 2185 949 2260 diligentissime
1001 2186 1087 2246 nricos
1102 2191 1164 2245 taos
1176 2185 1328 2245 scabellum
1338 2184 1442 2259 pedum
1462 2189 1594 2255 tuorumr
1616 2185 1726 2260 Virgum
1739 2187 1800 2245 uir·

48 2349 50 2353 ι
147 2277 265 2345 condita,
307 2275 474 2350 temporibus
508 2285 598 2332 tamen
640 2274 741 2333 aboleri
778 2275 947 2332 manifestum
1001 2277 1264 2335 tutistuoeemittat
1278 2276 1414 2333 Dominus
1433 2289 1470 2332 en
1489 2275 1567 2348 Sion,
1583 2278 1614 2333 et
1641 2276 1801 2336 dominabi-

148 2374 201 2424 est.
217 2365 245 2424 Si
264 2380 331 2438 ergo
352 2363 442 2422 carnis
461 2363 688 2421 resurrectionem
717 2374 846 2436 negantes
868 2365 947 2438 Apo·
1001 2367 1050 2422 tur
1065 2365 1087 2404 ¹¹
1114 2366 1146 2421 in
1170 2364 1262 2424 medio
1285 2365 1469 2422 inimicorum
1490 2368 1628 2434 tuornmr
1644 2367 1751 2434 mum,
1772 2374 1801 2425 et

146 2456 235 2513 stolus
249 2453 380 2523 retundit,
400 2453 493 2526 ntique
506 2454 640 2510 adversus
662 2453 722 2510 illos
745 2461 843 2522 tuetur,
871 2454 947 2525 qnod
999 2462 1096 2511 caetera
1117 2453 1152 2510 ¹².
1176 2453 1231 2510 Sed
1253 2467 1366 2510 necesse
1389 2458 1441 2521 est,
1468 2455 1503 2512 ad
1521 2468 1609 2511 meam
1636 2453 1800 2512 senteutiam

144 2543 185 2601 illi
199 2544 347 2618 negabant,
361 2542 451 2600 carnis
472 2541 575 2599 scilicet
595 2541 832 2600 resurrectionem.
857 2541 947 2600 liabeo
999 2542 1135 2614 pertinere
1148 2540 1292 2598 delendam
1317 2557 1364 2599 eas
1383 2541 1545 2614 Scripturas,
1572 2558 1640 2616 quas
1658 2551 1686 2602 et
1710 2543 1799 2602 Judaei

145 2632 307 2706 compendio
332 2645 502 2705 responsum.
526 2632 631 2687 cetera
656 2631 712 2703 jam
736 2631 944 2691 exabundanti.
998 2631 1076 2690 nobis
1092 2645 1205 2690 avocare
1223 2641 1356 2690 conantur
1369 2630 1437 2705 (27).
1462 2631 1560 2690 Dicunt
1587 2632 1705 2706 denique
1724 2635 1800 2693 bunc

143 2722 213 2780 Nam
226 2729 254 2780 et
279 2721 370 2795 ipsum
391 2719 466 2793 quod
493 2727 661 2778 mortuorum
689 2719 851 2778 resurrectio
879 2720 945 2778 dici·
997 2720 1133 2778 Psalmum
1149 2722 1237 2793 (Prot.
1253 2720 1312 2793 arx)
1326 2721 1355 2776 in
1368 2720 1516 2779 Ezechiam
1529 2720 1671 2792 cecinisse,
1686 2722 1752 2798 quia
1775 2724 1800 2782 is

143 2820 196 2885 tur,
240 2811 325 2885 exigit
361 2809 470 2868 defendi
509 2809 686 2884 proprietates
733 2810 938 2868 vocabulorum.
998 2809 1098 2866 sederit
1111 2809 1144 2865 ad
1159 2809 1296 2866 dexteram
1309 2808 1414 2883 templi,
1428 2817 1455 2867 et
1469 2812 1562 2868 hostes
1585 2811 1645 2883 ejus
1668 2812 1798 2871 averterit

142 2902 277 2960 llortuum
303 2901 317 2939 ¹
343 2901 436 2974 itaquo
459 2897 590 2958 vocabulo
616 2914 673 2956 non
705 2905 758 2971 est,
786 2898 840 2955 nisi
866 2900 941 2971 quod
993 2896 1068 2954 Deus
1081 2905 1108 2954 et
1117 2897 1296 2970 absumpserit
1310 2897 1357 2969 (IV
1370 2900 1436 2971 lieu.
1450 2900 1531 2972 xxx);
1547 2906 1689 2974 propterea
1700 2899 1797 2974 igitur,

141 2989 232 3046 amisit
245 2988 372 3060 mimam,
395 2987 430 3045 de
447 2989 527 3058 eujus
548 2985 674 3045 facultate
696 2986 813 3047 virebat.
839 2987 945 3060 Corpus
994 2994 1023 3044 et
1035 2991 1104 3044 anta
1116 2987 1317 3060 luciferumen
1327 2990 1408 3045 utero
1417 2989 1597 3060 generantia,
1611 2986 1640 3043 in
1652 2987 1798 3047 Ezechiam

138 3086 184 3136 est
209 3079 283 3152 quod
310 3075 408 3134 amittit
437 3076 564 3146 animam,
582 3083 610 3133 et
638 3075 785 3135 amittendo
816 3075 846 3133 tlt
868 3093 943 3135 mor·
997 3076 1151 3144 convenire,
1176 3080 1203 3134 et
1228 3076 1257 3132 in
1278 3074 1301 3115 ¹³
1315 3075 1439 3132 Ezechiae
1465 3075 1632 3134 nativitatem
1648 3076 1717 3151 (id).
1739 3078 1797 3136 Nos

140 3178 234 3226 tuum:
263 3166 299 3223 ita
324 3167 436 3224 mortui
463 3166 623 3225 rombulum
655 3166 763 3240 corpori
800 3167 939 3241 competit.
997 3163 1103 3222 edimus
1129 3163 1272 3239 Evangelia
1300 3163 1374 3237 (29),
1401 3163 1435 3221 de
1461 3178 1577 3237 quorum
1606 3163 1661 3223 lida
1692 3166 1796 3241 aliquid

141 3258 235 3326 Porro,
264 3254 288 3311 si
316 3253 469 3312 resurectio
492 3253 592 3311 mortui
618 3264 671 3323 est,
692 3262 828 3311 mortuum
851 3263 941 3312 autem
993 3252 1154 3328 utiquejam
1167 3252 1196 3309 in
1210 3259 1283 3309 tauto
1305 3266 1389 3325 opere
1408 3251 1475 3309 istos
1502 3250 1681 3311 confirmasse
1707 3256 1796 3313 debe-

138 3361 194 3403 non
216 3343 289 3403 aliud
310 3351 353 3401 est
370 3358 451 3414 quarn
469 3357 578 3416 corpus,
602 3344 725 3414 corporis
745 3343 796 3401 erit
819 3358 941 3401 resurre·
993 3357 1055 3399 mus
1073 3342 1138 3414 (30),
1154 3349 1283 3400 nocturna
1297 3341 1436 3399 nativitate
1450 3340 1618 3399 declarantia
1635 3342 1794 3417 Dominum,

138 3435 204 3492 ctio.
233 3433 279 3492 stc
304 3439 333 3490 et
354 3432 572 3490 resurrectionis
593 3432 756 3490 vocabulum
782 3446 839 3490 uon
857 3431 940 3490 aliam
993 3437 1024 3488 ιιι
1035 3432 1089 3488 hoc
1101 3430 1137 3487 sit
1150 3435 1218 3489 autc
1234 3432 1395 3503 ludicram,
1412 3439 1439 3487 at
1452 3446 1487 3488 ex
1511 3430 1589 3488 stella
1601 3432 1688 3506 idagia
1707 3433 1794 3492 intel·

140 3538 199 3581 rem
221 3520 350 3593 vindicat,
380 3535 464 3594 qnam
488 3534 550 3592 quaa
577 3518 686 3577 cecidit.
715 3521 834 3595 Surgere
866 3521 941 3579 enim
993 3519 1072 3587 lecta,
1083 3524 1110 3576 ct
1122 3533 1156 3574 ea
1170 3516 1323 3575 testimonio
1333 3514 1420 3574 493
1434 3518 1535 3591 angeli,
1547 3519 1593 3592 qui
1607 3526 1689 3578 nocte
1699 3527 1795 3593 pasto·

139 3619 230 3684 potest
242 3609 296 3666 dici
315 3616 344 3666 et
364 3607 437 3679 quod
449 3604 534 3664 492
550 3608 662 3666 omnino
675 3623 731 3666 non
747 3608 854 3676 cecidit,
865 3610 940 3682 quud
992 3608 1068 3665 ribus
1081 3606 1252 3666 annuntiavit
1266 3615 1361 3665 natum
1374 3623 1436 3665 esse
1445 3624 1506 3667 cum
1517 3607 1791 3682 marimeChristum3

139 3713 249 3768 semper
260 3705 333 3754 retro
345 3696 447 3768 jacuit3
469 3711 614 3769 resurgere
639 3705 728 3754 autem
752 3712 808 3755 non
820 3708 862 3755 est
887 3699 940 3755 nisi
992 3704 1019 3754 et
1033 3713 1066 3754 ex
1079 3697 1139 3754 loco
1151 3705 1263 3770 partus:
1288 3699 1320 3754 in
1334 3696 1525 3757 diversorium
1540 3699 1612 3756 euim
1626 3701 1661 3755 ad
1682 3707 1794 3760 noctem

137 3787 200 3858 aius
221 3785 295 3858 quod
317 3785 424 3842 cecidit.
457 3785 558 3841 lterum
586 3784 659 3842 enim
689 3786 837 3861 surgendo,
874 3787 940 3860 quis
992 3785 1162 3844 convenitur.
1181 3786 1307 3844 Fortasse
1326 3802 1360 3843 an
1376 3796 1403 3843 et
1430 3787 1544 3859 mystice
1571 3788 1672 3847 lactum
1696 3789 1734 3846 sit
1763 3799 1794 3850 at

138 3874 248 3943 cecidit,
278 3887 419 3946 resurgere
445 3870 553 3929 dicitur.
581 3876 620 3932 lle
647 3875 718 3931 enim
754 3875 858 3948 syllaba
884 3876 938 3933 ite·
992 3882 1071 3934 nucu
1085 3875 1207 3933 Christus
1220 3886 1384 3944 nasceretur,
1400 3876 1444 3932 lux
1460 3875 1580 3935 veritatis
1594 3876 1701 3936 iuturus
1714 3879 1797 3955 igno-¹

136 3963 237 4023 rationi
271 3976 381 4034 semper
417 3960 569 4019 adhibetur.
598 3961 701 4020 Cadere
727 3980 793 4039 ergo
825 3965 939 4023 dicimus
992 3970 1086 4027 tantiae
1095 3970 1225 4028 tenebris.
1240 3970 1293 4029 Sed
1303 3986 1354 4030 nec
1366 3974 1500 4046 generavi
1523 3976 1551 4030 ta
1560 3972 1692 4032 edixisset
1705 3975 1792 4050 Dens,

137 4070 238 4125 corpus
251 4053 281 4110 in
295 4059 395 4109 terram
409 4066 461 4126 per
473 4059 600 4121 mortam,
618 4053 688 4111 sicut
701 4061 729 4113 et
738 4069 782 4112 res
799 4055 859 4127 ipsa
881 4065 938 4113 tes·
991 4059 1044 4116 nisi
1058 4059 1113 4116 lilio
1127 4075 1211 4133 puero
1222 4060 1256 4119 ¹¹.
1272 4061 1341 4118 Nam
1351 4060 1402 4120 etsi
1415 4061 1450 4118 de
1465 4069 1521 4119 toto
1538 4062 1642 4137 populo
1661 4064 1700 4121 ait
1722 4063 1791 4137 (iso.

138 4142 328 4217 tunnexbei
346 4142 420 4215 lege3
436 4145 543 4215 corpori
558 4141 631 4200 enim
656 4143 758 4201 dictum
784 4153 828 4204 ast
855 4144 935 4219 (Gen.
990 4148 1027 4216 1):
1052 4148 1137 4207 Filios
1161 4151 1294 4221 genmooi
1306 4167 1314 4219 ;
1338 4150 1386 4207 sed
1406 4164 1462 4207 non
1483 4149 1599 4223 adiecit:
1626 4151 1673 4210 lin
1695 4155 1791 4213 utero.

137 4235 264 4308 n1,l9):
291 4235 376 4293 Terra
389 4248 429 4304 as,
453 4237 483 4291 at
505 4233 536 4290 tn
565 4237 673 4293 terrum
697 4234 762 4294 ibis.
791 4235 833 4292 lta
863 4235 936 4308 quod
991 4236 1147 4295 cursuum
1160 4238 1261 4310 adjecit
1288 4240 1333 4298 Ec
1351 4243 1443 4308 utero,
1459 4247 1514 4298 tam
1533 4255 1610 4310 rane,
1633 4241 1714 4315 quasi
1738 4242 1791 4301 ali-

826 4336 922 4400 Variae
943 4337 1100 4402 lectiones.

170 4439 337 4514 ¹Ejusmodi
356 4439 450 4499 Vocet.
464 4436 477 4474 ¹
490 4436 579 4496 Etiam
591 4439 652 4497 Lot.
666 4439 679 4480 ¹
694 4439 843 4499 Gu'usaam
857 4443 919 4500 bot.
933 4442 1124 4501 ¹llortnorum
1132 4443 1213 4513 Pars
1224 4442 1317 4517 itaqua
1330 4444 1466 4504 vocabulo
1473 4445 1568 4506 omitt.
1587 4443 1672 4507 Senti
1683 4443 1696 4488 ¹
1709 4445 1793 4506 cadit

136 4530 169 4590 q.
186 4514 206 4570 i.
222 4522 243 4570 ι.
258 4513 314 4570 abit
329 4513 458 4573 diacona.
475 4509 724 4582 10(ὶιοιιιοιιοιιιι.
747 4514 756 4551 ¹
771 4512 961 4571 Dominaberis
975 4517 1062 4576 Fron.
1085 4514 1261 4573 etdominare
1279 4517 1318 4574 ol.
1335 4516 1406 4575 12ιιι
1424 4519 1745 4578 recensuissent.
1767 4521 1791 4561 ¹³

137 4591 207 4644 hate
235 4585 295 4645 cod.
311 4585 414 4641 Pitboe.
432 4583 456 4622 ¹¹
475 4582 548 4640 Vero
564 4583 657 4641 dioec.
671 4585 750 4659 proh.
769 4586 836 4643 lun.

834 4683 1083 4751 Commentarius.

135 4793 253 4864 pocratis
275 4789 471 4857 Mareellinam,
495 4799 521 4848 et
542 4789 686 4850 llarcionis
705 4789 791 4865 ipslus
805 4794 933 4851 laminam
950 4806 974 4886 n
989 4801 1027 4849 tat
1040 4792 1169 4851 adversus
1182 4790 1328 4863 Ebioneos,
1343 4795 1409 4853 baer.
1425 4800 1470 4865 3⁰,
1486 4793 1516 4854 s.
1531 4794 1708 4874 Epiphanius,
1725 4818 1790 4874 pro·

135 4866 219 4931 illam,
236 4879 318 4936 quam
332 4863 445 4921 Romam
459 4862 570 4921 miserat
584 4871 614 4919 nt
627 4864 679 4920 sibi
698 4864 809 4921 domurn
822 4880 934 4938 proepa·
989 4865 1057 4923 bans
1067 4880 1099 4920 ex
1113 4864 1260 4936 Scripturis
1274 4867 1425 4932 Ezechiam,
1448 4886 1510 4926 cum
1532 4872 1691 4942 prediceret
1703 4873 1790 4931 Isaiss

133 4945 185 5002 ret,
199 4937 238 4990 hs
253 4936 302 4990 l'n.
987 4951 1048 5008 cap.
1068 4950 1110 4991 vu
1122 4953 1129 4994 ε
1142 4938 1210 4994 Ecce
1219 4939 1295 5010 uirgo
1314 4942 1462 5012 concipiet,
1475 4948 1568 4997 uatum
1582 4943 1667 5000 luisse
1681 4960 1728 5002 sn.
1741 4949 1785 5002 ll.

169 5007 227 5079 (26)
238 5005 412 5061 llortaoruru
426 5005 662 5063 resurrectionem
672 5006 933 5083 qumnodopuidom
985 5006 1017 5064 a.
1033 5006 1140 5064 tustino
1154 5008 1260 5065 sullecit
1281 5008 1370 5067 dicere
1383 5014 1457 5083 qnod
1471 5010 1601 5072 &sebius
1623 5029 1658 5072 ex
1679 5016 1787 5091 virgine

134 5081 204 5135 tuuc
216 5077 360 5150 neprtrint.
378 5075 541 5134 Sadducaeos
565 5077 702 5152 intelligit,
717 5080 862 5154 dequibus
882 5098 933 5138 su·
985 5095 1042 5135 non
1058 5078 1139 5136 luerit
1151 5089 1239 5139 natus.
1255 5082 1325 5138 Part.

131 5150 225 5220 perias
239 5149 346 5221 egimus
360 5147 424 5204 satis
434 5149 502 5207 l'uso.
517 5149 559 5204 ln.
1023 5152 1082 5222 (tta)
1097 5152 1150 5208 ilos
1165 5150 1273 5209 edimus
1288 5155 1452 5225 Euonpatrb,
1469 5162 1523 5212 ete.
1552 5156 1602 5215 ilic
1617 5165 1787 5230 protestatur

167 5222 223 5292 (at)
245 5222 338 5277 ludaer'
362 5220 439 5278 nobb
454 5234 572 5279 ooooore
589 5225 741 5278 conantur.
763 5220 878 5278 Rabblni
894 5221 935 5280 sei
985 5222 1058 5295 quod
1085 5223 1202 5280 llarcion
1218 5230 1273 5279 tum
1294 5225 1420 5298 Evangeii
1435 5223 1515 5281 Lucu
1534 5228 1584 5283 tria
1599 5230 1689 5299 priore
1706 5231 1785 5303 capi·

129 5288 202 5360 licet,
218 5293 248 5346 ul
263 5306 339 5346 suam
353 5291 533 5362 pervicaciam
549 5298 685 5358 tueantur,
702 5307 717 5346 e
732 5293 856 5348 manibus
867 5308 931 5350 nos·
985 5299 1022 5362 ta,
1038 5301 1095 5349 turn
1106 5301 1192 5350 totum
1205 5293 1323 5351 hlatthoei
1338 5296 1514 5368 Euangelium
1525 5298 1677 5368 rejiciebat,
1687 5301 1784 5359 alierre

129 5362 179 5418 tris
194 5365 283 5419 locum
294 5362 369 5417 illurn
384 5361 523 5417 extrahere
536 5369 676 5428 conantur,
692 5362 884 5420 dominabitur
899 5367 931 5421 in
983 5364 1079 5423 rolens
1092 5381 1127 5422 ex
1140 5381 1165 5422 c.
1180 5380 1199 5421 ιι
1213 5366 1293 5423 Lucae
1307 5372 1334 5422 et
1345 5382 1370 5422 c.
1386 5382 1415 5422 ιν
1426 5367 1534 5425 llatbaei
1547 5370 1783 5447 testimoniaque

127 5434 221 5492 medio
233 5435 416 5492 inimicorum
431 5436 557 5502 tuorum,
571 5431 738 5504 explicantes
756 5435 791 5491 de
803 5434 927 5494 Ezechias.
984 5434 1045 5508 ipsa
1059 5435 1139 5492 etiam
1155 5439 1237 5509 paulo
1251 5437 1327 5508 prius
1341 5438 1443 5512 allegat
1456 5441 1487 5496 b.
1502 5441 1636 5514 lustinus,
1651 5445 1694 5500 lu.

127 5504 169 5561 ln.
420 5573 425 5584 Ι
548 5573 554 5586 ⁹
1019 5507 1077 5581 (30)
1105 5510 1138 5566 ln
1161 5511 1243 5566 tanto
1256 5522 1338 5582 opere
1360 5511 1427 5567 istos
1445 5513 1627 5584 confinnasse
1640 5515 1780 5575 debemus.

164 5576 221 5646 (tt)
235 5576 270 5634 Et
280 5578 310 5632 ia
325 5574 449 5634 amatre
462 5575 653 5635 natuturam.
667 5575 750 5637 heare
763 5576 836 5637 istud
851 5575 927 5638 relu-
981 5578 1061 5648 lstos,
1076 5578 1202 5637 nimirum
1214 5579 1333 5638 tudens.
1350 5581 1413 5638 ihs.
1666 5620 1669 5625 -
