3840 6134
136 325 191 387 6119
723 332 819 403 meta
838 334 914 394 IDV.
936 333 1206 402 tttthttrtttrtbs.
1726 350 1779 411 610

421 452 535 511 CAPUT
552 454 651 512 XVIII.
952 476 975 555 fl
993 473 1094 534 patrem
1121 475 1299 537 nuncupent:
1325 469 1500 525 materialium
1515 469 1540 509 ⁷²
1561 487 1625 529 vere
1649 489 1717 544 quas
1746 475 1779 530 ad

173 557 229 614 llac
250 556 405 616 auctoritate
451 560 532 617 trium
575 562 678 619 scilicet
721 563 867 624 liberorum
892 566 932 639 (9)
989 555 1086 611 laelalss
1100 556 1237 628 deletam·
1254 557 1427 631 Deffllultum
1442 560 1780 635 ¹¹⁰ffliss⁰⁰¹²Ritlem³¹¹·

138 647 252 720 agendis
267 648 347 703 rebus
366 649 508 707 exercitior
527 651 552 690 ⁸⁵
577 650 656 719 lacta,
682 651 802 710 formare
829 653 936 726 siugula
989 651 1041 700 lem
1055 645 1235 704 00mmt¹niltt
1249 648 1276 703 in
1291 647 1493 705 universllalssffl
1516 649 1587 721 (1¹)-

137 749 239 806 genera
266 736 413 793 constituit.
429 737 482 794 Sed
493 738 612 810 spiritale
626 740 735 810 quidem
756 756 810 798 nen
825 743 860 797 ita
882 756 935 813 po·
1276 787 1388 847 CAPUT
1406 789 1473 846 m

138 823 189 877 tuit
206 821 337 897 attingere
351 824 386 888 ⁶⁶,
407 834 436 878 ut
460 835 489 881 et
520 826 579 896 ipsa
605 827 748 898 spiritalis.
772 829 838 886 Fere
862 829 935 885 enlm
1476 832 1484 848 ⁸

138 910 215 983 paria
226 917 255 966 et
268 912 501 979 consubstantiva,
520 914 549 968 in
568 915 727 973 alterutrum
739 917 830 974 valere
849 917 936 974 socie·
1022 910 1077 968 Sed
1092 927 1142 968 nec
1168 909 1309 968 nemiuem
1337 910 1490 982 proprietas
1504 913 1635 984 competit
1658 918 1782 987 proprie·

140 1004 182 1053 tas
216 1005 319 1054 natnrae
351 1000 471 1071 negarit.
491 1001 530 1058 Eo
550 1001 649 1069 anime,
679 1019 763 1061 unum
782 1005 806 1044 ⁶⁷
825 1004 859 1062 ad
874 1003 934 1060 uni-
988 1000 1037 1056 tati
1052 1014 1176 1071 operum,
1191 998 1337 1070 dequibus
1352 1000 1574 1074 neminaemnia,
1595 1016 1657 1058 curn
1672 1004 1782 1063 deberet

139 1083 207 1140 male
228 1085 376 1154 coeterum
388 1088 500 1157 prolatis
518 1089 621 1145 Soteris
637 1089 800 1162 disciplinis.
825 1093 856 1148 Et
875 1090 934 1164 pri·
988 1089 1034 1144 illa
1049 1087 1211 1146 haecomnia
1227 1087 1349 1155 vocitari,
1371 1102 1459 1160 aqua
1479 1105 1523 1145 res
1547 1090 1706 1162 agebantur,
1729 1091 1782 1148 nisi

139 1187 212 1228 mum
233 1173 398 1245 (quodcum
422 1191 521 1248 magno
554 1178 668 1235 herrore
695 1177 871 1252 blasphemie
909 1186 936 1236 et
988 1176 1061 1249 qued
1073 1178 1130 1247 jam
1143 1189 1194 1230 nea
1206 1175 1240 1229 ab
1258 1173 1312 1228 illa.
1340 1174 1405 1230 Cum
1434 1175 1505 1232 enlm
1527 1174 1617 1232 dicam
1631 1178 1781 1234 Achamoth

139 1261 379 1332 pronuntiandum,
408 1272 434 1319 et
461 1265 604 1336 legendum
638 1274 679 1323 est
702 1275 729 1323 et
760 1267 936 1342 audiendum)
988 1265 1156 1320 inhonorem
1170 1261 1286 1318 AEonum
1299 1261 1431 1335 imagines
1444 1270 1660 1335 commentatam,
1687 1281 1780 1322 rursus

141 1348 225 1405 [λυυιιι
241 1350 319 1422 tingit
344 1351 370 1389 ⁶⁸
396 1352 469 1408 huno
495 1360 618 1410 nostrum
637 1361 665 1410 ot
686 1355 815 1426 omnium,
837 1365 934 1428 praeter
989 1355 1041 1410 hoc
1054 1353 1081 1407 iu
1095 1351 1218 1408 Soterem
1233 1361 1370 1407 auctorem
1385 1352 1556 1424 detorquent,
1579 1354 1625 1424 qui
1642 1354 1779 1424 perillam

140 1437 337 1503 hereticorum,
354 1445 467 1509 patrem,
491 1450 518 1497 et
531 1441 555 1480 ⁶⁹
579 1441 761 1514 Demiurgum,
791 1451 818 1498 et
845 1459 936 1515 regem
989 1442 1024 1498 sit
1036 1447 1163 1512 operatus
1179 1456 1186 1496 :
1201 1449 1232 1495 ut
1244 1440 1331 1510 ipsam
1346 1439 1467 1511 quidem,
1482 1440 1626 1512 imagInem
1642 1443 1725 1511 patris
1735 1442 1779 1498 in·

140 1524 327 1583 uniuersorum
341 1543 403 1598 quae
418 1535 479 1600 post
492 1530 579 1584 illum.
595 1530 636 1584 hb
652 1531 699 1587 illo
711 1531 783 1587 enim
798 1533 934 1601 omniew,
988 1530 1144 1588 visibiliset
1174 1528 1305 1600 incogniti
1329 1529 1422 1600 daret;
1453 1529 1616 1600 incognitam
1637 1530 1780 1587 scilicetet

140 1614 267 1670 alumen
280 1616 314 1669 ab
333 1616 389 1682 illo,
403 1625 429 1671 et
444 1631 499 1672 nen
515 1616 570 1675 51
575 1617 599 1669 8
616 1620 649 1674 ab
664 1618 722 1689 ipsa
737 1619 826 1690 potius
849 1621 936 1676 heha·
987 1618 1150 1675 iansibilem
1172 1618 1327 1689 Demiurge,
1344 1618 1468 1673 eumdem
1490 1626 1578 1676 autem
1602 1620 1779 1692 Demiurgum

141 1703 256 1767 motha
277 1704 450 1772 quaoecnlto
482 1704 551 1761 nihil
571 1707 691 1762 sentiens
713 1708 792 1777 ejus,
817 1720 843 1766 et
864 1709 936 1765 velut
990 1707 1049 1762 Nun
1072 1705 1154 1760 lilium
1188 1702 1340 1775 attingeret,
1367 1704 1525 1778 Archangeli
1553 1721 1615 1762 vero
1639 1706 1779 1780 Demiurgi

143 1789 271 1860 sigillario
285 1790 308 1830 ⁷¹
322 1793 490 1849 extrinsecus
504 1794 588 1850 ductu
600 1795 669 1866 (10),
697 1795 724 1851 in
741 1812 849 1853 omnem
868 1811 935 1868 ope·
951 1748 1068 1868 nepus,
1092 1793 1212 1865 reliquos
1235 1793 1333 1848 AEonas
1360 1795 1550 1863 exprimerent.
1566 1795 1634 1850 Cum
1649 1795 1779 1866 Imagines

147 1879 275 1934 rationem
295 1880 465 1937 movebatur.
481 1882 607 1954 Denique
639 1899 671 1938 ex
695 1885 745 1939 hac
759 1900 932 1956 personarum
987 1884 1066 1940 audie
1080 1890 1168 1937 tantas
1177 1881 1269 1952 trium,
1284 1895 1386 1951 quaero,
1404 1896 1458 1935 non
1467 1880 1508 1937 vis
1517 1897 1590 1937 nune
1604 1889 1633 1935 ut
1646 1882 1779 1956 imagines

144 1966 173 2021 in
192 1968 319 2038 operibns
345 1970 519 2043 ambiguitate
536 2012 543 2037 ,
560 1987 657 2028 nemen
686 1972 724 2027 illi
746 1973 934 2045 hletrepatorIs
989 1972 1089 2028 rideam
1105 1969 1298 2042 perversissImi
1312 1966 1391 2024 571
1409 1968 1520 2039 pictoris
1542 1968 1672 2024 illerum?
1687 1970 1777 2026 Femi-

140 2053 317 2122 miseuerunt,
343 2056 476 2112 distiuctis
505 2060 734 2130 appellationibus
754 2060 858 2116 caeteris
891 2076 932 2116 se·
989 2076 1050 2116 nam
1077 2059 1237 2126 Achamoth,
1253 2055 1562 2130 imagInempatris‘let
1578 2058 1702 2129 ignarum
1716 2072 1778 2113 ma-

137 2140 259 2197 cnndnm
271 2151 356 2199 status
378 2151 404 2201 et
418 2145 487 2201 situs
501 2161 612 2215 operum
631 2163 638 2202 t
654 2156 683 2205 ut
696 2146 852 2203 anImalium
867 2150 931 2221 qui-
987 2149 1035 2207 tris
1049 2148 1233 2221 Demiurgum,
1249 2147 1333 2202 multe
1350 2146 1435 2221 magis
1462 2144 1546 2217 patris
1560 2143 1604 2200 ⁷³?
1627 2146 1778 2218 Imaginem

135 2229 200 2287 dem
212 2228 422 2288 substantiarum
436 2247 503 2304 quas
521 2234 555 2289 ad
575 2233 714 2292 dexteram
728 2238 928 2304 commendant,
985 2237 1042 2293 Nus
1052 2237 1200 2309 ignorantis
1214 2236 1339 2308 patrem?
1352 2243 1380 2291 et
1389 2234 1499 2308 angeles
1508 2232 1624 2291 famulos
1634 2233 1778 2292 simulacra

821 2410 916 2475 Variae
935 2414 1088 2477 lectIenes.

169 2539 197 2580 ⁶⁵
210 2541 275 2622 legi
287 2543 380 2612 posset
390 2540 561 2597 exercitatior
571 2541 665 2598 tottii
679 2541 813 2613 stringere
826 2544 887 2598 lut.
898 2544 982 2654 idggie
995 2544 1099 2602 aeetias
1108 2542 1223 2600 videtur
1234 2544 1302 2600 lan.
1311 2543 1335 2583 il
1344 2543 1372 2601 Si
1383 2559 1466 2599 uuum
1482 2540 1777 2623 tilten38emlmanum

129 2612 167 2666 ad
183 2611 300 2666 anrnrale
315 2614 380 2668 tun.
396 2611 422 2649 ⁶⁸
436 2612 520 2668 Deum
535 2612 599 2680 fingi
613 2613 711 2669 adhue.
728 2614 814 2671 libert.
834 2615 919 2671 Scml.
970 2614 1249 2680 Deumdemiurum.
1267 2614 1354 2673 libera.
1372 2616 1455 2672 Semi.
1472 2613 1697 2669 10ΑΙιιΙΙοσοιιιι
1717 2629 1775 2670 st...

130 2682 223 2764 Semi.
239 2684 335 2741 emisit
349 2685 448 2751 omnia,
460 2686 559 2766 (ornan
576 2685 657 2767 lapso
674 2684 898 2767 thgpogrephr‘co.
915 2631 1494 2758 11ῶςῑιιιιιῑονυιιψῖ11ιιοιιισιιιιιιιιιιιιι.
1510 2686 1678 2755 Sinaltorte
1688 2694 1776 2741 mate·

128 2768 237 2810 morum
253 2754 318 2812 lan.
337 2754 361 2793 ⁷³
374 2754 456 2811 llulte
471 2770 558 2829 magus
570 2764 656 2828 patna
670 2758 785 2814 uncinis
799 2755 925 2814 anelodit
939 2758 1007 2815 Iun.

842 2930 1089 2997 CommentarIus.

127 3061 185 3114 καθ’
205 3061 299 3124 αὐτοὺς,
318 3065 363 3113 τοῦ
376 3058 420 3200 gir
433 3059 459 3114 ἔκ
472 3065 513 3115 τοῦ
527 3062 622 3122 πάθους·
640 3063 664 3122 ὃς
676 3055 703 3129 ἦν
717 3062 781 3128 ὕλη·
796 3065 838 3113 τοῦ
857 3061 883 3114 δὲ
903 3059 929 3114 ἔκ
944 3084 966 3163 e
981 3062 1074 3187 dessl)
1096 3062 1323 3120 I'ttt'verst'tttlem.
1340 3062 1369 3116 ltt
1391 3061 1442 3118 hoc
1457 3062 1557 3132 capiis,
1582 3069 1612 3118 ul
1627 3062 1655 3118 in
1673 3078 1775 3133 praece·

126 3137 175 3201 τῆς
191 3134 359 3202 ἰπιστροφῆςδ
394 3151 406 3185 ν
420 3134 445 3185 τὸ
460 3133 577 3200 ψυχικόν·
594 3139 634 3186 τοῦ
648 3128 677 3186 δε
692 3134 703 3183 ὅ
721 3133 850 3200 databant,
862 3136 921 3186 τοῦτ

128 3200 187 3258 ἔστι
199 3205 227 3256 τὸ
241 3205 409 3272 uituperetis,
419 3204 490 3263 οὕτως
500 3204 592 3274 ἐτράπη
606 3202 646 3256 ἐπὶ
655 3202 699 3270 τὴν
710 3202 832 3275 μόρφωσιν
838 3205 929 3262 αὐτῶν.

168 3274 375 3345 interpretatio
392 3277 479 3329 uetus.
495 3304 530 3315 -
544 3276 608 3344 Cap.
630 3277 656 3341 l,
672 3275 929 3345 §hildesemen

1016 3133 1054 3187 nti
1069 3133 1148 3187 simul
1175 3139 1202 3186 et
1223 3133 1358 3203 sequenti,
1380 3133 1573 3203 Tertullianus,
1590 3135 1623 3189 ad
1646 3133 1775 3190 modera-

983 3210 1038 3258 tum
1058 3212 1085 3258 et
1098 3219 1179 3274 grase
1197 3219 1284 3273 genus
1298 3213 1486 3273 argumentum
1501 3219 1635 3273 reversus,
1649 3205 1774 3275 jocisque

983 3274 1120 3345 paulisper
1142 3274 1310 3338 renuntiatis,
1326 3288 1378 3328 non
1405 3274 1493 3330 solum
1517 3274 1605 3328 datam
1624 3277 1658 3328 ab
1673 3277 1776 3331 lrenaee

129 3343 382 3400 Aetemortentra
386 3345 542 3415 pasalonent
549 3347 656 3415 sectant
662 3345 817 3416 concepisse
822 3344 854 3400 de
864 3361 930 3416 gra·

131 3416 282 3472 inlatione
292 3431 400 3483 eornm,
410 3433 471 3487 gooe
481 3432 546 3472 eam
556 3432 586 3472 eo
598 3421 674 3481 aaut,
683 3416 827 3472 lominum
841 3417 928 3473 visio·

128 3500 212 3549 nem,
229 3485 258 3539 id
282 3496 323 3540 est
340 3487 503 3557 Angelorum
522 3486 568 3558 qni
587 3495 663 3542 orant
677 3502 736 3542 cum
752 3500 795 3551 eo,
812 3492 838 3541 et
857 3486 929 3542 dele-

128 3561 235 3613 ctatam
252 3554 280 3608 iu
291 3565 437 3625 conspeetu
453 3573 547 3613 eornm
557 3559 697 3630 peperisse
710 3556 812 3612 tructus
825 3571 929 3614 secon-

130 3626 206 3683 datm
221 3627 302 3682 illins
330 3627 485 3699 Imaginem
509 3629 620 3698 docent,
643 3637 746 3698 partum
761 3627 931 3699 spiritualem

131 3698 286 3754 oecnedum
307 3698 508 3754 similitudinem
526 3699 624 3755 iactum
639 3698 785 3754 satellitum
804 3698 929 3755 Salvato-

131 3768 183 3824 ris.
197 3797 234 3809 -
248 3768 315 3839 Cap.
327 3771 353 3835 5,
368 3768 382 3839 ψ
398 3772 410 3822 1
426 3785 433 3822 ι
453 3769 515 3825 Iria
530 3769 615 3841 igitur
629 3771 686 3825 haec
697 3785 760 3825 cum
774 3769 928 3837 subsistant,

133 3838 292 3896 acaedam
304 3854 358 3903 eos,
370 3855 461 3894 enum
471 3841 581 3911 guidem
589 3843 776 3912 expressione,
788 3840 859 3912 guod
868 3842 932 3898 erut

133 3911 269 3974 materia,
301 3909 424 3965 alteram
447 3925 508 3966 uero
530 3913 562 3967 ele
577 3915 765 3980 conversione,
780 3912 851 3983 gued
867 3913 931 3968 eret

134 3980 286 4035 animala:
305 3981 429 4035 alterum
448 3996 512 4038 vere
531 3982 601 4054 guod
620 3983 705 4039 enico
727 3985 780 4046 est,
798 3982 869 4065 good
887 3984 932 4038 est

982 3347 1096 3406 Γιώσεως
1108 3344 1317 3416 descriptionem
1333 3344 1415 3400 relert
1435 3347 1597 3400 adamussim
1612 3355 1638 3401 et
1652 3344 1680 3398 in
1696 3360 1774 3400 suam
1844 3360 1848 3367 ·

981 3415 1068 3480 ipsius
1096 3416 1121 3470 le
1142 3419 1239 3483 nolam,
1273 3417 1462 3486 scribendique
1496 3415 1636 3489 propriam
1667 3415 1774 3470 iustitu-

984 3486 1084 3543 tionem
1098 3434 1215 3559 reffricat,
1231 3488 1278 3543 scd
1305 3495 1333 3544 et
1347 3487 1446 3546 euoluit
1459 3488 1608 3544 luculenter
1622 3495 1649 3543 et
1663 3485 1774 3542 uberius

982 3567 1098 3615 enarrat.

1017 3631 1088 3685 Iron.
1117 3627 1247 3685 adversas
1269 3629 1370 3684 liceret.
1390 3643 1450 3698 cap.
1479 3630 1506 3696 a,
1526 3627 1540 3699 ψ
1563 3631 1636 3685 1...
1662 3625 1725 3679 ἀλλὰ
1745 3626 1775 3680 ab

982 3697 1025 3771 pls
1054 3699 1211 3770 πνιυμστικὸν
1233 3696 1266 3771 μὴ
1286 3694 1430 3767 δεδυνῆσθαι
1449 3697 1510 3772 αὐτῇ
1550 3703 1667 3770 appianae,
1692 3693 1774 3766 ἐπειδὴ

982 3771 1111 3841 epactam
1124 3772 1195 3840 ὺιιῆρ·
1207 3788 1230 3821 εν
1249 3771 1319 3837 abt-ip
1332 3771 1467 3840 Tarpriptou
1485 3770 1512 3822 δὲ
1527 3719 1565 3823 Eri
1587 3769 1629 3837 τὴν
1645 3770 1774 3841 μόρφωσιν

982 3842 1026 3899 τήν
1039 3843 1167 3914 γινομένην
1182 3789 1209 3893 g,
1227 3845 1269 3908 τῆς
1292 3827 1435 3912 ἔπιστρσφῆς
1458 3841 1532 3909 αὐτῆς
1551 3841 1651 3909 ψυχικῆς
1679 3839 1772 3903 elotae,

982 3909 1111 3984 apesselsis
1125 3930 1151 3965 τε
1164 3912 1195 3965 τὰ
1204 3929 1223 3964 rt
1255 3911 1324 3966 ὰτοῦ
1334 3913 1449 3982 Σωτῆρος
1460 3914 1599 3983 μαθήματα.
1614 3911 1661 3965 Καὶ
1675 3916 1773 3983 πρῶτον

982 3984 1169 4056 μεμορφωκέναι
1192 3984 1221 4034 etl
1253 4001 1266 4036 ν
1288 3981 1376 4052 ἕντῆς
1399 3983 1499 4055 ψυχικῆς
1518 3982 1597 4043 σὺσ1ας
1619 3982 1774 4054 λέγουσιτὸν

134 4067 149 4106 a
171 4049 480 4121 ’νί1υσ1σ,ιὶουοιιιισνοο
489 4055 531 4108 est
540 4054 573 4107 in
582 4055 784 4124 formationem
794 4068 929 4126 ipsoram.
983 4057 1075 4125 πατέρα
1098 4055 1138 4106 eat
1161 4053 1264 4118 βασιλέα
1282 4055 1377 4106 πάντων
1398 4059 1448 4108 τῶν
1462 4073 1487 4106 τι
1506 4054 1517 4104 1
1539 4054 1626 4106 enatus
1646 4055 1714 4126 αὐτῷ
1717 4088 1772 4107 .....

136 4067 206 4176 1111111.
982 4124 1119 4191 λιληθότων
1139 4125 1273 4193 maielpotus
1286 4124 1332 4176 tat
1345 4129 1388 4193 τῆς
1404 4126 1500 4196 μητρὸς,
1517 4075 1566 4179 fau
1580 4124 1620 4177 ael
1638 4125 1773 4194 Μητρσποί-

174 4191 214 4263 (9)
231 4192 327 4248 Trium
341 4192 449 4250 scilicet
460 4192 621 4249 liberorum·
637 4193 677 4248 De
688 4193 749 4262 jure
764 4192 844 4248 trium
858 4192 927 4248 libe-
983 4211 1044 4263 rope
1046 4230 1100 4247 .....
1111 4195 1153 4246 καὶ
1166 4195 1315 4265 Δυμιουργὸν
1334 4196 1404 4248 aaran
1421 4196 1460 4247 καὶ
1475 4195 1540 4247 [Iasi
1555 4213 1572 4245 σι
1589 4195 1709 4246 καλοῦσι·
1726 4201 1773 4247 τῶν

140 4275 230 4316 rernm
251 4262 334 4319 multa
357 4271 421 4318 sunt
435 4266 534 4334 passIm
546 4263 575 4318 ln
594 4264 831 4320 constitutionibus
850 4269 926 4318 vete·
981 4262 1024 4336 pls
1039 4258 1127 4323 δεξιῶν
1137 4264 1231 4333 πατέρα
1243 4264 1355 4335 λέγοντες
1366 4263 1448 4328 αὐτὸν,
1459 4266 1524 4316 τοῦτ’
1535 4215 1643 4316 frarann
1654 4263 1771 4330 ψυχικῶν.

138 4346 196 4387 rum
211 4331 302 4403 impp.
323 4333 406 4389 Vetus
416 4334 561 4406 interpret,
574 4336 624 4389 hoc
634 4340 674 4390 ast
692 4333 829 4404 expositor
843 4333 925 4389 Codi-
979 4340 1032 4386 Τῶν
1039 4328 1067 4385 at
1081 4332 1223 4403 ἀριστερῶν,
1235 4335 1301 4387 τοῦτ’
1315 4333 1366 4387 ἔστι
1376 4340 1425 4388 τῶν
1436 4335 1523 4387 etima
1533 4335 1695 4406 Δυμιουργον,
1711 4353 1773 4405 συμ-

138 4400 174 4457 cis
196 4403 300 4459 Tltcod.
329 4404 376 4475 qui
395 4405 503 4461 mutilus
522 4411 630 4470 exstat,
653 4420 713 4475 cap.
743 4404 775 4461 de
795 4405 927 4475 legitimis
943 4367 966 4445 n
980 4406 1074 4459 πάντων
1089 4402 1116 4456 δὲ
1131 4403 1242 4474 βασιλέα.

138 4473 241 4530 boered.
256 4472 306 4528 lib.
333 4490 360 4540 v,
389 4475 464 4531 docet
491 4485 604 4531 matrem
620 4475 716 4530 habere
728 4473 774 4543 jus
788 4479 867 4529 trium
892 4475 928 4529 li-
1016 4475 1215 4546 interpretatio
1230 4475 1318 4529 oetas.
1333 4503 1368 4513 -
1382 4473 1395 4544 ψ
1410 4478 1437 4530 1.
1453 4472 1504 4529 Sed
1517 4473 1647 4544 spirltule
1661 4474 1773 4545 guidem

137 4542 273 4609 bererum,
290 4543 313 4598 si
336 4545 453 4614 ingenua
471 4553 526 4600 tres
553 4554 644 4615 partus
658 4545 784 4611 vivos,'et
807 4544 928 4599 libertina
982 4541 1773 4618 nonpetnisseeemsorrnaretelocentlgaoniemejusdcm

137 4623 252 4685 quatuor
272 4614 394 4669 ediderit.
415 4618 471 4672 lloc
499 4615 666 4687 privilegium
697 4615 774 4672 etlam
805 4614 927 4685 illisqui
979 4612 1679 4686 substantieeierotteetemasilladoocalalum
1694 4615 1774 4684 ὁμοιῶ-

138 4686 226 4740 nolles
255 4685 417 4741 sustulerant
456 4685 575 4755 liberos,
605 4686 739 4742 interdum
777 4685 928 4758 principum
981 4706 1035 4740 σιον
1061 4688 1115 4744 cod
1129 4685 1773 4756 Tertullianusnoveet(ortitereapresntseri-

139 4754 229 4810 latore
239 4756 445 4811 concedebatur.
462 4757 510 4813 Ius
534 4757 614 4812 trium
638 4758 782 4814 liberorum
801 4756 929 4813 Suetonio
982 4704 1085 4814 tenio:
1104 4755 1343 4825 consubstantiae)
1356 4771 1510 4816 conversam
1524 4754 1655 4834 autemid
1669 4755 1772 4834 torma·

137 4823 294 4896 Tranquillo
308 4841 403 4895 parum
428 4825 490 4882 felix
510 4827 709 4883 nratrimonium
735 4834 847 4898 experte
878 4828 929 4881 tri·
982 4826 1081 4883 tionem
1103 4830 1172 4896 ejus,
1193 4843 1253 4901 quae
1274 4828 1343 4883 iacta
1369 4835 1427 4883 erat
1448 4828 1481 4882 de
1502 4838 1676 4883 conversione
1700 4840 1772 4894 erus,

138 4895 195 4951 buit
208 4897 341 4965 Traianus
364 4898 463 4966 Cesar,
495 4897 522 4953 id
552 4899 687 4954 rarissime
715 4897 802 4955 lacere
825 4897 928 4965 solitus,
983 4896 1772 4972 animalissubstantia,emIsissequoqueaSalvateredec·

138 4982 186 5023 nec
213 4983 356 5023 numemm
377 4970 519 5040 excedens,
535 4985 616 5040 quem
644 4970 714 5041 apud
735 4969 931 5039 amplissimum
983 4968 1077 5026 trinas.
1094 4971 1233 5043 litprimo
1248 4970 1359 5042 guidem
1377 4974 1513 5042 formasse
1531 4968 1773 5026 eumdeonimoli

137 5045 268 5105 senatum,
298 5038 350 5092 sibi
375 5038 550 5096 sullecturum
579 5040 693 5095 dixerat.
717 5039 799 5094 Porro
817 5040 931 5095 multum
983 5040 1143 5098 substantia
1163 5041 1263 5097 rimant
1277 5045 1364 5098 Deum
1383 5045 1500 5099 Putrem
1514 5044 1542 5097 et
1555 5040 1728 5098 &leuiorem
1744 5043 1773 5095 et

137 5111 244 5163 valebat
261 5111 306 5178 ius
330 5109 410 5166 trium
436 5110 583 5167 liberorum
597 5112 631 5165 ad
645 5110 815 5167 haereditates
827 5110 931 5166 adeun·
984 5113 1082 5183 Regem
1096 5119 1224 5168 omnium
1235 5113 1357 5183 ejusdem
1372 5113 1572 5169 solstuntlrcei
1575 5150 1630 5168 .....
1646 5114 1685 5167 Ee
1696 5111 1773 5169 enim

138 5180 195 5234 das.
212 5182 303 5235 Runa.
965 5189 1044 5254 ‘qne
1058 5189 1119 5255 post
1134 5200 1200 5240 enm
1214 5188 1291 5251 suet,
1307 5199 1373 5239 eum
1383 5184 1482 5239 dicunt
1496 5188 1633 5253 sermome
1648 5183 1773 5240 latenter

125 5272 131 5287 ·
173 5251 231 5321 (to)
247 5251 412 5321 Singillario
426 5253 707 5310 earnasecasiueta.
721 5250 874 5308 Sichabent
887 5266 932 5308 ve·
983 5259 1091 5311 motum
1105 5271 1123 5308 ο
1141 5258 1315 5311 matresua:
1333 5255 1454 5311 undeet
1477 5255 1723 5330 llelropeterem...
1743 5257 1773 5308 et

140 5327 208 5375 teres
228 5322 339 5390 guidem
364 5321 435 5390 libri,
459 5324 507 5377 sed
531 5325 608 5378 laiso.
633 5322 748 5378 Omnino
772 5323 929 5394 legendum,
983 5326 1165 5398 Demiurgum
1179 5330 1207 5383 el
1221 5328 1336 5381 Putrem
1350 5327 1635 5382 vocontbeatroram
1649 5326 1770 5395 attidem,

137 5390 276 5461 sigillario
297 5392 395 5447 dacia.
406 5393 528 5448 Sielibro
538 5395 572 5448 de
586 5392 683 5459 aniate,
696 5394 837 5466 Sigillaria
851 5398 930 5451 moto
982 5398 1097 5453 Patrem
1112 5399 1236 5453 dieentes
1250 5414 1324 5460 cam,
1345 5397 1375 5452 id
1389 5400 1440 5460 est,
1454 5399 1662 5470 paganismum,-
1680 5396 1769 5450 sinn-

138 5463 315 5533 tnperficiem
325 5464 405 5518 intes
415 5467 552 5535 agilanle.
562 5465 929 5538 Glosseeteteres,Sigillari,
983 5471 1092 5525 trorum
1105 5484 1178 5533 vero,
1194 5469 1224 5523 iel
1237 5471 1289 5534 est,
1306 5469 1473 5539 hylicorum,
1498 5467 1689 5539 Demt'nrgum,
1705 5480 1768 5522 em·

137 5530 187 5585 Νιυ
211 5538 329 5588 'emmau
345 5535 450 5590 Ilarous
464 5536 625 5606 Antoninus,
641 5534 716 5593 initio
728 5534 777 5594 lib.
791 5551 841 5611 vlt,
860 5535 929 5594 oluit
980 5540 1062 5595 niam
1075 5545 1174 5598 onum
1187 5555 1290 5611 regent.
1304 5539 1376 5596 Eun.

137 5620 153 5656 rt
251 5605 609 5679 aareepemmoepnattre.
