3840 6134
74 272 124 334 165
658 270 734 333 llll.
755 268 930 332 ultusultus
947 270 1135 335 suoaeltctt.
1670 282 1721 347 166

68 393 216 453 confitebor
236 410 332 454 coram
360 399 440 455 l‘alre
466 413 528 455 meo
555 395 648 470 quiin
672 398 747 455 coelis
774 398 837 455 esti
854 417 866 448 ι
883 413 907 494 Α
923 400 997 470 potui
1010 401 1087 473 (7l)3
1103 401 1243 457 sustinebo
1257 402 1372 472 majores
1387 410 1541 475 potestates,
1561 407 1608 480 qui
1630 410 1720 467 mino·

67 486 174 556 Eripere
191 487 348 543 medebuit
371 503 407 543 cx
422 487 473 545 isto
489 496 603 543 terrene
617 487 796 544 confessionis
826 504 868 543 er·
926 490 1239 558 ribuscessi3merebor
1263 494 1378 565 denique
1401 496 1514 562 admitti,
1543 500 1597 568 jam
1623 503 1719 557 exelu-

66 590 127 639 rore‚
142 592 231 647 quam
249 578 355 650 suscipi
368 579 457 634 noluit
475 579 509 644 ⁶⁸,
526 578 549 632 si
564 575 703 634 coelestem
729 576 872 649 praeeepis·
925 594 981 634 sus.
997 580 1120 652 Suppetit
1143 582 1232 637 adbuc
1249 581 1363 638 dicere:
1384 581 1412 637 Si
1431 584 1458 639 in
1482 587 1637 644 celestibus
1655 606 1721 647 con·

65 671 104 728 set,
118 664 183 736 qnia
200 665 303 721 nullos
321 667 387 724 alios
400 667 524 724 homines
549 681 677 723 noveram
706 674 804 738 preter
830 664 873 720 in·
926 665 1065 733 iitendum,
1082 677 1108 724 et
1124 669 1167 725 hie
1186 668 1210 708 ⁷⁴
1226 670 1377 745 negandum
1393 679 1450 740 est,
1476 689 1538 728 nam
1552 676 1578 713 '¹⁵
1593 678 1637 732 ubi
1653 679 1717 735 alte-

64 755 126 809 atas
143 762 246 818 terrae,
264 769 304 810 ne
325 755 386 828 ipso
412 757 523 828 quidem
540 755 707 811 adbucluuc
739 754 767 809 in
796 753 873 811 coelis
926 771 997 822 rum,
1028 756 1065 813 ibi
1079 758 1104 795 ³⁶
1118 760 1383 830 utrumquc;aemula
1411 761 1482 816 enim
1511 779 1625 835 queque
1652 782 1719 823 con·

66 841 355 913 bominceonspecto.
376 842 741 915 Queporrofrdesrerum,
768 853 798 899 ut
813 850 874 911 post
925 855 1048 901 currunt.
1072 846 1158 901 Etiam
1191 847 1406 918 persecutionem
1443 849 1469 904 in
1505 851 1582 907 coelis
1623 854 1720 925 agitari

64 944 193 985 excessum
215 929 257 984 ad
272 946 399 1004 superne
414 932 570 989 sublevatus
580 931 615 998 ⁶9,
632 930 685 986 illic
698 931 826 1001 probarer
835 931 871 997 ³⁰,
926 934 1069 1003 oportebit,
1098 953 1160 1009 quae
1188 937 1367 994 confessionis
1394 940 1581 1012 negationisve
1609 944 1722 1000 materia

64 1033 102 1089 quo
114 1033 167 1072 non
185 1017 249 1072 nisi
263 1017 330 1091 jam
345 1021 475 1092 probatus
495 1019 672 1092 imponerer?
688 1018 740 1074 illie
754 1018 787 1073 de
799 1034 872 1090 pre·
926 1032 977 1078 est.
1012 1023 1082 1093 Quid
1115 1025 1203 1096 itaque
1232 1042 1332 1098 cessas,
1370 1027 1547 1085 audacissime
1577 1032 1720 1098 heretice,

63 1113 123 1177 cepto
141 1105 165 1144 ⁷¹
184 1106 391 1175 examinarer,
407 1109 465 1179 (69)
480 1123 533 1180 quo
553 1106 605 1163 nisi
619 1106 800 1162 admittendus
815 1122 873 1177 per·
926 1118 1012 1166 toturn
1026 1113 1145 1168 ordinem
1159 1114 1319 1170 Christiane
1343 1117 1529 1173 concussionis
1548 1117 1575 1173 in
1604 1134 1722 1190 superna

63 1194 135 1251 neure
158 1210 225 1252 non
256 1196 571 1267 possemiClrristianc
595 1196 694 1252 coelum
719 1203 779 1250 ante
800 1202 873 1266 patet
925 1199 1080 1265 transferre,
1097 1210 1124 1257 et
1138 1201 1164 1257 in
1179 1203 1283 1273 primis,
1300 1205 1386 1272 ipsum
1413 1206 1639 1262 nominisodium
1669 1208 1724 1264 illic

63 1285 295 1356 quamria3quia
314 1285 439 1342 nullaria
449 1287 475 1340 in
487 1285 595 1353 eoelum,
608 1284 659 1340 nisi
673 1283 716 1341 cui
726 1291 799 1356 patet
813 1299 872 1339 eoe-
926 1288 1069 1354 collocare,
1098 1290 1144 1344 ubi
1169 1292 1202 1344 ad
1227 1292 1312 1345 Patris
1327 1293 1463 1347 dexteram
1492 1294 1621 1364 presidet
1647 1296 1723 1350 Chri·

64 1374 213 1446 luu3quod
232 1373 292 1445 qui
311 1373 442 1447 attigerit,
457 1373 576 1429 intrabit.
593 1374 666 1445 Ques
680 1371 746 1429 mibi
756 1381 873 1444 potesta·
925 1378 1008 1432 stus‘?
1033 1377 1090 1434 lllic
1112 1377 1259 1435 constitues
1281 1378 1305 1417 Ἡ
1328 1388 1354 1434 et
1368 1394 1520 1455 synagogas
1547 1383 1723 1452 Judaeorum,

63 1459 384 1532 lesjeoitrioesaffirmas
396 1464 473 1533 juxta
486 1464 632 1518 Romanam
653 1459 871 1533 superstitionem
923 1463 1012 1520 fontes
1038 1466 1265 1535 persecutionum,
1284 1470 1356 1537 apud
1384 1484 1450 1540 queas
1474 1471 1591 1540 apostoli
1613 1472 1723 1543 llagelia

63 1550 389 1623 lanrmqucmdam‘l2et
403 1551 548 1609 Forculum
563 1560 589 1607 et
600 1549 778 1608 Limentinum
787 1549 872 1622 (itii
925 1554 1046 1623 perpessi
1061 1560 1132 1620 sunt,
1149 1562 1176 1610 et
1192 1555 1306 1625 populos
1321 1554 1459 1610 nationum
1477 1572 1537 1612 eum
1551 1574 1601 1613 suo
1611 1559 1722 1629 quidem

64 1658 112 1711 quas
136 1657 152 1697 a
179 1640 337 1697 cancellis
365 1640 476 1697 ordinas
508 1639 723 1711 potestatestsi
754 1654 871 1710 unquam
925 1638 1006 1705 circo,
1036 1640 1081 1695 ubi
1108 1638 1190 1696 lecile
1216 1642 1396 1712 conclamant,
1423 1663 1434 1693 r
1466 1644 1609 1717 Usquequo
1636 1662 1723 1719 gertus

65 1727 134 1803 legisti
155 1729 241 1801 apud
260 1728 356 1783 David
375 1730 461 1799 (Prot.
478 1742 557 1792 xxiv,
572 1729 611 1797 7),
628 1728 742 1798 Auferte
762 1731 871 1799 portos,
890 1705 912 1782 Β
928 1730 1034 1784 tertium
1051 1730 1134 1799 (lidi
1151 1749 1163 1780 s
1180 1730 1234 1785 Sed
1248 1739 1275 1785 et
1289 1730 1385 1785 tratres
1402 1738 1509 1787 nostros
1531 1742 1558 1788 et
1583 1742 1671 1803 patres
1696 1742 1723 1790 et

66 1818 381 1892 panetpesmestrasss,
393 1823 420 1875 et
435 1817 875 1891 amoveremus-taeterrimae
928 1814 998 1872 lilios
1013 1826 1038 1874 et
1053 1833 1147 1874 socrus
1165 1827 1191 1873 et
1214 1835 1300 1874 nurus
1314 1826 1342 1874 et
1355 1819 1519 1877 domesticos
1534 1831 1640 1878 nostros
1669 1824 1722 1879 ibi-

66 1907 165 1964 introbr't
180 1923 246 1963 rex
264 1908 385 1978 clerice.
395 1906 423 1962 St
435 1907 498 1961 item
513 1906 612 1961 audisti
629 1907 701 1979 apud
716 1913 800 1962 Amos
810 1907 871 1976 (lx,
927 1904 988 1959 dem
1002 1907 1128 1962 exhibere
1142 1908 1254 1963 debebis
1268 1906 1303 1975 7⁰,
1320 1923 1367 1978 per
1380 1924 1449 1980 quos
1470 1909 1577 1965 traditio
1592 1910 1724 1982 disposita

68 1995 87 2060 tl
98 2012 103 2050 :
113 1996 165 2063 Qui
178 2011 352 2052 &censens
362 1995 448 2051 illum
462 2011 548 2052 suem
562 1994 685 2064 edificat
695 1995 728 2050 in
738 1994 828 2059 eoetos,
843 1998 871 2051 et
927 2002 968 2047 est
984 2011 990 2047 :
1007 1994 1071 2048 item
1087 2009 1166 2065 reges
1184 2003 1212 2050 et
1231 1995 1360 2066 presides
1380 2003 1407 2051 et
1429 2006 1543 2053 armatas
1568 2006 1722 2072 potestates,

67 2087 259 2155 profusionem
270 2101 361 2140 suom
371 2085 478 2156 sardot
488 2085 521 2141 in
537 2089 628 2141 terror
641 2106 651 2154 ;
662 2084 730 2140 seito
741 2092 768 2138 et
781 2098 873 2140 asceu-
926 2081 998 2152 apud
1013 2098 1084 2153 quos
1107 2098 1189 2138 eausa
1204 2084 1343 2159 purganda
1365 2085 1390 2123 ⁷⁹
1410 2093 1461 2141 est.
1478 2087 1533 2141 Erit
1551 2095 1624 2144 certe
1643 2089 1724 2144 etiam

69 2171 200 2229 senilium
215 2172 332 2230 exinde
346 2172 545 2245 complanatum
562 2172 681 2246 vestigiis
712 2170 830 2237 Domini,
847 2178 874 2227 et
926 2185 1016 2225 carcer
1029 2171 1054 2224 in
1066 2171 1146 2240 coelo,
1161 2187 1255 2228 careus
1270 2172 1337 2239 sole,
1360 2181 1406 2228 aut
1428 2174 1542 2246 ingratis
1565 2175 1722 2242 luminosus,

70 2259 196 2318 introitum
224 2261 337 2318 exinde
363 2270 513 2318 reseratum
540 2261 645 2318 viribus
675 2260 784 2326 Christi,
823 2274 874 2316 nec
927 2266 954 2314 et
967 2259 1073 2316 vincula
1087 2260 1202 2317 tortasse
1211 2261 1245 2317 de
1264 2261 1349 2329 zonis,
1366 2272 1392 2318 et
1418 2263 1551 2333 equuleus
1582 2267 1639 2321 axis
1666 2266 1725 2338 ipse
1832 2312 1836 2318 .

70 2351 134 2406 ullam
145 2357 330 2406 moramaut
358 2350 534 2421 questionem
549 2352 577 2406 in
598 2350 691 2405 limine
714 2347 873 2404 Christianis
927 2351 973 2423 qui
986 2355 1111 2420 torquet:
1128 2357 1186 2405 tum
1215 2348 1237 2403 si
1267 2349 1428 2419 lapidandus
1443 2350 1622 2420 Christianus,
1644 2369 1725 2426 gran-

70 2452 248 2506 tocursuram,
276 2438 329 2510 qui
357 2453 412 2494 non
430 2438 551 2511 dignosci
584 2438 700 2494 babeant
731 2437 795 2504 illie,
825 2437 873 2493 sed
927 2438 1005 2494 dines
1019 2437 1185 2506 aderunt;si
1199 2438 1330 2507 urendus,
1346 2437 1459 2495 fulmina
1474 2456 1530 2510 pre
1547 2457 1629 2496 manu
1644 2451 1724 2513 sunt;

70 2528 181 2598 agnosci,
203 2543 262 2584 uec
291 2526 465 2602 interrogari,
485 2530 533 2583 sed
561 2526 677 2583 admitti.
701 2526 770 2582 Nam
797 2534 824 2582 el
849 2525 872 2580 si
927 2526 950 2581 si
973 2525 1157 2592 trucidandus,
1180 2525 1291 2582 Orionis
1314 2529 1408 2582 armati
1433 2543 1527 2583 manus
1550 2529 1576 2567 ⁸⁰
1597 2531 1725 2600 operabi-

70 2616 145 2673 adbuc
167 2618 303 2673 clausum
326 2628 406 2687 putas
425 2617 534 2687 coelum,
550 2624 682 2671 memento
705 2614 791 2671 claves
814 2615 874 2684 ejus
929 2624 984 2684 tur;
1016 2616 1038 2670 si
1074 2614 1169 2671 bestiis
1197 2615 1331 2672 liniendus
1367 2615 1434 2688 (76),
1465 2632 1540 2672 ursas
1577 2619 1725 2690 septentrio

72 2704 280 2762 bicliominum
297 2707 392 2772 Petro,
407 2713 433 2761 et
446 2721 579 2777 pereum,
601 2704 730 2761 Ecclesiae
749 2703 874 2774 reliquis·
928 2703 1112 2773 enrittet(77)‚
1144 2703 1270 2760 zodiacus
1291 2713 1384 2760 tauros
1411 2714 1438 2760 et
1453 2705 1558 2764 leones.
1588 2705 1651 2763 Haee
1678 2708 1724 2778 qui

72 2809 187 2866 se‚quas
211 2794 261 2851 bic
283 2794 476 2868 unusquisque
501 2797 683 2865 interrogatus
709 2802 872 2864 atquecon·
927 2792 1086 2849 sustinuerit
1112 2791 1140 2846 in
1168 2790 1259 2859 linem,
1291 2792 1340 2848 iste
1373 2793 1424 2850 erit
1441 2795 1542 2850 salvus.
1572 2795 1682 2867 Ergone
1697 2804 1725 2853 et

71 2883 154 2939 lessus
178 2885 252 2940 leret
282 2899 387 2940 secum.
415 2883 467 2940 Sed
498 2891 638 2940 asseverat
664 2881 789 2939 diabolus
813 2881 873 2951 ,illic
926 2879 985 2936 linis
1000 2878 1027 2933 in
1041 2880 1126 2948 ecelis,
1150 2889 1177 2937 ct
1196 2881 1298 2953 passio,
1314 2889 1341 2937 et
1354 2882 1464 2950 occisio,
1483 2890 1509 2938 et
1540 2884 1627 2954 prime
1654 2900 1722 2941 con-

77 2971 272 3036 scribendum,
295 2979 327 3027 ut
355 2971 468 3027 suadeat
494 2971 539 3028 bic
565 2970 731 3046 negandum.
760 2969 871 3024 Pulchra
887 2983 910 3062 c
924 2968 1031 3024 lessio?
1048 2970 1080 3023 Et
1096 2969 1140 3023 ubi
1155 2984 1230 3037 caro,
1245 2972 1370 3027 omuibus
1388 2972 1448 3028 istis
1469 2973 1647 3029 necessaria?
1675 2975 1722 3030 ubi

80 3056 202 3114 videlicet
211 3058 370 3117 documenta
385 3058 443 3131 (71)
470 3058 638 3131 premittam,
660 3059 745 3114 bonas
769 3071 871 3113 mecum
924 3057 1048 3126 corpus?
1068 3056 1141 3127 quod
1168 3059 1257 3112 solum
1277 3059 1312 3112 ab
1339 3058 1495 3116 hominibus
1521 3061 1601 3116 habet
1626 3064 1723 3120 occidi.

83 3145 170 3201 clares
185 3143 347 3217 ieramtlS),
364 3148 490 3205 timorem
510 3145 591 3205 m
607 3163 711 3212 eorum,
724 3145 770 3217 qui
784 3147 872 3201 solum
927 3142 989 3200 llaec
1008 3142 1086 3198 nobis
1109 3144 1187 3198 etiam
1214 3143 1348 3199 ludicrum
1371 3147 1398 3200 iu
1424 3147 1530 3200 modum
1553 3159 1626 3205 certa
1655 3154 1724 3209 ratio

79 3247 184 3304 corpus
202 3232 332 3302 occidunt,
347 3237 444 3291 animae
459 3244 550 3291 autem
577 3237 643 3292 nibil
667 3234 767 3290 iaciunt
780 3233 838 3304 (73)
862 3250 869 3289 :
926 3232 1071 3298 mandavit,
1100 3247 1150 3287 nac
1165 3230 1237 3287 ullus
1266 3231 1371 3288 obicem
1401 3234 1616 3305 prescriptionis
1648 3238 1727 3295 istius

73 3323 282 3377 commendatus
302 3339 351 3380 ero
374 3325 455 3394 hujus
480 3323 608 3395 precepti
627 3323 798 3390 desertione;
823 3323 876 3379 ho·
927 3321 1058 3389 extrudet,
1087 3328 1115 3375 ut
1146 3336 1201 3377 non
1229 3336 1337 3376 omnem
1368 3321 1493 3378 ordinem
1522 3324 1724 3398 persecutionis,
1761 3387 1768 3396 ,

73 3418 147 3465 ceste
161 3411 191 3465 in
204 3411 364 3470 ooelestibus
378 3413 465 3482 stabo,
486 3414 532 3486 qui
559 3411 714 3469 interranis
732 3421 873 3467 starenon
927 3424 1033 3466 omnem
1048 3409 1109 3479 eius
1124 3424 1212 3465 cause
1234 3408 1338 3464 firmam
1367 3419 1518 3482 paraturam
1546 3412 1607 3469 illuc
1637 3420 1727 3471 trans-

758 3534 855 3598 Variae
876 3536 1031 3597 lectiones.

110 3642 135 3680 ⁶⁸
147 3642 290 3699 Noluisset
308 3644 394 3701 Semi.
409 3642 435 3682 ⁶⁹
454 3643 581 3701 Sublatus
600 3644 686 3700 Semi.
702 3639 727 3680 ⁷⁰
740 3642 841 3697 Prober
856 3641 939 3699 sant.
954 3638 977 3677 Ἡ
992 3638 1112 3710 Recepto
1132 3641 1224 3697 tenet.
1241 3650 1349 3709 receptu
1365 3641 1451 3698 Semi.
1467 3641 1618 3698 ⁷²Cardum
1632 3663 1727 3716 quem·

77 3712 134 3766 dam
149 3714 236 3770 Semi.
251 3715 385 3772 Cardeam
394 3716 537 3787 quamdam
553 3717 639 3772 Fron.
650 3713 675 3752 ⁷³
693 3713 782 3769 Vestri
795 3715 855 3787 lup.
877 3712 968 3769 tanat.
985 3711 1009 3748 ii
1025 3711 1073 3766 Vel
1089 3711 1174 3770 Serrai,
1189 3711 1214 3748 7⁵
1228 3712 1275 3765 Nae
1294 3712 1378 3768 Semi.
1394 3713 1419 3751 ’θ
1433 3713 1533 3769 ibidem
1547 3715 1606 3771 eod.
1626 3719 1726 3776 Wottw.

79 3783 140 3910 iza.
159 3783 185 3821 Ἡ
204 3785 360 3843 constituas
379 3787 464 3845 Seml.
479 3786 505 3824 ³⁸
519 3787 630 3843 Debetis
640 3785 728 3845 libert.
740 3785 825 3842 Semi.
842 3782 952 3842 otertt.
964 3781 988 3821 ³⁹
1003 3783 1250 3855 Pugnflssdaflhell-
1265 3782 1349 3839 Semi·
1368 3783 1478 3842 obediit·
1493 3786 1519 3824 ⁸⁰
1532 3787 1629 3845 Mullus
1639 3790 1725 3847 Semi·

111 3871 142 3910 n,

778 3954 1028 4018 Commentarius.

112 4062 170 4132 (69)
181 4061 244 4119 lttta
253 4060 430 4136 deprecepto
440 4062 633 4119 exanttncrer.
649 4060 694 4118 Sic
703 4062 874 4118 habetretus
928 4060 1076 4115 seeundum
1092 4075 1174 4131 genu,
1187 4067 1217 4115 ut
1234 4059 1271 4115 ita
1287 4061 1320 4116 de
1335 4061 1415 4118 terlio
1429 4069 1545 4120 constet.
1564 4086 1575 4114 a
1594 4063 1657 4121 Rre.

84 4133 214 4201 exemplar
242 4150 249 4186 ε
275 4149 334 4203 quae
364 4134 497 4204 scriptura
525 4131 666 4189 confirmat
692 4134 765 4204 quod
793 4147 873 4201 supra
962 4130 1019 4200 (76)
1051 4131 1152 4187 Bestiis
1181 4130 1335 4200 finiendus.
1364 4133 1413 4189 Cui
1437 4135 1540 4190 scilieet
1567 4136 1601 4189 ad
1627 4137 1726 4193 bestias

85 4202 241 4267 poterimus,
257 4204 373 4276 deproec
410 4204 636 4276 todispici.ltrc.
927 4202 1052 4256 damnato
1074 4217 1147 4257 mors
1176 4202 1310 4269 obeunda,
1328 4203 1381 4259 vita
1409 4203 1536 4260 finienda.
1567 4206 1631 4261 Dies
1662 4208 1725 4263 lini-

116 4276 370 4347 (ltllcnumquem
407 4276 624 4333 meliorantium
632 4275 871 4342 sibimentinum.
888 4238 912 4317 n
928 4273 1018 4338 lionis,
1033 4271 1208 4353 inscriptione
1229 4274 1343 4343 quadarn
1372 4276 1441 4331 inter
1464 4276 1627 4337 collectanea
1650 4280 1726 4336 Gru-

83 4341 110 4395 lu
122 4347 271 4415 exemplari
285 4347 393 4418 legitur,
410 4348 538 4404 earnem
551 4346 709 4417 quemdam.
721 4346 785 4402 ch.
929 4345 989 4407 teri,
1005 4359 1038 4397 et
1054 4346 1159 4412 Aprano
1176 4361 1182 4395 ε
1200 4344 1427 4414 Sipermunserit
1437 4348 1563 4418 maceio
1577 4349 1651 4405 idem
1665 4353 1728 4420 fiai·

116 4416 170 4485 til)
185 4416 309 4472 Pulclrro
323 4417 501 4475 aeramenta.
517 4416 599 4484 Quasi
614 4431 701 4471 causae
717 4419 816 4472 noslrae
831 4416 873 4471 in·
931 4416 1017 4470 tionis
1031 4430 1100 4479 sue,
1118 4413 1191 4492 quod
1206 4414 1239 4468 de
1262 4416 1342 4467 victua
1358 4416 1465 4471 dieitur.
1490 4417 1648 4488 liniendus,
1664 4437 1726 4477 con·

84 4490 239 4541 strumenta.
268 4487 314 4543 Sic
328 4488 375 4545 lib.
396 4504 480 4555 arra,
496 4503 521 4543 c.
540 4489 574 4543 de
588 4487 799 4554 Donatiouibus,
827 4490 878 4544 Do·
929 4485 1085 4540 sumendus.
1103 4483 1201 4538 Fabius
1229 4482 1373 4539 declamat.
1396 4489 1453 4540 ta:
1477 4487 1604 4542 «Filium
1631 4491 1726 4544 verbe-

83 4562 212 4613 cemento
227 4556 337 4616 ideam.
353 4559 414 4616 ltro.
929 4557 1007 4612 ribus
1021 4555 1186 4628 ignibusque
1212 4557 1378 4624 consumpsi.
1395 4576 1408 4608 a
1427 4556 1568 4626 Ulpianus,
1585 4559 1633 4615 lib.
1656 4575 1696 4623 vr,
1711 4560 1727 4630 ἓ

112 4627 169 4698 (tt)
194 4630 284 4686 Bonos
305 4629 394 4687 elaeae
410 4646 521 4688 mecum
535 4631 639 4700 feram.
654 4628 729 4684 Fidei
746 4628 876 4685 Christia-
930 4626 984 4683 Sed
999 4634 1026 4682 et
1040 4625 1152 4697 siquis:
1167 4627 1227 4681 Non
1243 4634 1302 4681 teuc
1321 4640 1382 4680 cum
1405 4636 1584 4704 consumptus
1607 4634 1657 4695 est,
1677 4631 1727 4683 sed

81 4713 119 4751 oae
140 4699 330 4757 consentiam.
345 4702 413 4756 ¹Nam
446 4701 499 4757 uod
515 4700 637 4773 sequitur
650 4700 683 4756 da
705 4699 812 4769 timore,
829 4717 878 4770 per
930 4713 993 4754 curu
1022 4696 1183 4754 sententiam
1210 4711 1308 4768 passus
1334 4707 1384 4753 est.
1412 4698 1445 4752 El
1464 4696 1501 4751 ltb
1516 4711 1547 4752 ιιι
1572 4697 1605 4753 de
1620 4697 1724 4756 Persis.

80 4769 201 4825 derisum
215 4770 349 4837 adjicitur.
365 4771 426 4842 lpse
458 4771 614 4828 catulliacus
632 4771 681 4828 lib.
697 4772 730 4827 de
744 4773 847 4828 Anima
866 4792 876 4830 ,-
933 4789 946 4821 ι
967 4769 1134 4839 Praegoantis
1142 4767 1266 4823 mulieris
1277 4767 1470 4825 consumende
1480 4768 1697 4840 poenadillertur,
1711 4790 1723 4821 ι

84 4860 95 4891 r
114 4840 182 4896 Tota
216 4841 314 4897 aradisi
328 4843 414 4898 clavis
429 4855 491 4900 tuus
504 4843 615 4914 sanguis
630 4851 679 4899 est.
698 4845 787 4899 tillo.
930 4840 1005 4914 quod
1022 4840 1101 4910 vulgo
1126 4838 1261 4910 adjicitur,
1285 4839 1429 4897 damnate
1461 4839 1727 4913 interpretamentum

114 4913 158 4983 tte
208 4913 404 4969 nimoeaatem
425 4914 500 4971 altit
510 4916 636 4985 sociant.
648 4914 693 4970 Sic
715 4913 789 4985 loqui
811 4912 878 4970 solet
932 4911 1055 4968 estlttc.

81 4982 140 5038 lert
181 4984 270 5050 ianus,
292 4991 323 5042 ut
345 4986 400 5055 jam
422 4984 626 5044 observavimus
650 4984 717 5040 libro
743 4985 878 5041 adversus
947 4981 1024 5064 Ι(77)
1039 4984 1123 5062 llrsos
1137 4982 1297 5055 Septentrio
1308 4982 1429 5065 emittet.
1442 4981 1576 5055 Expendit
1584 4985 1727 5059 diligenter

83 5054 219 5111 l'alentin.
236 5055 297 5111 lire.
931 5067 1011 5124 signa
1038 5055 1157 5124 illaque
1178 5053 1374 5109 mathematlner
1403 5064 1542 5127 tantopere
1569 5060 1726 5115 observant.

111 5126 170 5197 til)
190 5127 245 5196 Qui
267 5129 298 5183 in
322 5129 443 5185 terrenis
459 5132 533 5185 stare
555 5143 612 5184 nort
635 5128 726 5200 potui.
749 5126 878 5196 Dejectus
930 5124 1014 5180 Ursas
1029 5125 1072 5179 hie
1085 5132 1164 5180 vocat
1179 5140 1239 5194 quae
1265 5124 1467 5196 Septentriones
1496 5128 1633 5185 dicuntur.
1661 5132 1729 5185 Due

81 5198 182 5251 scilieet
196 5203 231 5252 de
250 5194 314 5252 lide.
330 5199 393 5254 llio.
931 5205 1004 5262 sunt,
1025 5197 1112 5266 major
1131 5207 1157 5251 et
1172 5195 1269 5264 minor,
1287 5211 1348 5267 quae
1363 5196 1397 5252 ob
1417 5198 1622 5270 dispositionem
1638 5202 1730 5257 stella·

112 5268 171 5341 (ἳὸ)
199 5270 338 5343 Usquequo
361 5285 448 5342 penus
463 5271 590 5328 tertiam.
617 5267 697 5324 liber
715 5268 877 5337 Ursini,te-
933 5283 992 5322 rum
1015 5267 1116 5322 triones
1139 5275 1166 5322 et
1193 5267 1395 5338 Septentriones
1429 5269 1605 5342 appellantur,
1627 5271 1728 5327 Graecis

82 5341 167 5394 trum.
183 5341 219 5395 At
234 5340 531 5412 exerrrplardgobardi,
545 5341 673 5396 tertiam.
689 5337 767 5407 Quod
782 5340 878 5396 rectis·
930 5339 1063 5410 plaustro
1077 5337 1178 5411 aipein.
1191 5337 1235 5393 Sic
1249 5340 1347 5394 Aratus
1361 5341 1393 5395 ira
1406 5342 1549 5400 Plenam.

10 5454 12 5465 .
81 5412 179 5465 simum
196 5425 259 5467 esse
273 5411 356 5467 docet
368 5414 427 5482 ipse
445 5411 638 5475 Tertullianus,
659 5410 708 5465 lib.
723 5427 733 5466 ι
755 5410 792 5467 od
811 5412 877 5467 Not.

81 5502 94 5529 ι
115 5481 197 5537 Plane
221 5483 249 5537 in
290 5481 330 5551 it,
367 5482 477 5537 tertium
503 5498 592 5555 genus
618 5480 744 5538 dicimur.
770 5481 799 5537 Si
826 5495 881 5553 qua
968 5475 1072 5547 ’Άρκτοι
1085 5475 1137 5548 ἅμα
1150 5477 1319 5549 τροχόωσι,τ“ι
1332 5478 1363 5546 δὴ
1378 5481 1507 5534 καλέονται
1517 5478 1652 5551 Ἅμαξαν

82 5554 150 5624 apud
169 5566 221 5610 ros
275 5565 330 5610 tem
346 5554 418 5611 ratic
431 5560 481 5622 est,
505 5554 592 5610 edatis
606 5552 686 5612 velim
709 5552 828 5624 primum
852 5557 880 5609 et
1626 5550 1664 5608 La
1679 5551 1728 5610 Pa.
