<?xml version="1.0" encoding="UTF-8"?>
<!DOCTYPE html PUBLIC "-//W3C//DTD XHTML 1.0 Transitional//EN"
    "http://www.w3.org/TR/xhtml1/DTD/xhtml1-transitional.dtd">
<html xmlns="http://www.w3.org/1999/xhtml" xml:lang="en" lang="en">
 <head>
  <title>
</title>
<meta http-equiv="Content-Type" content="text/html;charset=utf-8" />
  <meta name='ocr-system' content='tesseract 3.04.00' />
  <meta name='ocr-capabilities' content='ocr_page ocr_carea ocr_par ocr_line ocrx_word'/>
</head>
<body>
  <div class='ocr_page' id='page_1' title='image "./patrologiaecurs51unkngoog_0075.png"; bbox 0 0 3840 6134; ppageno 0'>
   <div class='ocr_carea' id='block_1_1' title="bbox 192 248 1830 353">
    <p class='ocr_par' dir='ltr' id='par_1_1' title="bbox 192 248 1830 353">
     <span class='ocr_line' id='line_1_1' title="bbox 192 248 1830 353; baseline -0.002 -9"><span class='ocrx_word' id='word_1_1' title='bbox 192 284 243 346; x_wconf 84' lang='lat' dir='ltr'><strong>tas</strong></span> <span class='ocrx_word' id='word_1_2' title='bbox 538 279 758 344; x_wconf 76' lang='lat' dir='ltr'><strong>namucum</strong></span> <span class='ocrx_word' id='word_1_3' title='bbox 776 278 910 341; x_wconf 84' lang='lat' dir='ltr'><strong>orannu</strong></span> <span class='ocrx_word' id='word_1_4' title='bbox 927 248 1011 339; x_wconf 78' lang='lat' dir='ltr'><strong>eins</strong></span> <span class='ocrx_word' id='word_1_5' title='bbox 1028 276 1062 340; x_wconf 89' lang='lat' dir='ltr'><strong>n.</strong></span> <span class='ocrx_word' id='word_1_6' title='bbox 1083 274 1250 340; x_wconf 87' lang='lat' dir='ltr'><strong>-snnrss</strong></span> <span class='ocrx_word' id='word_1_7' title='bbox 1268 278 1290 353; x_wconf 91' lang='grc' dir='ltr'><strong>ι,</strong></span> <span class='ocrx_word' id='word_1_8' title='bbox 1310 276 1485 341; x_wconf 81' lang='lat' dir='ltr'><strong>nonnum.</strong></span> <span class='ocrx_word' id='word_1_9' title='bbox 1777 278 1830 341; x_wconf 88' lang='lat' dir='ltr'><strong>rto</strong></span> 
     </span>
    </p>
   </div>
   <div class='ocr_carea' id='block_1_2' title="bbox 188 400 1831 922">
    <p class='ocr_par' dir='ltr' id='par_1_2' title="bbox 188 400 1831 922">
     <span class='ocr_line' id='line_1_2' title="bbox 189 400 1831 499; baseline -0.007 -27"><span class='ocrx_word' id='word_1_10' title='bbox 189 411 301 478; x_wconf 80' lang='lat' dir='ltr'><strong>Casani,</strong></span> <span class='ocrx_word' id='word_1_11' title='bbox 316 408 370 466; x_wconf 90' lang='lat' dir='ltr'><strong>nisi</strong></span> <span class='ocrx_word' id='word_1_12' title='bbox 385 406 557 481; x_wconf 89' lang='lat' dir='ltr'><strong>sangninem,</strong></span> <span class='ocrx_word' id='word_1_13' title='bbox 573 423 652 479; x_wconf 91' lang='lat' dir='ltr'><strong>quem</strong></span> <span class='ocrx_word' id='word_1_14' title='bbox 680 423 730 478; x_wconf 94' lang='lat' dir='ltr'><strong>pro</strong></span> <span class='ocrx_word' id='word_1_15' title='bbox 743 422 787 462; x_wconf 93' lang='lat' dir='ltr'><strong>me</strong></span> <span class='ocrx_word' id='word_1_16' title='bbox 815 406 898 461; x_wconf 83' lang='lat' dir='ltr'><strong>Filius</strong></span> <span class='ocrx_word' id='word_1_17' title='bbox 913 404 983 460; x_wconf 84' lang='lat' dir='ltr'><strong>indit</strong></span> <span class='ocrx_word' id='word_1_18' title='bbox 999 420 1023 499; x_wconf 63' lang='grc' dir='ltr'><strong>Α</strong></span> <span class='ocrx_word' id='word_1_19' title='bbox 1037 420 1109 463; x_wconf 90' lang='lat' dir='ltr'><strong>nunc</strong></span> <span class='ocrx_word' id='word_1_20' title='bbox 1121 404 1323 462; x_wconf 86' lang='lat' dir='ltr'><strong>Dominicarnm</strong></span> <span class='ocrx_word' id='word_1_21' title='bbox 1333 403 1583 476; x_wconf 79' lang='lat' dir='ltr'><strong>pronuntiationum</strong></span> <span class='ocrx_word' id='word_1_22' title='bbox 1597 400 1675 461; x_wconf 74' lang='lat' dir='ltr'><strong>⁸&#39;latri</strong></span> <span class='ocrx_word' id='word_1_23' title='bbox 1688 402 1715 443; x_wconf 85' lang='grc'><strong>66</strong></span> <span class='ocrx_word' id='word_1_24' title='bbox 1727 409 1789 460; x_wconf 91' lang='lat' dir='ltr'><strong>sunt</strong></span> <span class='ocrx_word' id='word_1_25' title='bbox 1803 413 1831 462; x_wconf 92' lang='lat' dir='ltr'><strong>et</strong></span> 
     </span>
     <span class='ocr_line' id='line_1_3' title="bbox 188 490 1830 574; baseline -0.004 -17"><span class='ocrx_word' id='word_1_26' title='bbox 188 501 299 574; x_wconf 74' lang='lat' dir='ltr'><strong>ipsius?</strong></span> <span class='ocrx_word' id='word_1_27' title='bbox 313 497 392 568; x_wconf 89' lang='lat' dir='ltr'><strong>Quod</strong></span> <span class='ocrx_word' id='word_1_28' title='bbox 421 496 444 552; x_wconf 88' lang='lat' dir='ltr'><strong>si</strong></span> <span class='ocrx_word' id='word_1_29' title='bbox 467 497 526 554; x_wconf 87' lang='lat' dir='ltr'><strong>Deo</strong></span> <span class='ocrx_word' id='word_1_30' title='bbox 549 499 660 569; x_wconf 91' lang='lat' dir='ltr'><strong>quidem</strong></span> <span class='ocrx_word' id='word_1_31' title='bbox 674 497 820 562; x_wconf 90' lang='lat' dir='ltr'><strong>hominem,</strong></span> <span class='ocrx_word' id='word_1_32' title='bbox 836 505 863 551; x_wconf 91' lang='lat' dir='ltr'><strong>et</strong></span> <span class='ocrx_word' id='word_1_33' title='bbox 876 495 985 571; x_wconf 88' lang='lat' dir='ltr'><strong>sangui·</strong></span> <span class='ocrx_word' id='word_1_34' title='bbox 1038 511 1126 551; x_wconf 81' lang='lat' dir='ltr'><strong>causae</strong></span> <span class='ocrx_word' id='word_1_35' title='bbox 1152 505 1179 551; x_wconf 87' lang='lat' dir='ltr'><strong>ct</strong></span> <span class='ocrx_word' id='word_1_36' title='bbox 1201 495 1303 569; x_wconf 79' lang='lat' dir='ltr'><strong>regula</strong></span> <span class='ocrx_word' id='word_1_37' title='bbox 1319 492 1435 560; x_wconf 90' lang='lat' dir='ltr'><strong>termini,</strong></span> <span class='ocrx_word' id='word_1_38' title='bbox 1462 507 1516 548; x_wconf 93' lang='lat' dir='ltr'><strong>non</strong></span> <span class='ocrx_word' id='word_1_39' title='bbox 1531 492 1558 546; x_wconf 93' lang='lat' dir='ltr'><strong>in</strong></span> <span class='ocrx_word' id='word_1_40' title='bbox 1572 490 1718 565; x_wconf 87' lang='lat' dir='ltr'><strong>infinitum,</strong></span> <span class='ocrx_word' id='word_1_41' title='bbox 1732 508 1783 550; x_wconf 92' lang='lat' dir='ltr'><strong>nec</strong></span> <span class='ocrx_word' id='word_1_42' title='bbox 1796 495 1830 550; x_wconf 92' lang='lat' dir='ltr'><strong>ad</strong></span> 
     </span>
     <span class='ocr_line' id='line_1_4' title="bbox 188 580 1831 655; baseline -0.005 -8"><span class='ocrx_word' id='word_1_43' title='bbox 188 606 252 647; x_wconf 89' lang='lat' dir='ltr'><strong>nem</strong></span> <span class='ocrx_word' id='word_1_44' title='bbox 267 604 358 643; x_wconf 90' lang='lat' dir='ltr'><strong>meum</strong></span> <span class='ocrx_word' id='word_1_45' title='bbox 385 586 487 653; x_wconf 87' lang='lat' dir='ltr'><strong>debeo;</strong></span> <span class='ocrx_word' id='word_1_46' title='bbox 519 601 590 641; x_wconf 92' lang='lat' dir='ltr'><strong>nnnc</strong></span> <span class='ocrx_word' id='word_1_47' title='bbox 616 586 641 624; x_wconf 81' lang='lat'><strong>⁶³</strong></span> <span class='ocrx_word' id='word_1_48' title='bbox 670 584 983 642; x_wconf 81' lang='lat' dir='ltr'><strong>veroineosumtem·</strong></span> <span class='ocrx_word' id='word_1_49' title='bbox 1037 584 1128 641; x_wconf 93' lang='lat' dir='ltr'><strong>omnia</strong></span> <span class='ocrx_word' id='word_1_50' title='bbox 1146 591 1276 655; x_wconf 89' lang='lat' dir='ltr'><strong>spectant.</strong></span> <span class='ocrx_word' id='word_1_51' title='bbox 1305 583 1397 654; x_wconf 82' lang='lat' dir='ltr'><strong>htqno</strong></span> <span class='ocrx_word' id='word_1_52' title='bbox 1428 580 1496 638; x_wconf 88' lang='lat' dir='ltr'><strong>adeo</strong></span> <span class='ocrx_word' id='word_1_53' title='bbox 1511 581 1558 653; x_wconf 90' lang='lat' dir='ltr'><strong>qui</strong></span> <span class='ocrx_word' id='word_1_54' title='bbox 1572 582 1645 638; x_wconf 92' lang='lat' dir='ltr'><strong>omni</strong></span> <span class='ocrx_word' id='word_1_55' title='bbox 1658 582 1759 653; x_wconf 90' lang='lat' dir='ltr'><strong>petenti</strong></span> <span class='ocrx_word' id='word_1_56' title='bbox 1773 581 1831 638; x_wconf 90' lang='lat' dir='ltr'><strong>dari</strong></span> 
     </span>
     <span class='ocr_line' id='line_1_5' title="bbox 189 669 1830 750; baseline -0.004 -16"><span class='ocrx_word' id='word_1_57' title='bbox 189 693 266 750; x_wconf 89' lang='lat' dir='ltr'><strong>pore,</strong></span> <span class='ocrx_word' id='word_1_58' title='bbox 279 685 308 731; x_wconf 91' lang='lat' dir='ltr'><strong>ut</strong></span> <span class='ocrx_word' id='word_1_59' title='bbox 322 675 394 747; x_wconf 93' lang='lat' dir='ltr'><strong>quod</strong></span> <span class='ocrx_word' id='word_1_60' title='bbox 405 674 462 730; x_wconf 83' lang='lat' dir='ltr'><strong>lleo</strong></span> <span class='ocrx_word' id='word_1_61' title='bbox 475 674 561 728; x_wconf 89' lang='lat' dir='ltr'><strong>debeo</strong></span> <span class='ocrx_word' id='word_1_62' title='bbox 573 673 740 743; x_wconf 64' lang='lat' dir='ltr'><strong>expostulem</strong></span> <span class='ocrx_word' id='word_1_63' title='bbox 753 672 846 744; x_wconf 89' lang='lat' dir='ltr'><strong>utique</strong></span> <span class='ocrx_word' id='word_1_64' title='bbox 860 671 982 729; x_wconf 88' lang='lat' dir='ltr'><strong>lrandant</strong></span> <span class='ocrx_word' id='word_1_65' title='bbox 1033 674 1122 742; x_wconf 85' lang='lat' dir='ltr'><strong>jubet,</strong></span> <span class='ocrx_word' id='word_1_66' title='bbox 1139 673 1196 743; x_wconf 90' lang='lat' dir='ltr'><strong>ipse</strong></span> <span class='ocrx_word' id='word_1_67' title='bbox 1210 673 1317 744; x_wconf 88' lang='lat' dir='ltr'><strong>signum</strong></span> <span class='ocrx_word' id='word_1_68' title='bbox 1334 669 1486 739; x_wconf 88' lang='lat' dir='ltr'><strong>patentibus</strong></span> <span class='ocrx_word' id='word_1_69' title='bbox 1512 686 1566 727; x_wconf 90' lang='lat' dir='ltr'><strong>non</strong></span> <span class='ocrx_word' id='word_1_70' title='bbox 1580 670 1636 726; x_wconf 91' lang='lat' dir='ltr'><strong>dat.</strong></span> <span class='ocrx_word' id='word_1_71' title='bbox 1662 671 1788 742; x_wconf 80' lang='lat' dir='ltr'><strong>Alioquin</strong></span> <span class='ocrx_word' id='word_1_72' title='bbox 1801 672 1830 728; x_wconf 91' lang='lat' dir='ltr'><strong>&#39;si</strong></span> 
     </span>
     <span class='ocr_line' id='line_1_6' title="bbox 190 756 1831 835; baseline -0.005 -12"><span class='ocrx_word' id='word_1_73' title='bbox 190 766 248 823; x_wconf 84' lang='lat' dir='ltr'><strong>Deo</strong></span> <span class='ocrx_word' id='word_1_74' title='bbox 263 766 342 834; x_wconf 85' lang='lat' dir='ltr'><strong>lacio,</strong></span> <span class='ocrx_word' id='word_1_75' title='bbox 356 763 383 817; x_wconf 91' lang='lat' dir='ltr'><strong>id</strong></span> <span class='ocrx_word' id='word_1_76' title='bbox 397 778 489 835; x_wconf 87' lang='lat' dir='ltr'><strong>agens,</strong></span> <span class='ocrx_word' id='word_1_77' title='bbox 510 761 631 832; x_wconf 89' lang='lat' dir='ltr'><strong>nequod</strong></span> <span class='ocrx_word' id='word_1_78' title='bbox 658 761 744 818; x_wconf 91' lang='lat' dir='ltr'><strong>debeo</strong></span> <span class='ocrx_word' id='word_1_79' title='bbox 774 762 886 819; x_wconf 90' lang='lat' dir='ltr'><strong>solvam.</strong></span> <span class='ocrx_word' id='word_1_80' title='bbox 912 760 983 817; x_wconf 85' lang='lat' dir='ltr'><strong>Bene</strong></span> <span class='ocrx_word' id='word_1_81' title='bbox 1035 761 1160 816; x_wconf 87' lang='lat' dir='ltr'><strong>omnibus</strong></span> <span class='ocrx_word' id='word_1_82' title='bbox 1183 759 1282 832; x_wconf 89' lang='lat' dir='ltr'><strong>passim</strong></span> <span class='ocrx_word' id='word_1_83' title='bbox 1307 757 1463 831; x_wconf 89' lang='lat' dir='ltr'><strong>petentibus</strong></span> <span class='ocrx_word' id='word_1_84' title='bbox 1476 756 1594 813; x_wconf 89' lang='lat' dir='ltr'><strong>dandum</strong></span> <span class='ocrx_word' id='word_1_85' title='bbox 1615 765 1704 830; x_wconf 90' lang='lat' dir='ltr'><strong>putas,</strong></span> <span class='ocrx_word' id='word_1_86' title='bbox 1719 765 1748 815; x_wconf 92' lang='lat' dir='ltr'><strong>tu</strong></span> <span class='ocrx_word' id='word_1_87' title='bbox 1762 759 1831 815; x_wconf 92' lang='lat' dir='ltr'><strong>mihi</strong></span> 
     </span>
     <span class='ocr_line' id='line_1_7' title="bbox 189 844 1830 922; baseline -0.003 -13"><span class='ocrx_word' id='word_1_88' title='bbox 189 853 327 910; x_wconf 80' lang='lat' dir='ltr'><strong>observavi</strong></span> <span class='ocrx_word' id='word_1_89' title='bbox 353 859 528 922; x_wconf 83' lang='lat' dir='ltr'><strong>praeceptum,</strong></span> <span class='ocrx_word' id='word_1_90' title='bbox 557 849 657 905; x_wconf 89' lang='lat' dir='ltr'><strong>Caesari</strong></span> <span class='ocrx_word' id='word_1_91' title='bbox 692 849 807 906; x_wconf 89' lang='lat' dir='ltr'><strong>reddens</strong></span> <span class='ocrx_word' id='word_1_92' title='bbox 834 865 895 921; x_wconf 83' lang='lat' dir='ltr'><strong>quae</strong></span> <span class='ocrx_word' id='word_1_93' title='bbox 923 855 985 906; x_wconf 92' lang='lat' dir='ltr'><strong>sunt</strong></span> <span class='ocrx_word' id='word_1_94' title='bbox 1034 849 1144 913; x_wconf 91' lang='lat' dir='ltr'><strong>videris,</strong></span> <span class='ocrx_word' id='word_1_95' title='bbox 1175 847 1304 903; x_wconf 91' lang='lat' dir='ltr'><strong>nondico</strong></span> <span class='ocrx_word' id='word_1_96' title='bbox 1320 846 1414 903; x_wconf 87' lang='lat' dir='ltr'><strong>vinnm</strong></span> <span class='ocrx_word' id='word_1_97' title='bbox 1429 844 1598 913; x_wconf 80' lang='lat' dir='ltr'><strong>febricitanti,</strong></span> <span class='ocrx_word' id='word_1_98' title='bbox 1615 847 1662 903; x_wconf 93' lang='lat' dir='ltr'><strong>sed</strong></span> <span class='ocrx_word' id='word_1_99' title='bbox 1677 846 1758 904; x_wconf 89' lang='lat' dir='ltr'><strong>etiam</strong></span> <span class='ocrx_word' id='word_1_100' title='bbox 1778 865 1830 905; x_wconf 89' lang='lat' dir='ltr'><strong>ve-</strong></span> 
     </span>
    </p>
   </div>
   <div class='ocr_carea' id='block_1_3' title="bbox 187 938 860 1012">
    <p class='ocr_par' dir='ltr' id='par_1_3' title="bbox 187 938 860 1012">
     <span class='ocr_line' id='line_1_8' title="bbox 187 938 860 1012; baseline -0.009 -12"><span class='ocrx_word' id='word_1_101' title='bbox 187 941 310 1010; x_wconf 84' lang='lat' dir='ltr'><strong>Casaris,</strong></span> <span class='ocrx_word' id='word_1_102' title='bbox 327 940 384 994; x_wconf 85' lang='lat' dir='ltr'><strong>Deo</strong></span> <span class='ocrx_word' id='word_1_103' title='bbox 397 953 466 996; x_wconf 87' lang='lat' dir='ltr'><strong>vcro</strong></span> <span class='ocrx_word' id='word_1_104' title='bbox 480 953 540 1010; x_wconf 86' lang='lat' dir='ltr'><strong>quaa</strong></span> <span class='ocrx_word' id='word_1_105' title='bbox 555 945 619 994; x_wconf 85' lang='lat' dir='ltr'><strong>sunt</strong></span> <span class='ocrx_word' id='word_1_106' title='bbox 633 938 682 994; x_wconf 90' lang='lat' dir='ltr'><strong>Dei</strong></span> <span class='ocrx_word' id='word_1_107' title='bbox 699 939 860 1012; x_wconf 69' lang='lat' dir='ltr'><strong>abnegans?</strong></span> 
     </span>
    </p>
   </div>
   <div class='ocr_carea' id='block_1_4' title="bbox 439 1077 733 1135">
    <p class='ocr_par' dir='ltr' id='par_1_4' title="bbox 439 1077 733 1135">
     <span class='ocr_line' id='line_1_9' title="bbox 439 1077 733 1135; baseline 0 -2"><span class='ocrx_word' id='word_1_108' title='bbox 439 1077 520 1135; x_wconf 76' lang='lat' dir='ltr'><strong>tts</strong></span> <span class='ocrx_word' id='word_1_109' title='bbox 537 1077 650 1135; x_wconf 78' lang='lat' dir='ltr'><strong>CAPUT</strong></span> <span class='ocrx_word' id='word_1_110' title='bbox 660 1079 733 1135; x_wconf 87' lang='lat' dir='ltr'><strong>xitt.</strong></span> 
     </span>
    </p>
   </div>
   <div class='ocr_carea' id='block_1_5' title="bbox 185 1201 984 1712">
    <p class='ocr_par' dir='ltr' id='par_1_5' title="bbox 185 1201 984 1712">
     <span class='ocr_line' id='line_1_10' title="bbox 223 1201 984 1274; baseline -0.004 -14"><span class='ocrx_word' id='word_1_111' title='bbox 223 1203 274 1260; x_wconf 91' lang='lat' dir='ltr'><strong>Sed</strong></span> <span class='ocrx_word' id='word_1_112' title='bbox 299 1209 328 1259; x_wconf 88' lang='lat' dir='ltr'><strong>et</strong></span> <span class='ocrx_word' id='word_1_113' title='bbox 340 1203 419 1262; x_wconf 81' lang='lat' dir='ltr'><strong>omni</strong></span> <span class='ocrx_word' id='word_1_114' title='bbox 435 1204 548 1274; x_wconf 81' lang='lat' dir='ltr'><strong>petenti</strong></span> <span class='ocrx_word' id='word_1_115' title='bbox 566 1217 608 1258; x_wconf 92' lang='lat' dir='ltr'><strong>me</strong></span> <span class='ocrx_word' id='word_1_116' title='bbox 623 1202 691 1260; x_wconf 85' lang='lat' dir='ltr'><strong>dabo</strong></span> <span class='ocrx_word' id='word_1_117' title='bbox 707 1202 817 1270; x_wconf 75' lang='lat' dir='ltr'><strong>(Mattio.</strong></span> <span class='ocrx_word' id='word_1_118' title='bbox 832 1219 859 1267; x_wconf 87' lang='lat' dir='ltr'><strong>v,</strong></span> <span class='ocrx_word' id='word_1_119' title='bbox 880 1201 936 1272; x_wconf 80' lang='grc' dir='ltr'><strong>ιι).</strong></span> <span class='ocrx_word' id='word_1_120' title='bbox 953 1202 984 1257; x_wconf 88' lang='lat' dir='ltr'><strong>In</strong></span> 
     </span>
     <span class='ocr_line' id='line_1_11' title="bbox 187 1291 982 1362; baseline -0.006 -13"><span class='ocrx_word' id='word_1_121' title='bbox 187 1308 269 1349; x_wconf 85' lang='lat' dir='ltr'><strong>causa</strong></span> <span class='ocrx_word' id='word_1_122' title='bbox 296 1292 485 1362; x_wconf 84' lang='lat' dir='ltr'><strong>eleemosynae,</strong></span> <span class='ocrx_word' id='word_1_123' title='bbox 511 1305 565 1346; x_wconf 91' lang='lat' dir='ltr'><strong>non</strong></span> <span class='ocrx_word' id='word_1_124' title='bbox 594 1292 623 1347; x_wconf 93' lang='lat' dir='ltr'><strong>in</strong></span> <span class='ocrx_word' id='word_1_125' title='bbox 646 1306 827 1347; x_wconf 82' lang='lat' dir='ltr'><strong>concussura.</strong></span> <span class='ocrx_word' id='word_1_126' title='bbox 857 1291 982 1355; x_wconf 83' lang='lat' dir='ltr'><strong>Petenti,</strong></span> 
     </span>
     <span class='ocr_line' id='line_1_12' title="bbox 186 1378 982 1454; baseline -0.006 -17"><span class='ocrx_word' id='word_1_127' title='bbox 186 1381 283 1454; x_wconf 91' lang='lat' dir='ltr'><strong>inquit.</strong></span> <span class='ocrx_word' id='word_1_128' title='bbox 299 1381 393 1445; x_wconf 90' lang='lat' dir='ltr'><strong>Porro,</strong></span> <span class='ocrx_word' id='word_1_129' title='bbox 417 1379 463 1451; x_wconf 89' lang='lat' dir='ltr'><strong>qui</strong></span> <span class='ocrx_word' id='word_1_130' title='bbox 477 1378 594 1436; x_wconf 87' lang='lat' dir='ltr'><strong>concutit</strong></span> <span class='ocrx_word' id='word_1_131' title='bbox 608 1379 644 1451; x_wconf 78' lang='grc'><strong>66,</strong></span> <span class='ocrx_word' id='word_1_132' title='bbox 672 1394 727 1434; x_wconf 92' lang='lat' dir='ltr'><strong>non</strong></span> <span class='ocrx_word' id='word_1_133' title='bbox 741 1378 819 1449; x_wconf 88' lang='lat' dir='ltr'><strong>petit.</strong></span> <span class='ocrx_word' id='word_1_134' title='bbox 838 1378 888 1449; x_wconf 84' lang='lat' dir='ltr'><strong>Qui</strong></span> <span class='ocrx_word' id='word_1_135' title='bbox 904 1393 982 1432; x_wconf 93' lang='lat' dir='ltr'><strong>eom-</strong></span> 
     </span>
     <span class='ocr_line' id='line_1_13' title="bbox 186 1466 983 1540; baseline -0.008 -13"><span class='ocrx_word' id='word_1_136' title='bbox 186 1470 311 1537; x_wconf 91' lang='lat' dir='ltr'><strong>minatur,</strong></span> <span class='ocrx_word' id='word_1_137' title='bbox 332 1469 354 1526; x_wconf 92' lang='lat' dir='ltr'><strong>si</strong></span> <span class='ocrx_word' id='word_1_138' title='bbox 379 1482 433 1525; x_wconf 93' lang='lat' dir='ltr'><strong>non</strong></span> <span class='ocrx_word' id='word_1_139' title='bbox 447 1467 593 1540; x_wconf 86' lang='lat' dir='ltr'><strong>acceperit,</strong></span> <span class='ocrx_word' id='word_1_140' title='bbox 609 1483 663 1523; x_wconf 92' lang='lat' dir='ltr'><strong>uon</strong></span> <span class='ocrx_word' id='word_1_141' title='bbox 679 1467 806 1539; x_wconf 89' lang='lat' dir='ltr'><strong>postulat,</strong></span> <span class='ocrx_word' id='word_1_142' title='bbox 822 1466 869 1523; x_wconf 90' lang='lat' dir='ltr'><strong>sed</strong></span> <span class='ocrx_word' id='word_1_143' title='bbox 888 1474 983 1522; x_wconf 90' lang='lat' dir='ltr'><strong>extor-</strong></span> 
     </span>
     <span class='ocr_line' id='line_1_14' title="bbox 185 1552 981 1631; baseline -0.004 -18"><span class='ocrx_word' id='word_1_144' title='bbox 185 1565 258 1631; x_wconf 91' lang='lat' dir='ltr'><strong>quet.</strong></span> <span class='ocrx_word' id='word_1_145' title='bbox 285 1557 346 1613; x_wconf 89' lang='lat' dir='ltr'><strong>Nou</strong></span> <span class='ocrx_word' id='word_1_146' title='bbox 361 1556 561 1628; x_wconf 81' lang='lat' dir='ltr'><strong>eleemosynam</strong></span> <span class='ocrx_word' id='word_1_147' title='bbox 589 1562 736 1627; x_wconf 82' lang='lat' dir='ltr'><strong>exspectnt,</strong></span> <span class='ocrx_word' id='word_1_148' title='bbox 752 1554 800 1626; x_wconf 92' lang='lat' dir='ltr'><strong>qni</strong></span> <span class='ocrx_word' id='word_1_149' title='bbox 827 1569 879 1610; x_wconf 92' lang='lat' dir='ltr'><strong>non</strong></span> <span class='ocrx_word' id='word_1_150' title='bbox 896 1552 981 1610; x_wconf 87' lang='lat' dir='ltr'><strong>mise-</strong></span> 
     </span>
     <span class='ocr_line' id='line_1_15' title="bbox 186 1641 980 1712; baseline -0.003 -12"><span class='ocrx_word' id='word_1_151' title='bbox 186 1645 296 1710; x_wconf 86' lang='lat' dir='ltr'><strong>randus,</strong></span> <span class='ocrx_word' id='word_1_152' title='bbox 311 1644 359 1699; x_wconf 91' lang='lat' dir='ltr'><strong>scd</strong></span> <span class='ocrx_word' id='word_1_153' title='bbox 384 1644 518 1699; x_wconf 89' lang='lat' dir='ltr'><strong>timendus</strong></span> <span class='ocrx_word' id='word_1_154' title='bbox 533 1642 617 1697; x_wconf 89' lang='lat' dir='ltr'><strong>venit.</strong></span> <span class='ocrx_word' id='word_1_155' title='bbox 633 1642 708 1697; x_wconf 85' lang='lat' dir='ltr'><strong>Dabo</strong></span> <span class='ocrx_word' id='word_1_156' title='bbox 722 1641 807 1712; x_wconf 88' lang='lat' dir='ltr'><strong>igitur</strong></span> <span class='ocrx_word' id='word_1_157' title='bbox 824 1641 980 1698; x_wconf 88' lang='lat' dir='ltr'><strong>misericor-</strong></span> 
     </span>
    </p>
   </div>
   <div class='ocr_carea' id='block_1_6' title="bbox 1034 935 1834 1712">
    <p class='ocr_par' dir='ltr' id='par_1_6' title="bbox 1034 935 1834 1712">
     <span class='ocr_line' id='line_1_16' title="bbox 1036 935 1831 1006; baseline -0.003 -12"><span class='ocrx_word' id='word_1_158' title='bbox 1036 953 1145 1002; x_wconf 89' lang='lat' dir='ltr'><strong>nenum,</strong></span> <span class='ocrx_word' id='word_1_159' title='bbox 1171 945 1218 992; x_wconf 90' lang='lat' dir='ltr'><strong>aut</strong></span> <span class='ocrx_word' id='word_1_160' title='bbox 1244 935 1365 1006; x_wconf 77' lang='lat' dir='ltr'><strong>gladium</strong></span> <span class='ocrx_word' id='word_1_161' title='bbox 1392 944 1507 992; x_wconf 89' lang='lat' dir='ltr'><strong>mortem</strong></span> <span class='ocrx_word' id='word_1_162' title='bbox 1532 935 1695 992; x_wconf 90' lang='lat' dir='ltr'><strong>desideranti</strong></span> <span class='ocrx_word' id='word_1_163' title='bbox 1709 936 1831 993; x_wconf 90' lang='lat' dir='ltr'><strong>daturus.</strong></span> 
     </span>
     <span class='ocr_line' id='line_1_17' title="bbox 1037 1023 1831 1096; baseline 0 -16"><span class='ocrx_word' id='word_1_164' title='bbox 1037 1026 1133 1082; x_wconf 82' lang='lat' dir='ltr'><strong>Facite</strong></span> <span class='ocrx_word' id='word_1_165' title='bbox 1148 1028 1245 1081; x_wconf 88' lang='lat' dir='ltr'><strong>autem</strong></span> <span class='ocrx_word' id='word_1_166' title='bbox 1253 1023 1326 1081; x_wconf 88' lang='lat' dir='ltr'><strong>aobt&#39;s</strong></span> <span class='ocrx_word' id='word_1_167' title='bbox 1335 1024 1439 1081; x_wconf 89' lang='lat' dir='ltr'><strong>amicos</strong></span> <span class='ocrx_word' id='word_1_168' title='bbox 1448 1024 1481 1078; x_wconf 82' lang='lat' dir='ltr'><strong>dc</strong></span> <span class='ocrx_word' id='word_1_169' title='bbox 1491 1040 1656 1080; x_wconf 83' lang='lat' dir='ltr'><strong>matnmona</strong></span> <span class='ocrx_word' id='word_1_170' title='bbox 1668 1023 1746 1096; x_wconf 84' lang='lat' dir='ltr'><strong>(Lac.</strong></span> <span class='ocrx_word' id='word_1_171' title='bbox 1756 1024 1831 1095; x_wconf 80' lang='lat' dir='ltr'><strong>xvv),</strong></span> 
     </span>
     <span class='ocr_line' id='line_1_18' title="bbox 1036 1111 1834 1186; baseline 0 -17"><span class='ocrx_word' id='word_1_172' title='bbox 1036 1112 1175 1186; x_wconf 88' lang='lat' dir='ltr'><strong>quomodo</strong></span> <span class='ocrx_word' id='word_1_173' title='bbox 1198 1111 1407 1184; x_wconf 85' lang='lat' dir='ltr'><strong>intelligendum</strong></span> <span class='ocrx_word' id='word_1_174' title='bbox 1426 1111 1470 1177; x_wconf 89' lang='lat' dir='ltr'><strong>sit,</strong></span> <span class='ocrx_word' id='word_1_175' title='bbox 1488 1112 1613 1183; x_wconf 91' lang='lat' dir='ltr'><strong>parabola</strong></span> <span class='ocrx_word' id='word_1_176' title='bbox 1627 1113 1767 1184; x_wconf 72' lang='lat' dir='ltr'><strong>premissa</strong></span> <span class='ocrx_word' id='word_1_177' title='bbox 1781 1114 1834 1169; x_wconf 94' lang='lat' dir='ltr'><strong>do-</strong></span> 
     </span>
     <span class='ocr_line' id='line_1_19' title="bbox 1037 1199 1833 1273; baseline -0.003 -16"><span class='ocrx_word' id='word_1_178' title='bbox 1037 1208 1107 1273; x_wconf 87' lang='lat' dir='ltr'><strong>ceat,</strong></span> <span class='ocrx_word' id='word_1_179' title='bbox 1123 1200 1156 1256; x_wconf 94' lang='lat' dir='ltr'><strong>ad</strong></span> <span class='ocrx_word' id='word_1_180' title='bbox 1186 1199 1318 1272; x_wconf 89' lang='lat' dir='ltr'><strong>populum</strong></span> <span class='ocrx_word' id='word_1_181' title='bbox 1334 1200 1474 1270; x_wconf 82' lang='lat' dir='ltr'><strong>judaicum</strong></span> <span class='ocrx_word' id='word_1_182' title='bbox 1496 1200 1576 1268; x_wconf 89' lang='lat' dir='ltr'><strong>diota,</strong></span> <span class='ocrx_word' id='word_1_183' title='bbox 1600 1199 1646 1270; x_wconf 88' lang='lat' dir='ltr'><strong>qui</strong></span> <span class='ocrx_word' id='word_1_184' title='bbox 1660 1200 1833 1258; x_wconf 91' lang='lat' dir='ltr'><strong>commissam</strong></span> 
     </span>
     <span class='ocr_line' id='line_1_20' title="bbox 1036 1288 1832 1358; baseline 0 -13"><span class='ocrx_word' id='word_1_185' title='bbox 1036 1289 1087 1346; x_wconf 91' lang='lat' dir='ltr'><strong>sibi</strong></span> <span class='ocrx_word' id='word_1_186' title='bbox 1107 1289 1235 1346; x_wconf 89' lang='lat' dir='ltr'><strong>rationem</strong></span> <span class='ocrx_word' id='word_1_187' title='bbox 1252 1289 1357 1345; x_wconf 86' lang='lat' dir='ltr'><strong>Domini</strong></span> <span class='ocrx_word' id='word_1_188' title='bbox 1372 1305 1433 1344; x_wconf 91' lang='lat' dir='ltr'><strong>cum</strong></span> <span class='ocrx_word' id='word_1_189' title='bbox 1452 1289 1523 1344; x_wconf 90' lang='lat' dir='ltr'><strong>male</strong></span> <span class='ocrx_word' id='word_1_190' title='bbox 1538 1288 1763 1358; x_wconf 82' lang='lat' dir='ltr'><strong>administrasset,</strong></span> <span class='ocrx_word' id='word_1_191' title='bbox 1780 1291 1832 1346; x_wconf 89' lang='lat' dir='ltr'><strong>de-</strong></span> 
     </span>
     <span class='ocr_line' id='line_1_21' title="bbox 1037 1376 1831 1448; baseline 0.004 -15"><span class='ocrx_word' id='word_1_192' title='bbox 1037 1378 1101 1435; x_wconf 90' lang='lat' dir='ltr'><strong>bere</strong></span> <span class='ocrx_word' id='word_1_193' title='bbox 1122 1379 1156 1432; x_wconf 92' lang='lat' dir='ltr'><strong>de</strong></span> <span class='ocrx_word' id='word_1_194' title='bbox 1184 1392 1343 1433; x_wconf 80' lang='lat' dir='ltr'><strong>mammonae</strong></span> <span class='ocrx_word' id='word_1_195' title='bbox 1373 1376 1537 1445; x_wconf 91' lang='lat' dir='ltr'><strong>hominihus,</strong></span> <span class='ocrx_word' id='word_1_196' title='bbox 1561 1377 1633 1448; x_wconf 89' lang='lat' dir='ltr'><strong>quod</strong></span> <span class='ocrx_word' id='word_1_197' title='bbox 1648 1392 1699 1434; x_wconf 89' lang='lat' dir='ltr'><strong>nos</strong></span> <span class='ocrx_word' id='word_1_198' title='bbox 1713 1394 1831 1446; x_wconf 89' lang='lat' dir='ltr'><strong>eramus,</strong></span> 
     </span>
     <span class='ocr_line' id='line_1_22' title="bbox 1035 1464 1833 1537; baseline 0.004 -16"><span class='ocrx_word' id='word_1_199' title='bbox 1035 1465 1201 1522; x_wconf 87' lang='lat' dir='ltr'><strong>amicossibi</strong></span> <span class='ocrx_word' id='word_1_200' title='bbox 1224 1466 1313 1536; x_wconf 90' lang='lat' dir='ltr'><strong>potins</strong></span> <span class='ocrx_word' id='word_1_201' title='bbox 1336 1465 1500 1535; x_wconf 78' lang='lat' dir='ltr'><strong>prospicere,</strong></span> <span class='ocrx_word' id='word_1_202' title='bbox 1527 1481 1609 1537; x_wconf 91' lang='lat' dir='ltr'><strong>quam</strong></span> <span class='ocrx_word' id='word_1_203' title='bbox 1638 1464 1780 1535; x_wconf 81' lang='lat' dir='ltr'><strong>inimicos3</strong></span> <span class='ocrx_word' id='word_1_204' title='bbox 1804 1474 1833 1526; x_wconf 89' lang='lat' dir='ltr'><strong>et</strong></span> 
     </span>
     <span class='ocr_line' id='line_1_23' title="bbox 1036 1552 1834 1626; baseline 0.01 -19"><span class='ocrx_word' id='word_1_205' title='bbox 1036 1552 1154 1611; x_wconf 89' lang='lat' dir='ltr'><strong>revelare</strong></span> <span class='ocrx_word' id='word_1_206' title='bbox 1171 1567 1256 1619; x_wconf 85' lang='lat' dir='ltr'><strong>nosa</strong></span> <span class='ocrx_word' id='word_1_207' title='bbox 1274 1552 1373 1609; x_wconf 91' lang='lat' dir='ltr'><strong>debitis</strong></span> <span class='ocrx_word' id='word_1_208' title='bbox 1401 1559 1584 1623; x_wconf 89' lang='lat' dir='ltr'><strong>peccatoram,</strong></span> <span class='ocrx_word' id='word_1_209' title='bbox 1600 1553 1698 1626; x_wconf 90' lang='lat' dir='ltr'><strong>quibus</strong></span> <span class='ocrx_word' id='word_1_210' title='bbox 1711 1556 1769 1612; x_wconf 86' lang='lat' dir='ltr'><strong>Deo</strong></span> <span class='ocrx_word' id='word_1_211' title='bbox 1784 1555 1834 1615; x_wconf 87' lang='lat' dir='ltr'><strong>de·</strong></span> 
     </span>
     <span class='ocr_line' id='line_1_24' title="bbox 1034 1641 1829 1712; baseline 0.004 -15"><span class='ocrx_word' id='word_1_212' title='bbox 1034 1641 1197 1706; x_wconf 88' lang='lat' dir='ltr'><strong>tinebamnr,</strong></span> <span class='ocrx_word' id='word_1_213' title='bbox 1213 1641 1235 1695; x_wconf 92' lang='lat' dir='ltr'><strong>si</strong></span> <span class='ocrx_word' id='word_1_214' title='bbox 1249 1641 1328 1697; x_wconf 90' lang='lat' dir='ltr'><strong>nobis</strong></span> <span class='ocrx_word' id='word_1_215' title='bbox 1343 1642 1376 1696; x_wconf 91' lang='lat' dir='ltr'><strong>de</strong></span> <span class='ocrx_word' id='word_1_216' title='bbox 1386 1641 1524 1697; x_wconf 77' lang='lat' dir='ltr'><strong>[lominica</strong></span> <span class='ocrx_word' id='word_1_217' title='bbox 1539 1641 1643 1697; x_wconf 87' lang='lat' dir='ltr'><strong>ratione</strong></span> <span class='ocrx_word' id='word_1_218' title='bbox 1656 1641 1829 1712; x_wconf 81' lang='lat' dir='ltr'><strong>conferrent;</strong></span> 
     </span>
    </p>
   </div>
   <div class='ocr_carea' id='block_1_7' title="bbox 186 1706 1831 1802">
    <p class='ocr_par' dir='ltr' id='par_1_7' title="bbox 186 1706 1831 1802">
     <span class='ocr_line' id='line_1_25' title="bbox 186 1706 1831 1802; baseline -0.002 -12"><span class='ocrx_word' id='word_1_219' title='bbox 186 1732 238 1790; x_wconf 84' lang='lat' dir='ltr'><strong>diae</strong></span> <span class='ocrx_word' id='word_1_220' title='bbox 260 1734 296 1798; x_wconf 71' lang='lat'><strong>⁶⁵,</strong></span> <span class='ocrx_word' id='word_1_221' title='bbox 312 1746 365 1788; x_wconf 93' lang='lat' dir='ltr'><strong>non</strong></span> <span class='ocrx_word' id='word_1_222' title='bbox 381 1731 529 1785; x_wconf 80' lang='lat' dir='ltr'><strong>timiditatis</strong></span> <span class='ocrx_word' id='word_1_223' title='bbox 551 1744 617 1784; x_wconf 89' lang='lat' dir='ltr'><strong>meae</strong></span> <span class='ocrx_word' id='word_1_224' title='bbox 637 1729 754 1797; x_wconf 91' lang='lat' dir='ltr'><strong>nomine,</strong></span> <span class='ocrx_word' id='word_1_225' title='bbox 784 1729 829 1783; x_wconf 92' lang='lat' dir='ltr'><strong>ubi</strong></span> <span class='ocrx_word' id='word_1_226' title='bbox 843 1729 889 1800; x_wconf 91' lang='lat' dir='ltr'><strong>qni</strong></span> <span class='ocrx_word' id='word_1_227' title='bbox 903 1746 982 1786; x_wconf 87' lang='lat' dir='ltr'><strong>acce·</strong></span> <span class='ocrx_word' id='word_1_228' title='bbox 998 1706 1020 1785; x_wconf 72' lang='grc' dir='ltr'><strong>Β</strong></span> <span class='ocrx_word' id='word_1_229' title='bbox 1036 1739 1065 1785; x_wconf 87' lang='grc' dir='ltr'><strong>ιι</strong></span> <span class='ocrx_word' id='word_1_230' title='bbox 1079 1743 1141 1784; x_wconf 91' lang='lat' dir='ltr'><strong>eum</strong></span> <span class='ocrx_word' id='word_1_231' title='bbox 1169 1728 1315 1801; x_wconf 87' lang='lat' dir='ltr'><strong>coepissent</strong></span> <span class='ocrx_word' id='word_1_232' title='bbox 1338 1728 1372 1783; x_wconf 92' lang='lat' dir='ltr'><strong>ab</strong></span> <span class='ocrx_word' id='word_1_233' title='bbox 1387 1728 1470 1799; x_wconf 82' lang='lat' dir='ltr'><strong>hujus</strong></span> <span class='ocrx_word' id='word_1_234' title='bbox 1485 1727 1601 1784; x_wconf 90' lang='lat' dir='ltr'><strong>delicere</strong></span> <span class='ocrx_word' id='word_1_235' title='bbox 1619 1730 1716 1802; x_wconf 89' lang='lat' dir='ltr'><strong>gratia,</strong></span> <span class='ocrx_word' id='word_1_236' title='bbox 1731 1731 1765 1786; x_wconf 91' lang='lat' dir='ltr'><strong>ad</strong></span> <span class='ocrx_word' id='word_1_237' title='bbox 1778 1744 1831 1788; x_wconf 91' lang='lat' dir='ltr'><strong>no-</strong></span> 
     </span>
    </p>
   </div>
   <div class='ocr_carea' id='block_1_8' title="bbox 107 1815 984 2687">
    <p class='ocr_par' dir='ltr' id='par_1_8' title="bbox 107 1815 984 2687">
     <span class='ocr_line' id='line_1_26' title="bbox 186 1815 983 1892; baseline 0.003 -19"><span class='ocrx_word' id='word_1_238' title='bbox 186 1821 237 1892; x_wconf 82' lang='lat' dir='ltr'><strong>pit,</strong></span> <span class='ocrx_word' id='word_1_239' title='bbox 247 1821 333 1875; x_wconf 87' lang='lat' dir='ltr'><strong>Deum</strong></span> <span class='ocrx_word' id='word_1_240' title='bbox 348 1821 463 1874; x_wconf 88' lang='lat' dir='ltr'><strong>honorat</strong></span> <span class='ocrx_word' id='word_1_241' title='bbox 477 1825 504 1871; x_wconf 92' lang='lat' dir='ltr'><strong>et</strong></span> <span class='ocrx_word' id='word_1_242' title='bbox 513 1815 726 1873; x_wconf 84' lang='lat' dir='ltr'><strong>benedictionem</strong></span> <span class='ocrx_word' id='word_1_243' title='bbox 738 1817 804 1872; x_wconf 89' lang='lat' dir='ltr'><strong>mihi</strong></span> <span class='ocrx_word' id='word_1_244' title='bbox 814 1817 916 1887; x_wconf 79' lang='lat' dir='ltr'><strong>reddit3</strong></span> <span class='ocrx_word' id='word_1_245' title='bbox 928 1834 983 1875; x_wconf 88' lang='lat' dir='ltr'><strong>nou</strong></span> 
     </span>
     <span class='ocr_line' id='line_1_27' title="bbox 186 1902 984 1977; baseline -0.003 -13"><span class='ocrx_word' id='word_1_246' title='bbox 186 1907 234 1965; x_wconf 88' lang='lat' dir='ltr'><strong>ubi</strong></span> <span class='ocrx_word' id='word_1_247' title='bbox 248 1905 363 1976; x_wconf 86' lang='lat' dir='ltr'><strong>anrplius</strong></span> <span class='ocrx_word' id='word_1_248' title='bbox 375 1920 404 1959; x_wconf 90' lang='lat' dir='ltr'><strong>se</strong></span> <span class='ocrx_word' id='word_1_249' title='bbox 418 1902 584 1960; x_wconf 91' lang='lat' dir='ltr'><strong>benolaetum</strong></span> <span class='ocrx_word' id='word_1_250' title='bbox 598 1903 757 1974; x_wconf 70' lang='lat' dir='ltr'><strong>praestitisse</strong></span> <span class='ocrx_word' id='word_1_251' title='bbox 767 1905 861 1975; x_wconf 86' lang='lat' dir='ltr'><strong>credit,</strong></span> <span class='ocrx_word' id='word_1_252' title='bbox 877 1915 903 1961; x_wconf 90' lang='lat' dir='ltr'><strong>et</strong></span> <span class='ocrx_word' id='word_1_253' title='bbox 917 1923 984 1977; x_wconf 87' lang='lat' dir='ltr'><strong>prae·</strong></span> 
     </span>
     <span class='ocr_line' id='line_1_28' title="bbox 184 1991 983 2066; baseline 0 -14"><span class='ocrx_word' id='word_1_254' title='bbox 184 1995 247 2052; x_wconf 90' lang='lat' dir='ltr'><strong>dam</strong></span> <span class='ocrx_word' id='word_1_255' title='bbox 261 2010 337 2050; x_wconf 91' lang='lat' dir='ltr'><strong>suam</strong></span> <span class='ocrx_word' id='word_1_256' title='bbox 363 1992 501 2066; x_wconf 89' lang='lat' dir='ltr'><strong>aspicieus</strong></span> <span class='ocrx_word' id='word_1_257' title='bbox 515 1991 580 2049; x_wconf 91' lang='lat' dir='ltr'><strong>dicit</strong></span> <span class='ocrx_word' id='word_1_258' title='bbox 606 1992 664 2065; x_wconf 84' lang='lat'>(30)</span> <span class='ocrx_word' id='word_1_259' title='bbox 680 2010 686 2050; x_wconf 95' lang='lat'><strong>:</strong></span> <span class='ocrx_word' id='word_1_260' title='bbox 704 1993 744 2049; x_wconf 89' lang='lat' dir='ltr'><strong>De</strong></span> <span class='ocrx_word' id='word_1_261' title='bbox 758 2000 835 2050; x_wconf 86' lang='lat' dir='ltr'><strong>reatu</strong></span> <span class='ocrx_word' id='word_1_262' title='bbox 848 2002 898 2050; x_wconf 88' lang='lat' dir='ltr'><strong>est.</strong></span> <span class='ocrx_word' id='word_1_263' title='bbox 928 1998 983 2052; x_wconf 90' lang='lat' dir='ltr'><strong>Pa·</strong></span> 
     </span>
     <span class='ocr_line' id='line_1_29' title="bbox 184 2080 983 2153; baseline -0.005 -10"><span class='ocrx_word' id='word_1_264' title='bbox 184 2087 297 2143; x_wconf 83' lang='lat' dir='ltr'><strong>scamci</strong></span> <span class='ocrx_word' id='word_1_265' title='bbox 307 2085 458 2139; x_wconf 80' lang='lat' dir='ltr'><strong>inimicum</strong></span> <span class='ocrx_word' id='word_1_266' title='bbox 467 2081 492 2120; x_wconf 89' lang='grc'><strong>66</strong></span> <span class='ocrx_word' id='word_1_267' title='bbox 507 2080 869 2153; x_wconf 77' lang='lat' dir='ltr'><strong>(31).Sedinimicitiaealios</strong></span> <span class='ocrx_word' id='word_1_268' title='bbox 883 2084 983 2140; x_wconf 89' lang='lat' dir='ltr'><strong>babent</strong></span> 
     </span>
     <span class='ocr_line' id='line_1_30' title="bbox 183 2169 982 2242; baseline -0.006 -10"><span class='ocrx_word' id='word_1_269' title='bbox 183 2174 285 2232; x_wconf 88' lang='lat' dir='ltr'><strong>titulos.</strong></span> <span class='ocrx_word' id='word_1_270' title='bbox 312 2173 372 2227; x_wconf 92' lang='lat' dir='ltr'><strong>Non</strong></span> <span class='ocrx_word' id='word_1_271' title='bbox 396 2179 485 2225; x_wconf 90' lang='lat' dir='ltr'><strong>tamen</strong></span> <span class='ocrx_word' id='word_1_272' title='bbox 507 2169 577 2224; x_wconf 85' lang='lat' dir='ltr'><strong>dixit</strong></span> <span class='ocrx_word' id='word_1_273' title='bbox 600 2169 766 2240; x_wconf 87' lang='lat' dir='ltr'><strong>traditorem,</strong></span> <span class='ocrx_word' id='word_1_274' title='bbox 786 2178 833 2227; x_wconf 86' lang='lat' dir='ltr'><strong>aut</strong></span> <span class='ocrx_word' id='word_1_275' title='bbox 856 2186 982 2242; x_wconf 89' lang='lat' dir='ltr'><strong>persecu·</strong></span> 
     </span>
     <span class='ocr_line' id='line_1_31' title="bbox 183 2260 983 2333; baseline -0.004 -13"><span class='ocrx_word' id='word_1_276' title='bbox 183 2274 278 2326; x_wconf 90' lang='lat' dir='ltr'><strong>torem,</strong></span> <span class='ocrx_word' id='word_1_277' title='bbox 298 2268 344 2316; x_wconf 91' lang='lat' dir='ltr'><strong>aut</strong></span> <span class='ocrx_word' id='word_1_278' title='bbox 366 2273 569 2316; x_wconf 88' lang='lat' dir='ltr'><strong>concussorem.</strong></span> <span class='ocrx_word' id='word_1_279' title='bbox 589 2260 657 2314; x_wconf 91' lang='lat' dir='ltr'><strong>Nam</strong></span> <span class='ocrx_word' id='word_1_280' title='bbox 688 2260 750 2316; x_wconf 91' lang='lat' dir='ltr'><strong>huic</strong></span> <span class='ocrx_word' id='word_1_281' title='bbox 776 2262 983 2333; x_wconf 88' lang='lat' dir='ltr'><strong>quantomagis</strong></span> 
     </span>
     <span class='ocr_line' id='line_1_32' title="bbox 183 2347 983 2418; baseline -0.008 -8"><span class='ocrx_word' id='word_1_282' title='bbox 183 2352 314 2410; x_wconf 86' lang='lat' dir='ltr'><strong>carbones</strong></span> <span class='ocrx_word' id='word_1_283' title='bbox 332 2347 461 2403; x_wconf 83' lang='lat' dir='ltr'><strong>acervabo</strong></span> <span class='ocrx_word' id='word_1_284' title='bbox 476 2363 562 2417; x_wconf 89' lang='lat' dir='ltr'><strong>super</strong></span> <span class='ocrx_word' id='word_1_285' title='bbox 581 2356 670 2418; x_wconf 91' lang='lat' dir='ltr'><strong>capnt,</strong></span> <span class='ocrx_word' id='word_1_286' title='bbox 687 2347 711 2403; x_wconf 92' lang='lat' dir='ltr'><strong>si</strong></span> <span class='ocrx_word' id='word_1_287' title='bbox 729 2363 784 2404; x_wconf 88' lang='lat' dir='ltr'><strong>noa</strong></span> <span class='ocrx_word' id='word_1_288' title='bbox 804 2364 846 2404; x_wconf 85' lang='lat' dir='ltr'><strong>ute</strong></span> <span class='ocrx_word' id='word_1_289' title='bbox 863 2349 983 2405; x_wconf 89' lang='lat' dir='ltr'><strong>redeme-</strong></span> 
     </span>
     <span class='ocr_line' id='line_1_33' title="bbox 182 2435 981 2509; baseline -0.001 -11"><span class='ocrx_word' id='word_1_290' title='bbox 182 2456 213 2498; x_wconf 87' lang='lat' dir='ltr'><strong>to</strong></span> <span class='ocrx_word' id='word_1_291' title='bbox 223 2441 237 2496; x_wconf 77' lang='lat' dir='ltr'><strong>i</strong></span> <span class='ocrx_word' id='word_1_292' title='bbox 247 2435 475 2508; x_wconf 86' lang='lat' dir='ltr'><strong>Proinde,inquit,</strong></span> <span class='ocrx_word' id='word_1_293' title='bbox 485 2438 533 2509; x_wconf 85' lang='lat' dir='ltr'><strong>qui</strong></span> <span class='ocrx_word' id='word_1_294' title='bbox 549 2438 601 2494; x_wconf 79' lang='lat' dir='ltr'><strong>tibi</strong></span> <span class='ocrx_word' id='word_1_295' title='bbox 615 2438 744 2493; x_wconf 80' lang='lat' dir='ltr'><strong>tunicam</strong></span> <span class='ocrx_word' id='word_1_296' title='bbox 755 2439 918 2505; x_wconf 80' lang='lat' dir='ltr'><strong>sustulerit,</strong></span> <span class='ocrx_word' id='word_1_297' title='bbox 938 2440 981 2497; x_wconf 85' lang='lat' dir='ltr'><strong>vel</strong></span> 
     </span>
     <span class='ocr_line' id='line_1_34' title="bbox 107 2526 981 2600; baseline -0.003 -13"><span class='ocrx_word' id='word_1_298' title='bbox 107 2564 111 2569; x_wconf 91' lang='lat'><em>·</em></span> <span class='ocrx_word' id='word_1_299' title='bbox 183 2532 272 2588; x_wconf 82' lang='lat' dir='ltr'><strong>etiam</strong></span> <span class='ocrx_word' id='word_1_300' title='bbox 288 2528 413 2600; x_wconf 86' lang='lat' dir='ltr'><strong>pallium</strong></span> <span class='ocrx_word' id='word_1_301' title='bbox 432 2526 559 2592; x_wconf 80' lang='lat' dir='ltr'><strong>concede,</strong></span> <span class='ocrx_word' id='word_1_302' title='bbox 576 2527 609 2581; x_wconf 93' lang='lat' dir='ltr'><strong>ad</strong></span> <span class='ocrx_word' id='word_1_303' title='bbox 626 2543 687 2581; x_wconf 84' lang='lat' dir='ltr'><strong>eunt</strong></span> <span class='ocrx_word' id='word_1_304' title='bbox 707 2526 832 2596; x_wconf 84' lang='lat' dir='ltr'><strong>partinet,</strong></span> <span class='ocrx_word' id='word_1_305' title='bbox 849 2528 894 2599; x_wconf 91' lang='lat' dir='ltr'><strong>qui</strong></span> <span class='ocrx_word' id='word_1_306' title='bbox 914 2543 981 2599; x_wconf 91' lang='lat' dir='ltr'><strong>rem,</strong></span> 
     </span>
     <span class='ocr_line' id='line_1_35' title="bbox 180 2613 980 2687; baseline 0 -15"><span class='ocrx_word' id='word_1_307' title='bbox 180 2630 235 2672; x_wconf 88' lang='lat' dir='ltr'><strong>non</strong></span> <span class='ocrx_word' id='word_1_308' title='bbox 254 2615 302 2687; x_wconf 92' lang='lat' dir='ltr'><strong>qni</strong></span> <span class='ocrx_word' id='word_1_309' title='bbox 320 2613 401 2669; x_wconf 88' lang='lat' dir='ltr'><strong>iidem</strong></span> <span class='ocrx_word' id='word_1_310' title='bbox 417 2628 504 2669; x_wconf 91' lang='lat' dir='ltr'><strong>meam</strong></span> <span class='ocrx_word' id='word_1_311' title='bbox 532 2613 637 2684; x_wconf 90' lang='lat' dir='ltr'><strong>eripere</strong></span> <span class='ocrx_word' id='word_1_312' title='bbox 655 2614 803 2684; x_wconf 86' lang='lat' dir='ltr'><strong>quaesierit.</strong></span> <span class='ocrx_word' id='word_1_313' title='bbox 829 2614 980 2671; x_wconf 87' lang='lat' dir='ltr'><strong>Concedam</strong></span> 
     </span>
    </p>
   </div>
   <div class='ocr_carea' id='block_1_9' title="bbox 1034 1816 1833 2689">
    <p class='ocr_par' dir='ltr' id='par_1_9' title="bbox 1034 1816 1833 2689">
     <span class='ocr_line' id='line_1_36' title="bbox 1037 1816 1832 1889; baseline 0.004 -15"><span class='ocrx_word' id='word_1_314' title='bbox 1037 1824 1121 1874; x_wconf 91' lang='lat' dir='ltr'><strong>stram</strong></span> <span class='ocrx_word' id='word_1_315' title='bbox 1136 1819 1215 1875; x_wconf 87' lang='lat' dir='ltr'><strong>tidem</strong></span> <span class='ocrx_word' id='word_1_316' title='bbox 1230 1817 1401 1889; x_wconf 77' lang='lat' dir='ltr'><strong>refugientes,</strong></span> <span class='ocrx_word' id='word_1_317' title='bbox 1420 1816 1605 1889; x_wconf 88' lang='lat' dir='ltr'><strong>reciperentur</strong></span> <span class='ocrx_word' id='word_1_318' title='bbox 1619 1818 1646 1873; x_wconf 90' lang='lat' dir='ltr'><strong>in</strong></span> <span class='ocrx_word' id='word_1_319' title='bbox 1659 1819 1832 1877; x_wconf 88' lang='lat' dir='ltr'><strong>tabernacula</strong></span> 
     </span>
     <span class='ocr_line' id='line_1_37' title="bbox 1036 1906 1831 1979; baseline 0.005 -17"><span class='ocrx_word' id='word_1_320' title='bbox 1036 1915 1147 1962; x_wconf 75' lang='lat' dir='ltr'><strong>aterna.</strong></span> <span class='ocrx_word' id='word_1_321' title='bbox 1163 1906 1291 1977; x_wconf 84' lang='lat' dir='ltr'><strong>Quamvis</strong></span> <span class='ocrx_word' id='word_1_322' title='bbox 1315 1921 1389 1962; x_wconf 91' lang='lat' dir='ltr'><strong>uune</strong></span> <span class='ocrx_word' id='word_1_323' title='bbox 1416 1915 1479 1979; x_wconf 88' lang='lat' dir='ltr'><strong>puta</strong></span> <span class='ocrx_word' id='word_1_324' title='bbox 1493 1907 1570 1962; x_wconf 90' lang='lat' dir='ltr'><strong>aliam</strong></span> <span class='ocrx_word' id='word_1_325' title='bbox 1586 1906 1831 1978; x_wconf 88' lang='lat' dir='ltr'><strong>interpretationem</strong></span> 
     </span>
     <span class='ocr_line' id='line_1_38' title="bbox 1036 1992 1831 2067; baseline 0.005 -18"><span class='ocrx_word' id='word_1_326' title='bbox 1036 1994 1170 2067; x_wconf 86' lang='lat' dir='ltr'><strong>pambolae</strong></span> <span class='ocrx_word' id='word_1_327' title='bbox 1184 2002 1211 2049; x_wconf 89' lang='lat' dir='ltr'><strong>et</strong></span> <span class='ocrx_word' id='word_1_328' title='bbox 1228 1992 1369 2048; x_wconf 79' lang='lat' dir='ltr'><strong>sententiae</strong></span> <span class='ocrx_word' id='word_1_329' title='bbox 1395 1992 1565 2060; x_wconf 65' lang='lat' dir='ltr'><strong>istiusdem</strong></span> <span class='ocrx_word' id='word_1_330' title='bbox 1591 1994 1662 2049; x_wconf 90' lang='lat' dir='ltr'><strong>scias</strong></span> <span class='ocrx_word' id='word_1_331' title='bbox 1684 1996 1831 2053; x_wconf 88' lang='lat' dir='ltr'><strong>verisimile</strong></span> 
     </span>
     <span class='ocr_line' id='line_1_39' title="bbox 1036 2078 1830 2140; baseline 0.003 -2"><span class='ocrx_word' id='word_1_332' title='bbox 1036 2097 1090 2138; x_wconf 92' lang='lat' dir='ltr'><strong>non</strong></span> <span class='ocrx_word' id='word_1_333' title='bbox 1105 2098 1164 2138; x_wconf 89' lang='lat' dir='ltr'><strong>esse</strong></span> <span class='ocrx_word' id='word_1_334' title='bbox 1178 2092 1208 2138; x_wconf 91' lang='lat' dir='ltr'><strong>ut</strong></span> <span class='ocrx_word' id='word_1_335' title='bbox 1222 2095 1397 2137; x_wconf 88' lang='lat' dir='ltr'><strong>concussores</strong></span> <span class='ocrx_word' id='word_1_336' title='bbox 1419 2078 1505 2136; x_wconf 89' lang='lat' dir='ltr'><strong>nostri</strong></span> <span class='ocrx_word' id='word_1_337' title='bbox 1521 2080 1548 2135; x_wconf 93' lang='lat' dir='ltr'><strong>in</strong></span> <span class='ocrx_word' id='word_1_338' title='bbox 1568 2080 1711 2138; x_wconf 86' lang='lat' dir='ltr'><strong>amicitiam</strong></span> <span class='ocrx_word' id='word_1_339' title='bbox 1736 2082 1830 2140; x_wconf 89' lang='lat' dir='ltr'><strong>redae·</strong></span> 
     </span>
     <span class='ocr_line' id='line_1_40' title="bbox 1035 2169 1831 2243; baseline -0.001 -16"><span class='ocrx_word' id='word_1_340' title='bbox 1035 2173 1056 2227; x_wconf 87' lang='lat' dir='ltr'><strong>ti</strong></span> <span class='ocrx_word' id='word_1_341' title='bbox 1071 2186 1119 2243; x_wconf 91' lang='lat' dir='ltr'><strong>per</strong></span> <span class='ocrx_word' id='word_1_342' title='bbox 1143 2184 1335 2240; x_wconf 88' lang='lat' dir='ltr'><strong>mammonam,</strong></span> <span class='ocrx_word' id='word_1_343' title='bbox 1351 2169 1481 2241; x_wconf 87' lang='lat' dir='ltr'><strong>recipiant</strong></span> <span class='ocrx_word' id='word_1_344' title='bbox 1497 2177 1560 2225; x_wconf 88' lang='lat' dir='ltr'><strong>tuuc</strong></span> <span class='ocrx_word' id='word_1_345' title='bbox 1584 2184 1635 2225; x_wconf 91' lang='lat' dir='ltr'><strong>nos</strong></span> <span class='ocrx_word' id='word_1_346' title='bbox 1662 2169 1691 2225; x_wconf 89' lang='grc' dir='ltr'><strong>ιιι</strong></span> <span class='ocrx_word' id='word_1_347' title='bbox 1706 2171 1831 2228; x_wconf 90' lang='lat' dir='ltr'><strong>taberna·</strong></span> 
     </span>
     <span class='ocr_line' id='line_1_41' title="bbox 1035 2258 1831 2331; baseline 0.001 -14"><span class='ocrx_word' id='word_1_348' title='bbox 1035 2263 1094 2317; x_wconf 91' lang='lat' dir='ltr'><strong>cnla</strong></span> <span class='ocrx_word' id='word_1_349' title='bbox 1117 2269 1225 2317; x_wconf 90' lang='lat' dir='ltr'><strong>aeterna.</strong></span> <span class='ocrx_word' id='word_1_350' title='bbox 1244 2260 1297 2316; x_wconf 87' lang='lat' dir='ltr'><strong>Sed</strong></span> <span class='ocrx_word' id='word_1_351' title='bbox 1318 2258 1381 2331; x_wconf 88' lang='lat' dir='ltr'><strong>quid</strong></span> <span class='ocrx_word' id='word_1_352' title='bbox 1404 2273 1458 2315; x_wconf 90' lang='lat' dir='ltr'><strong>non</strong></span> <span class='ocrx_word' id='word_1_353' title='bbox 1481 2258 1613 2314; x_wconf 86' lang='lat' dir='ltr'><strong>timiditas</strong></span> <span class='ocrx_word' id='word_1_354' title='bbox 1636 2260 1831 2330; x_wconf 74' lang='lat' dir='ltr'><strong>persuadebit?</strong></span> 
     </span>
     <span class='ocr_line' id='line_1_42' title="bbox 1034 2347 1832 2422; baseline 0 -16"><span class='ocrx_word' id='word_1_355' title='bbox 1034 2352 1112 2422; x_wconf 86' lang='lat' dir='ltr'><strong>quasi</strong></span> <span class='ocrx_word' id='word_1_356' title='bbox 1140 2357 1167 2405; x_wconf 91' lang='lat' dir='ltr'><strong>et</strong></span> <span class='ocrx_word' id='word_1_357' title='bbox 1194 2348 1289 2420; x_wconf 88' lang='lat' dir='ltr'><strong>lugere</strong></span> <span class='ocrx_word' id='word_1_358' title='bbox 1310 2347 1454 2417; x_wconf 77' lang='lat' dir='ltr'><strong>Scriptura</strong></span> <span class='ocrx_word' id='word_1_359' title='bbox 1480 2347 1628 2419; x_wconf 87' lang='lat' dir='ltr'><strong>permittat,</strong></span> <span class='ocrx_word' id='word_1_360' title='bbox 1658 2355 1686 2404; x_wconf 91' lang='lat' dir='ltr'><strong>et</strong></span> <span class='ocrx_word' id='word_1_361' title='bbox 1699 2349 1832 2406; x_wconf 91' lang='lat' dir='ltr'><strong>redimere</strong></span> 
     </span>
     <span class='ocr_line' id='line_1_43' title="bbox 1035 2435 1831 2512; baseline 0.001 -19"><span class='ocrx_word' id='word_1_362' title='bbox 1035 2439 1184 2512; x_wconf 90' lang='lat' dir='ltr'><strong>praecipiat.</strong></span> <span class='ocrx_word' id='word_1_363' title='bbox 1201 2439 1295 2492; x_wconf 88' lang='lat' dir='ltr'><strong>Parum</strong></span> <span class='ocrx_word' id='word_1_364' title='bbox 1311 2435 1429 2507; x_wconf 89' lang='lat' dir='ltr'><strong>denique</strong></span> <span class='ocrx_word' id='word_1_365' title='bbox 1443 2442 1494 2503; x_wconf 87' lang='lat' dir='ltr'><strong>cst,</strong></span> <span class='ocrx_word' id='word_1_366' title='bbox 1510 2435 1532 2490; x_wconf 89' lang='lat' dir='ltr'><strong>si</strong></span> <span class='ocrx_word' id='word_1_367' title='bbox 1559 2451 1632 2492; x_wconf 90' lang='lat' dir='ltr'><strong>unus</strong></span> <span class='ocrx_word' id='word_1_368' title='bbox 1645 2443 1692 2491; x_wconf 92' lang='lat' dir='ltr'><strong>ant</strong></span> <span class='ocrx_word' id='word_1_369' title='bbox 1709 2437 1779 2492; x_wconf 84' lang='lat' dir='ltr'><strong>alius</strong></span> <span class='ocrx_word' id='word_1_370' title='bbox 1794 2437 1831 2494; x_wconf 84' lang='lat' dir='ltr'><strong>ita</strong></span> 
     </span>
     <span class='ocr_line' id='line_1_44' title="bbox 1034 2523 1831 2583; baseline -0.005 0"><span class='ocrx_word' id='word_1_371' title='bbox 1034 2527 1147 2583; x_wconf 89' lang='lat' dir='ltr'><strong>eruitur.</strong></span> <span class='ocrx_word' id='word_1_372' title='bbox 1164 2526 1313 2581; x_wconf 78' lang='lat' dir='ltr'><strong>Massaliter</strong></span> <span class='ocrx_word' id='word_1_373' title='bbox 1328 2531 1391 2582; x_wconf 84' lang='lat' dir='ltr'><strong>tute</strong></span> <span class='ocrx_word' id='word_1_374' title='bbox 1412 2523 1536 2580; x_wconf 78' lang='lat' dir='ltr'><strong>eeclesia</strong></span> <span class='ocrx_word' id='word_1_375' title='bbox 1563 2525 1694 2579; x_wconf 91' lang='lat' dir='ltr'><strong>tributum</strong></span> <span class='ocrx_word' id='word_1_376' title='bbox 1722 2523 1775 2580; x_wconf 90' lang='lat' dir='ltr'><strong>sibi</strong></span> <span class='ocrx_word' id='word_1_377' title='bbox 1792 2525 1831 2580; x_wconf 92' lang='lat' dir='ltr'><strong>ir·</strong></span> 
     </span>
     <span class='ocr_line' id='line_1_45' title="bbox 1034 2612 1833 2689; baseline -0.004 -17"><span class='ocrx_word' id='word_1_378' title='bbox 1034 2614 1281 2689; x_wconf 76' lang='lat' dir='ltr'><strong>rogaveruntlhi).</strong></span> <span class='ocrx_word' id='word_1_379' title='bbox 1305 2613 1402 2669; x_wconf 92' lang='lat' dir='ltr'><strong>Nescio</strong></span> <span class='ocrx_word' id='word_1_380' title='bbox 1431 2612 1575 2669; x_wconf 90' lang='lat' dir='ltr'><strong>dolendum</strong></span> <span class='ocrx_word' id='word_1_381' title='bbox 1604 2627 1639 2669; x_wconf 90' lang='lat' dir='ltr'><strong>an</strong></span> <span class='ocrx_word' id='word_1_382' title='bbox 1665 2613 1833 2671; x_wconf 86' lang='lat' dir='ltr'><strong>erubescen-</strong></span> 
     </span>
    </p>
   </div>
   <div class='ocr_carea' id='block_1_10' title="bbox 181 2698 1833 2864">
    <p class='ocr_par' dir='ltr' id='par_1_10' title="bbox 181 2698 1833 2864">
     <span class='ocr_line' id='line_1_46' title="bbox 181 2698 1831 2778; baseline -0.003 -16"><span class='ocrx_word' id='word_1_383' title='bbox 181 2715 210 2762; x_wconf 90' lang='lat' dir='ltr'><strong>et</strong></span> <span class='ocrx_word' id='word_1_384' title='bbox 228 2705 338 2778; x_wconf 87' lang='lat' dir='ltr'><strong>pallium</strong></span> <span class='ocrx_word' id='word_1_385' title='bbox 373 2718 426 2759; x_wconf 91' lang='lat' dir='ltr'><strong>non</strong></span> <span class='ocrx_word' id='word_1_386' title='bbox 454 2702 567 2758; x_wconf 91' lang='lat' dir='ltr'><strong>minanti</strong></span> <span class='ocrx_word' id='word_1_387' title='bbox 600 2702 778 2758; x_wconf 89' lang='lat' dir='ltr'><strong>traditionem.</strong></span> <span class='ocrx_word' id='word_1_388' title='bbox 806 2703 835 2759; x_wconf 88' lang='lat' dir='ltr'><strong>Si</strong></span> <span class='ocrx_word' id='word_1_389' title='bbox 864 2706 980 2761; x_wconf 90' lang='lat' dir='ltr'><strong>minatus</strong></span> <span class='ocrx_word' id='word_1_390' title='bbox 1032 2705 1095 2760; x_wconf 84' lang='lat' dir='ltr'><strong>dunt</strong></span> <span class='ocrx_word' id='word_1_391' title='bbox 1111 2703 1269 2772; x_wconf 91' lang='lat' dir='ltr'><strong>sit‚cumin</strong></span> <span class='ocrx_word' id='word_1_392' title='bbox 1284 2700 1436 2757; x_wconf 87' lang='lat' dir='ltr'><strong>matricibus</strong></span> <span class='ocrx_word' id='word_1_393' title='bbox 1450 2698 1685 2758; x_wconf 82' lang='lat' dir='ltr'><strong>beneficiariorum</strong></span> <span class='ocrx_word' id='word_1_394' title='bbox 1699 2710 1727 2757; x_wconf 92' lang='lat' dir='ltr'><strong>et</strong></span> <span class='ocrx_word' id='word_1_395' title='bbox 1740 2702 1831 2759; x_wconf 88' lang='lat' dir='ltr'><strong>eurio·</strong></span> 
     </span>
     <span class='ocr_line' id='line_1_47' title="bbox 181 2788 1833 2864; baseline -0.002 -13"><span class='ocrx_word' id='word_1_396' title='bbox 181 2794 280 2860; x_wconf 89' lang='lat' dir='ltr'><strong>luerit,</strong></span> <span class='ocrx_word' id='word_1_397' title='bbox 305 2793 386 2848; x_wconf 91' lang='lat' dir='ltr'><strong>etiam</strong></span> <span class='ocrx_word' id='word_1_398' title='bbox 419 2789 535 2848; x_wconf 88' lang='lat' dir='ltr'><strong>tunicam</strong></span> <span class='ocrx_word' id='word_1_399' title='bbox 566 2805 717 2863; x_wconf 89' lang='lat' dir='ltr'><strong>reposcam.</strong></span> <span class='ocrx_word' id='word_1_400' title='bbox 752 2790 880 2847; x_wconf 90' lang='lat' dir='ltr'><strong>Omnium</strong></span> <span class='ocrx_word' id='word_1_401' title='bbox 922 2793 979 2862; x_wconf 85' lang='lat' dir='ltr'><strong>jam</strong></span> <span class='ocrx_word' id='word_1_402' title='bbox 1033 2808 1125 2849; x_wconf 88' lang='lat' dir='ltr'><strong>sorum</strong></span> <span class='ocrx_word' id='word_1_403' title='bbox 1137 2796 1205 2864; x_wconf 85' lang='grc'>(33),</span> <span class='ocrx_word' id='word_1_404' title='bbox 1220 2789 1303 2849; x_wconf 77' lang='lat' dir='ltr'><strong>tta</strong></span> <span class='ocrx_word' id='word_1_405' title='bbox 1318 2790 1387 2847; x_wconf 86' lang='lat' dir='ltr'><strong>inter</strong></span> <span class='ocrx_word' id='word_1_406' title='bbox 1400 2791 1573 2860; x_wconf 89' lang='lat' dir='ltr'><strong>tabernarios,</strong></span> <span class='ocrx_word' id='word_1_407' title='bbox 1585 2805 1611 2846; x_wconf 91' lang='lat' dir='ltr'><strong>ct</strong></span> <span class='ocrx_word' id='word_1_408' title='bbox 1621 2788 1710 2847; x_wconf 91' lang='lat' dir='ltr'><strong>lanios</strong></span> <span class='ocrx_word' id='word_1_409' title='bbox 1721 2791 1785 2864; x_wconf 71' lang='lat' dir='ltr'><strong>till,</strong></span> <span class='ocrx_word' id='word_1_410' title='bbox 1805 2800 1833 2851; x_wconf 92' lang='lat' dir='ltr'><strong>et</strong></span> 
     </span>
    </p>
   </div>
   <div class='ocr_carea' id='block_1_11' title="bbox 861 2891 1131 2955">
    <p class='ocr_par' dir='ltr' id='par_1_11' title="bbox 861 2891 1131 2955">
     <span class='ocr_line' id='line_1_48' title="bbox 861 2891 1131 2955; baseline 0.007 -4"><span class='ocrx_word' id='word_1_411' title='bbox 861 2891 955 2954; x_wconf 80' lang='lat' dir='ltr'><strong>Variae</strong></span> <span class='ocrx_word' id='word_1_412' title='bbox 977 2894 1131 2955; x_wconf 84' lang='lat' dir='ltr'><strong>lectiones.</strong></span> 
     </span>
    </p>
   </div>
   <div class='ocr_carea' id='block_1_12' title="bbox 180 2984 1831 3205">
    <p class='ocr_par' dir='ltr' id='par_1_12' title="bbox 180 2984 1831 3205">
     <span class='ocr_line' id='line_1_49' title="bbox 215 2984 1831 3058; baseline -0.002 -12"><span class='ocrx_word' id='word_1_413' title='bbox 215 2989 241 3028; x_wconf 83' lang='lat'><strong>⁶³</strong></span> <span class='ocrx_word' id='word_1_414' title='bbox 255 2990 324 3046; x_wconf 90' lang='lat' dir='ltr'><strong>Cum</strong></span> <span class='ocrx_word' id='word_1_415' title='bbox 341 2987 447 3045; x_wconf 84' lang='lat' dir='ltr'><strong>Obertlt.</strong></span> <span class='ocrx_word' id='word_1_416' title='bbox 465 2986 549 3042; x_wconf 84' lang='lat' dir='ltr'><strong>Semi.</strong></span> <span class='ocrx_word' id='word_1_417' title='bbox 566 2985 652 3042; x_wconf 88' lang='lat' dir='ltr'><strong>llben.</strong></span> <span class='ocrx_word' id='word_1_418' title='bbox 663 2984 794 3041; x_wconf 70' lang='lat' dir='ltr'><strong>tttncutit</strong></span> <span class='ocrx_word' id='word_1_419' title='bbox 808 2985 917 3045; x_wconf 84' lang='lat' dir='ltr'><strong>Obertlt.</strong></span> <span class='ocrx_word' id='word_1_420' title='bbox 934 2989 1019 3046; x_wconf 85' lang='lat' dir='ltr'><strong>Semi.</strong></span> <span class='ocrx_word' id='word_1_421' title='bbox 1034 2989 1114 3044; x_wconf 79' lang='lat' dir='ltr'><strong>Patre.</strong></span> <span class='ocrx_word' id='word_1_422' title='bbox 1132 2987 1219 3045; x_wconf 80' lang='lat' dir='ltr'><strong>libert.</strong></span> <span class='ocrx_word' id='word_1_423' title='bbox 1240 2987 1265 3026; x_wconf 80' lang='lat'><strong>⁶⁵</strong></span> <span class='ocrx_word' id='word_1_424' title='bbox 1286 2985 1494 3042; x_wconf 83' lang='lat' dir='ltr'><strong>Misericordiam</strong></span> <span class='ocrx_word' id='word_1_425' title='bbox 1511 2986 1597 3044; x_wconf 84' lang='lat' dir='ltr'><strong>lllteo.</strong></span> <span class='ocrx_word' id='word_1_426' title='bbox 1617 2985 1643 3025; x_wconf 85' lang='grc'><strong>66</strong></span> <span class='ocrx_word' id='word_1_427' title='bbox 1658 2985 1698 3042; x_wconf 90' lang='lat' dir='ltr'><strong>tta</strong></span> <span class='ocrx_word' id='word_1_428' title='bbox 1718 2987 1777 3058; x_wconf 73' lang='lat' dir='ltr'><strong>ilia.</strong></span> <span class='ocrx_word' id='word_1_429' title='bbox 1796 2986 1831 3042; x_wconf 89' lang='lat' dir='ltr'><strong>de</strong></span> 
     </span>
     <span class='ocr_line' id='line_1_50' title="bbox 180 3054 1830 3132; baseline -0.002 -16"><span class='ocrx_word' id='word_1_430' title='bbox 180 3068 256 3117; x_wconf 88' lang='lat' dir='ltr'><strong>reatu</strong></span> <span class='ocrx_word' id='word_1_431' title='bbox 270 3063 368 3114; x_wconf 89' lang='lat' dir='ltr'><strong>irascar</strong></span> <span class='ocrx_word' id='word_1_432' title='bbox 382 3067 409 3112; x_wconf 92' lang='lat' dir='ltr'><strong>et</strong></span> <span class='ocrx_word' id='word_1_433' title='bbox 423 3056 560 3112; x_wconf 90' lang='lat' dir='ltr'><strong>inimicum</strong></span> <span class='ocrx_word' id='word_1_434' title='bbox 570 3057 676 3112; x_wconf 88' lang='lat' dir='ltr'><strong>Pamel.</strong></span> <span class='ocrx_word' id='word_1_435' title='bbox 688 3054 712 3094; x_wconf 74' lang='lat'><strong>⁶⁷</strong></span> <span class='ocrx_word' id='word_1_436' title='bbox 724 3057 756 3112; x_wconf 85' lang='lat' dir='ltr'><strong>V.</strong></span> <span class='ocrx_word' id='word_1_437' title='bbox 772 3059 1021 3128; x_wconf 87' lang='lat' dir='ltr'><strong>pronuntiationum</strong></span> <span class='ocrx_word' id='word_1_438' title='bbox 1043 3061 1168 3118; x_wconf 76' lang='lat' dir='ltr'><strong>inseruit</strong></span> <span class='ocrx_word' id='word_1_439' title='bbox 1182 3060 1285 3132; x_wconf 84' lang='lat' dir='ltr'><strong>llt&#39;palt.</strong></span> <span class='ocrx_word' id='word_1_440' title='bbox 1296 3057 1391 3128; x_wconf 70' lang='lat' dir='ltr'><strong>polest</strong></span> <span class='ocrx_word' id='word_1_441' title='bbox 1400 3059 1480 3114; x_wconf 84' lang='lat' dir='ltr'><strong>Pam.</strong></span> <span class='ocrx_word' id='word_1_442' title='bbox 1495 3057 1581 3114; x_wconf 83' lang='lat' dir='ltr'><strong>libert.</strong></span> <span class='ocrx_word' id='word_1_443' title='bbox 1594 3056 1741 3130; x_wconf 79' lang='lat' dir='ltr'><strong>capitaneo</strong></span> <span class='ocrx_word' id='word_1_444' title='bbox 1762 3074 1830 3129; x_wconf 86' lang='lat' dir='ltr'><strong>sup·</strong></span> 
     </span>
     <span class='ocr_line' id='line_1_51' title="bbox 181 3127 798 3205; baseline -0.006 -18"><span class='ocrx_word' id='word_1_445' title='bbox 181 3132 256 3205; x_wconf 76' lang='lat' dir='ltr'><strong>pleri</strong></span> <span class='ocrx_word' id='word_1_446' title='bbox 266 3132 347 3202; x_wconf 84' lang='lat' dir='ltr'><strong>jobet</strong></span> <span class='ocrx_word' id='word_1_447' title='bbox 363 3128 584 3185; x_wconf 76' lang='lat' dir='ltr'><strong>:sententiarum</strong></span> <span class='ocrx_word' id='word_1_448' title='bbox 605 3127 630 3165; x_wconf 77' lang='lat'><strong>⁰⁸</strong></span> <span class='ocrx_word' id='word_1_449' title='bbox 648 3128 710 3183; x_wconf 85' lang='lat' dir='ltr'><strong>Suae</strong></span> <span class='ocrx_word' id='word_1_450' title='bbox 720 3128 798 3184; x_wconf 88' lang='lat' dir='ltr'><strong>Pom.</strong></span> 
     </span>
    </p>
   </div>
   <div class='ocr_carea' id='block_1_13' title="bbox 860 3199 1108 3269">
    <p class='ocr_par' dir='ltr' id='par_1_13' title="bbox 860 3199 1108 3269">
     <span class='ocr_line' id='line_1_52' title="bbox 860 3199 1108 3269; baseline 0.008 -7"><span class='ocrx_word' id='word_1_451' title='bbox 860 3199 1108 3269; x_wconf 88' lang='lat' dir='ltr'><strong>Commentarius.</strong></span> 
     </span>
    </p>
   </div>
   <div class='ocr_carea' id='block_1_14' title="bbox 183 3276 1831 3404">
    <p class='ocr_par' dir='ltr' id='par_1_14' title="bbox 183 3276 1831 3404">
     <span class='ocr_line' id='line_1_53' title="bbox 183 3276 1831 3404; baseline -0.001 -70"><span class='ocrx_word' id='word_1_452' title='bbox 183 3279 214 3336; x_wconf 87' lang='grc' dir='ltr'><strong>Ὅ</strong></span> <span class='ocrx_word' id='word_1_453' title='bbox 244 3278 356 3346; x_wconf 66' lang='grc' dir='ltr'><strong>θεοειδὴς</strong></span> <span class='ocrx_word' id='word_1_454' title='bbox 386 3279 521 3351; x_wconf 77' lang='grc' dir='ltr'><strong>ἄνθρωπος,</strong></span> <span class='ocrx_word' id='word_1_455' title='bbox 545 3277 667 3348; x_wconf 77' lang='grc' dir='ltr'><strong>νόμισμον</strong></span> <span class='ocrx_word' id='word_1_456' title='bbox 690 3277 740 3332; x_wconf 81' lang='lat' dir='ltr'><strong>bob</strong></span> <span class='ocrx_word' id='word_1_457' title='bbox 764 3282 809 3334; x_wconf 76' lang='grc' dir='ltr'><strong>τοῦ</strong></span> <span class='ocrx_word' id='word_1_458' title='bbox 823 3279 885 3334; x_wconf 77' lang='grc' dir='ltr'>Θεοῦ</span> <span class='ocrx_word' id='word_1_459' title='bbox 899 3299 1014 3383; x_wconf 64' lang='lat' dir='ltr'><strong>gepa-c</strong></span> <span class='ocrx_word' id='word_1_460' title='bbox 1036 3282 1103 3338; x_wconf 76' lang='lat' dir='ltr'><strong>Vitae</strong></span> <span class='ocrx_word' id='word_1_461' title='bbox 1126 3277 1326 3404; x_wconf 59' lang='lat' dir='ltr'><strong>Cltrqsostomi,</strong></span> <span class='ocrx_word' id='word_1_462' title='bbox 1353 3279 1424 3350; x_wconf 87' lang='lat' dir='ltr'><strong>apud</strong></span> <span class='ocrx_word' id='word_1_463' title='bbox 1443 3277 1554 3334; x_wconf 88' lang='lat' dir='ltr'><strong>Suidam</strong></span> <span class='ocrx_word' id='word_1_464' title='bbox 1577 3299 1584 3337; x_wconf 75' lang='grc' dir='ltr'><strong><em>ε</em></strong></span> <span class='ocrx_word' id='word_1_465' title='bbox 1605 3276 1757 3344; x_wconf 78' lang='grc' dir='ltr'><strong>Ἓλιιόμειος</strong></span> <span class='ocrx_word' id='word_1_466' title='bbox 1782 3277 1831 3332; x_wconf 74' lang='lat' dir='ltr'><strong>oct</strong></span> 
     </span>
    </p>
   </div>
   <div class='ocr_carea' id='block_1_15' title="bbox 180 3349 1893 5555">
    <p class='ocr_par' dir='ltr' id='par_1_15' title="bbox 180 3349 1893 5555">
     <span class='ocr_line' id='line_1_54' title="bbox 180 3349 1830 3423; baseline 0 -19"><span class='ocrx_word' id='word_1_467' title='bbox 180 3353 246 3423; x_wconf 76' lang='grc' dir='ltr'><strong>χιιι.</strong></span> <span class='ocrx_word' id='word_1_468' title='bbox 278 3352 342 3406; x_wconf 83' lang='grc' dir='ltr'><strong>Ιιιι.</strong></span> <span class='ocrx_word' id='word_1_469' title='bbox 1030 3357 1082 3405; x_wconf 77' lang='grc' dir='ltr'><strong>τῶν</strong></span> <span class='ocrx_word' id='word_1_470' title='bbox 1104 3352 1179 3423; x_wconf 82' lang='grc' dir='ltr'><strong>Κουρι</strong></span> <span class='ocrx_word' id='word_1_471' title='bbox 1195 3372 1245 3405; x_wconf 80' lang='lat' dir='ltr'><strong>cuv</strong></span> <span class='ocrx_word' id='word_1_472' title='bbox 1262 3357 1304 3420; x_wconf 77' lang='grc' dir='ltr'><strong>τῆς</strong></span> <span class='ocrx_word' id='word_1_473' title='bbox 1330 3351 1441 3417; x_wconf 47' lang='lat' dir='ltr'><strong>citroq</strong></span> <span class='ocrx_word' id='word_1_474' title='bbox 1460 3360 1486 3404; x_wconf 88' lang='lat' dir='ltr'><strong>et</strong></span> <span class='ocrx_word' id='word_1_475' title='bbox 1514 3350 1584 3419; x_wconf 90' lang='lat' dir='ltr'><strong>apud</strong></span> <span class='ocrx_word' id='word_1_476' title='bbox 1608 3349 1707 3406; x_wconf 84' lang='lat' dir='ltr'><strong>Euseb.</strong></span> <span class='ocrx_word' id='word_1_477' title='bbox 1724 3349 1830 3405; x_wconf 82' lang='lat' dir='ltr'><strong>Mittor.</strong></span> 
     </span>
     <span class='ocr_line' id='line_1_55' title="bbox 218 3415 1831 3500; baseline -0.003 -23"><span class='ocrx_word' id='word_1_478' title='bbox 218 3422 275 3494; x_wconf 84' lang='grc'>(30)</span> <span class='ocrx_word' id='word_1_479' title='bbox 295 3421 517 3477; x_wconf 88' lang='lat' dir='ltr'><strong>Proedamsuam</strong></span> <span class='ocrx_word' id='word_1_480' title='bbox 526 3418 664 3498; x_wconf 70' lang='lat' dir='ltr'><strong>aspiciens</strong></span> <span class='ocrx_word' id='word_1_481' title='bbox 678 3418 747 3476; x_wconf 82' lang='lat' dir='ltr'><strong>dicit</strong></span> <span class='ocrx_word' id='word_1_482' title='bbox 761 3422 819 3476; x_wconf 81' lang='lat' dir='ltr'><strong>:lle</strong></span> <span class='ocrx_word' id='word_1_483' title='bbox 833 3424 975 3478; x_wconf 81' lang='lat' dir='ltr'><strong>recteest.</strong></span> <span class='ocrx_word' id='word_1_484' title='bbox 1031 3422 1188 3489; x_wconf 82' lang='lat' dir='ltr'><strong>ecclesiast,</strong></span> <span class='ocrx_word' id='word_1_485' title='bbox 1220 3423 1266 3478; x_wconf 92' lang='lat' dir='ltr'><strong>lib.</strong></span> <span class='ocrx_word' id='word_1_486' title='bbox 1294 3437 1334 3487; x_wconf 89' lang='lat' dir='ltr'><strong>rx,</strong></span> <span class='ocrx_word' id='word_1_487' title='bbox 1364 3439 1388 3479; x_wconf 94' lang='lat' dir='ltr'><strong>c.</strong></span> <span class='ocrx_word' id='word_1_488' title='bbox 1414 3420 1655 3491; x_wconf 76' lang='grc' dir='ltr'><strong>3ιΒενεφικιαριωι</strong></span> <span class='ocrx_word' id='word_1_489' title='bbox 1683 3415 1763 3500; x_wconf 68' lang='lat' dir='ltr'><strong>dipsa</strong></span> <span class='ocrx_word' id='word_1_490' title='bbox 1789 3419 1831 3472; x_wconf 75' lang='lat' dir='ltr'><strong>sal</strong></span> 
     </span>
     <span class='ocr_line' id='line_1_56' title="bbox 182 3490 1832 3564; baseline -0.005 -12"><span class='ocrx_word' id='word_1_491' title='bbox 182 3495 333 3552; x_wconf 89' lang='lat' dir='ltr'><strong>Concussor</strong></span> <span class='ocrx_word' id='word_1_492' title='bbox 369 3490 472 3545; x_wconf 91' lang='lat' dir='ltr'><strong>seilicet</strong></span> <span class='ocrx_word' id='word_1_493' title='bbox 497 3491 630 3559; x_wconf 88' lang='lat' dir='ltr'><strong>aspictens</strong></span> <span class='ocrx_word' id='word_1_494' title='bbox 659 3504 793 3558; x_wconf 88' lang='lat' dir='ltr'><strong>nummos,</strong></span> <span class='ocrx_word' id='word_1_495' title='bbox 817 3492 916 3562; x_wconf 89' lang='lat' dir='ltr'><strong>quibus</strong></span> <span class='ocrx_word' id='word_1_496' title='bbox 934 3508 979 3548; x_wconf 93' lang='lat' dir='ltr'><strong>ac·</strong></span> <span class='ocrx_word' id='word_1_497' title='bbox 1031 3493 1150 3564; x_wconf 54' lang='lat' dir='ltr'><strong>musach</strong></span> <span class='ocrx_word' id='word_1_498' title='bbox 1179 3494 1332 3562; x_wconf 82' lang='lat' dir='ltr'><strong>hujusmodi</strong></span> <span class='ocrx_word' id='word_1_499' title='bbox 1357 3501 1449 3549; x_wconf 90' lang='lat' dir='ltr'><strong>antem</strong></span> <span class='ocrx_word' id='word_1_500' title='bbox 1472 3491 1563 3548; x_wconf 84' lang='lat' dir='ltr'><strong>oldaia</strong></span> <span class='ocrx_word' id='word_1_501' title='bbox 1582 3491 1690 3545; x_wconf 88' lang='lat' dir='ltr'><strong>tandem</strong></span> <span class='ocrx_word' id='word_1_502' title='bbox 1717 3506 1745 3544; x_wconf 91' lang='lat' dir='ltr'><strong>tn</strong></span> <span class='ocrx_word' id='word_1_503' title='bbox 1761 3504 1832 3559; x_wconf 86' lang='lat' dir='ltr'><strong>prae-</strong></span> 
     </span>
     <span class='ocr_line' id='line_1_57' title="bbox 181 3561 1832 3636; baseline -0.004 -14"><span class='ocrx_word' id='word_1_504' title='bbox 181 3567 269 3636; x_wconf 84' lang='lat' dir='ltr'><strong>ceptis</strong></span> <span class='ocrx_word' id='word_1_505' title='bbox 300 3561 481 3619; x_wconf 89' lang='lat' dir='ltr'><strong>Christianum</strong></span> <span class='ocrx_word' id='word_1_506' title='bbox 510 3562 566 3628; x_wconf 88' lang='lat' dir='ltr'><strong>jam</strong></span> <span class='ocrx_word' id='word_1_507' title='bbox 584 3562 807 3631; x_wconf 84' lang='lat' dir='ltr'><strong>comprehensum</strong></span> <span class='ocrx_word' id='word_1_508' title='bbox 840 3563 944 3619; x_wconf 88' lang='lat' dir='ltr'><strong>dimisit</strong></span> <span class='ocrx_word' id='word_1_509' title='bbox 969 3580 977 3619; x_wconf 78' lang='grc' dir='ltr'><strong>ι</strong></span> <span class='ocrx_word' id='word_1_510' title='bbox 1032 3563 1212 3620; x_wconf 90' lang='lat' dir='ltr'><strong>varicationcs</strong></span> <span class='ocrx_word' id='word_1_511' title='bbox 1240 3571 1268 3620; x_wconf 90' lang='lat' dir='ltr'><strong>et</strong></span> <span class='ocrx_word' id='word_1_512' title='bbox 1282 3563 1390 3634; x_wconf 88' lang='lat' dir='ltr'><strong>rapinas</strong></span> <span class='ocrx_word' id='word_1_513' title='bbox 1417 3571 1445 3618; x_wconf 90' lang='lat' dir='ltr'><strong>et</strong></span> <span class='ocrx_word' id='word_1_514' title='bbox 1471 3561 1663 3618; x_wconf 85' lang='lat' dir='ltr'><strong>concussiones</strong></span> <span class='ocrx_word' id='word_1_515' title='bbox 1677 3563 1832 3634; x_wconf 86' lang='lat' dir='ltr'><strong>degenera-</strong></span> 
     </span>
     <span class='ocr_line' id='line_1_58' title="bbox 182 3629 1831 3713; baseline -0.004 -21"><span class='ocrx_word' id='word_1_516' title='bbox 182 3635 240 3692; x_wconf 85' lang='lat' dir='ltr'><strong>lloe</strong></span> <span class='ocrx_word' id='word_1_517' title='bbox 253 3635 286 3690; x_wconf 93' lang='lat' dir='ltr'><strong>de</strong></span> <span class='ocrx_word' id='word_1_518' title='bbox 301 3638 435 3697; x_wconf 88' lang='lat' dir='ltr'><strong>reatuest,</strong></span> <span class='ocrx_word' id='word_1_519' title='bbox 455 3631 551 3700; x_wconf 90' lang='lat' dir='ltr'><strong>inquit.</strong></span> <span class='ocrx_word' id='word_1_520' title='bbox 573 3629 635 3685; x_wconf 86' lang='lat' dir='ltr'><strong>llaec</strong></span> <span class='ocrx_word' id='word_1_521' title='bbox 648 3646 759 3698; x_wconf 91' lang='lat' dir='ltr'><strong>merces,</strong></span> <span class='ocrx_word' id='word_1_522' title='bbox 772 3633 867 3705; x_wconf 90' lang='lat' dir='ltr'><strong>iuquit,</strong></span> <span class='ocrx_word' id='word_1_523' title='bbox 882 3633 977 3689; x_wconf 88' lang='lat' dir='ltr'><strong>dimis·</strong></span> <span class='ocrx_word' id='word_1_524' title='bbox 1032 3650 1106 3702; x_wconf 91' lang='lat' dir='ltr'><strong>vere,</strong></span> <span class='ocrx_word' id='word_1_525' title='bbox 1135 3635 1340 3692; x_wconf 86' lang='lat' dir='ltr'><strong>conniventibus</strong></span> <span class='ocrx_word' id='word_1_526' title='bbox 1353 3635 1517 3713; x_wconf 87' lang='lat' dir='ltr'><strong>plerumque</strong></span> <span class='ocrx_word' id='word_1_527' title='bbox 1532 3633 1673 3690; x_wconf 90' lang='lat' dir='ltr'><strong>homiuum</strong></span> <span class='ocrx_word' id='word_1_528' title='bbox 1694 3630 1831 3704; x_wconf 87' lang='lat' dir='ltr'><strong>pessimo-</strong></span> 
     </span>
     <span class='ocr_line' id='line_1_59' title="bbox 181 3701 1831 3775; baseline -0.003 -13"><span class='ocrx_word' id='word_1_529' title='bbox 181 3707 236 3763; x_wconf 89' lang='lat' dir='ltr'><strong>sia</strong></span> <span class='ocrx_word' id='word_1_530' title='bbox 253 3719 297 3758; x_wconf 89' lang='lat' dir='ltr'><strong>me</strong></span> <span class='ocrx_word' id='word_1_531' title='bbox 317 3702 452 3758; x_wconf 85' lang='lat' dir='ltr'><strong>scelerati.</strong></span> <span class='ocrx_word' id='word_1_532' title='bbox 472 3701 529 3757; x_wconf 86' lang='lat' dir='ltr'><strong>lloc</strong></span> <span class='ocrx_word' id='word_1_533' title='bbox 544 3701 660 3773; x_wconf 90' lang='lat' dir='ltr'><strong>pretium</strong></span> <span class='ocrx_word' id='word_1_534' title='bbox 670 3716 737 3758; x_wconf 82' lang='lat' dir='ltr'><strong>meae</strong></span> <span class='ocrx_word' id='word_1_535' title='bbox 752 3704 979 3774; x_wconf 76' lang='lat' dir='ltr'><strong>prevaricationis</strong></span> <span class='ocrx_word' id='word_1_536' title='bbox 1033 3721 1093 3761; x_wconf 88' lang='lat' dir='ltr'><strong>rum</strong></span> <span class='ocrx_word' id='word_1_537' title='bbox 1122 3706 1284 3775; x_wconf 88' lang='lat' dir='ltr'><strong>improbitati</strong></span> <span class='ocrx_word' id='word_1_538' title='bbox 1312 3702 1491 3760; x_wconf 83' lang='lat' dir='ltr'><strong>beneficiariis</strong></span> <span class='ocrx_word' id='word_1_539' title='bbox 1510 3714 1538 3759; x_wconf 92' lang='lat' dir='ltr'><strong>et</strong></span> <span class='ocrx_word' id='word_1_540' title='bbox 1565 3703 1692 3760; x_wconf 88' lang='lat' dir='ltr'><strong>curiosis.</strong></span> <span class='ocrx_word' id='word_1_541' title='bbox 1717 3704 1786 3759; x_wconf 88' lang='lat' dir='ltr'><strong>Nam</strong></span> <span class='ocrx_word' id='word_1_542' title='bbox 1801 3710 1831 3757; x_wconf 89' lang='lat' dir='ltr'><strong>et</strong></span> 
     </span>
     <span class='ocr_line' id='line_1_60' title="bbox 181 3771 1829 3848; baseline -0.004 -14"><span class='ocrx_word' id='word_1_543' title='bbox 181 3774 365 3848; x_wconf 76' lang='lat' dir='ltr'><strong>perfidiaque.</strong></span> <span class='ocrx_word' id='word_1_544' title='bbox 1032 3774 1084 3845; x_wconf 90' lang='lat' dir='ltr'><strong>ipsi</strong></span> <span class='ocrx_word' id='word_1_545' title='bbox 1116 3776 1295 3845; x_wconf 90' lang='lat' dir='ltr'><strong>pensionibus</strong></span> <span class='ocrx_word' id='word_1_546' title='bbox 1322 3776 1420 3832; x_wconf 89' lang='lat' dir='ltr'><strong>annuis</strong></span> <span class='ocrx_word' id='word_1_547' title='bbox 1448 3782 1494 3829; x_wconf 88' lang='lat' dir='ltr'><strong>aut</strong></span> <span class='ocrx_word' id='word_1_548' title='bbox 1520 3775 1667 3830; x_wconf 89' lang='lat' dir='ltr'><strong>menstruis</strong></span> <span class='ocrx_word' id='word_1_549' title='bbox 1695 3771 1829 3844; x_wconf 86' lang='lat' dir='ltr'><strong>corrupti,</strong></span> 
     </span>
     <span class='ocr_line' id='line_1_61' title="bbox 218 3842 1832 3923; baseline -0.002 -23"><span class='ocrx_word' id='word_1_550' title='bbox 218 3846 275 3917; x_wconf 84' lang='lat' dir='ltr'><strong>(at)</strong></span> <span class='ocrx_word' id='word_1_551' title='bbox 289 3846 409 3901; x_wconf 82' lang='lat' dir='ltr'><strong>Poscant</strong></span> <span class='ocrx_word' id='word_1_552' title='bbox 424 3846 452 3898; x_wconf 83' lang='lat' dir='ltr'><strong>et</strong></span> <span class='ocrx_word' id='word_1_553' title='bbox 472 3842 633 3923; x_wconf 80' lang='lat' dir='ltr'><strong>inimicam.</strong></span> <span class='ocrx_word' id='word_1_554' title='bbox 651 3844 740 3899; x_wconf 81' lang='lat' dir='ltr'><strong>Verba</strong></span> <span class='ocrx_word' id='word_1_555' title='bbox 756 3852 820 3901; x_wconf 88' lang='lat' dir='ltr'><strong>sunt</strong></span> <span class='ocrx_word' id='word_1_556' title='bbox 835 3845 980 3901; x_wconf 88' lang='lat' dir='ltr'><strong>Christiani</strong></span> <span class='ocrx_word' id='word_1_557' title='bbox 1033 3846 1256 3914; x_wconf 86' lang='lat' dir='ltr'><strong>tabernariorum,</strong></span> <span class='ocrx_word' id='word_1_558' title='bbox 1272 3861 1437 3922; x_wconf 77' lang='lat' dir='ltr'><strong>ganconum,</strong></span> <span class='ocrx_word' id='word_1_559' title='bbox 1462 3845 1561 3910; x_wconf 88' lang='lat' dir='ltr'><strong>lurum,</strong></span> <span class='ocrx_word' id='word_1_560' title='bbox 1584 3846 1711 3900; x_wconf 90' lang='lat' dir='ltr'><strong>lenonum</strong></span> <span class='ocrx_word' id='word_1_561' title='bbox 1727 3845 1832 3900; x_wconf 85' lang='lat' dir='ltr'><strong>seelera</strong></span> 
     </span>
     <span class='ocr_line' id='line_1_62' title="bbox 185 3913 1831 3986; baseline -0.005 -11"><span class='ocrx_word' id='word_1_562' title='bbox 185 3916 321 3976; x_wconf 84' lang='lat' dir='ltr'><strong>tractaturi</strong></span> <span class='ocrx_word' id='word_1_563' title='bbox 339 3914 616 3984; x_wconf 88' lang='lat' dir='ltr'><strong>superredcutptrone</strong></span> <span class='ocrx_word' id='word_1_564' title='bbox 636 3918 843 3983; x_wconf 90' lang='lat' dir='ltr'><strong>persecutionis,</strong></span> <span class='ocrx_word' id='word_1_565' title='bbox 862 3923 889 3971; x_wconf 91' lang='lat' dir='ltr'><strong>et</strong></span> <span class='ocrx_word' id='word_1_566' title='bbox 903 3917 979 3972; x_wconf 90' lang='lat' dir='ltr'><strong>obla·</strong></span> <span class='ocrx_word' id='word_1_567' title='bbox 1033 3916 1256 3986; x_wconf 88' lang='lat' dir='ltr'><strong>dissimulabant;</strong></span> <span class='ocrx_word' id='word_1_568' title='bbox 1290 3921 1327 3972; x_wconf 90' lang='lat' dir='ltr'><strong>ita</strong></span> <span class='ocrx_word' id='word_1_569' title='bbox 1353 3923 1383 3972; x_wconf 91' lang='grc' dir='ltr'><strong>ιιι</strong></span> <span class='ocrx_word' id='word_1_570' title='bbox 1409 3915 1485 3972; x_wconf 92' lang='lat' dir='ltr'><strong>domi</strong></span> <span class='ocrx_word' id='word_1_571' title='bbox 1512 3923 1649 3972; x_wconf 88' lang='lat' dir='ltr'><strong>servarent</strong></span> <span class='ocrx_word' id='word_1_572' title='bbox 1675 3913 1831 3970; x_wconf 80' lang='lat' dir='ltr'><strong>matriculas</strong></span> 
     </span>
     <span class='ocr_line' id='line_1_63' title="bbox 186 3982 1831 4059; baseline -0.004 -15"><span class='ocrx_word' id='word_1_573' title='bbox 186 3987 240 4044; x_wconf 90' lang='lat' dir='ltr'><strong>turi</strong></span> <span class='ocrx_word' id='word_1_574' title='bbox 254 4002 380 4040; x_wconf 91' lang='lat' dir='ltr'><strong>nummos</strong></span> <span class='ocrx_word' id='word_1_575' title='bbox 394 3984 480 4050; x_wconf 90' lang='lat' dir='ltr'><strong>militi,</strong></span> <span class='ocrx_word' id='word_1_576' title='bbox 494 3985 536 4039; x_wconf 88' lang='lat' dir='ltr'><strong>vel</strong></span> <span class='ocrx_word' id='word_1_577' title='bbox 551 3983 675 4054; x_wconf 90' lang='lat' dir='ltr'><strong>delatori,</strong></span> <span class='ocrx_word' id='word_1_578' title='bbox 696 3987 738 4045; x_wconf 90' lang='lat' dir='ltr'><strong>vel</strong></span> <span class='ocrx_word' id='word_1_579' title='bbox 758 3987 867 4044; x_wconf 90' lang='lat' dir='ltr'><strong>inimico</strong></span> <span class='ocrx_word' id='word_1_580' title='bbox 882 4002 981 4043; x_wconf 89' lang='lat' dir='ltr'><strong>concu-</strong></span> <span class='ocrx_word' id='word_1_581' title='bbox 1034 3988 1152 4059; x_wconf 91' lang='lat' dir='ltr'><strong>turpium</strong></span> <span class='ocrx_word' id='word_1_582' title='bbox 1171 3988 1327 4058; x_wconf 86' lang='lat' dir='ltr'><strong>hujusmodi</strong></span> <span class='ocrx_word' id='word_1_583' title='bbox 1350 3988 1516 4059; x_wconf 87' lang='lat' dir='ltr'><strong>pactionum.</strong></span> <span class='ocrx_word' id='word_1_584' title='bbox 1551 3985 1617 4042; x_wconf 90' lang='lat' dir='ltr'><strong>Cum</strong></span> <span class='ocrx_word' id='word_1_585' title='bbox 1645 3985 1728 4058; x_wconf 89' lang='lat' dir='ltr'><strong>igitur</strong></span> <span class='ocrx_word' id='word_1_586' title='bbox 1751 3991 1779 4039; x_wconf 87' lang='lat' dir='ltr'><strong>et</strong></span> <span class='ocrx_word' id='word_1_587' title='bbox 1802 3982 1831 4038; x_wconf 93' lang='lat' dir='ltr'><strong>iu</strong></span> 
     </span>
     <span class='ocr_line' id='line_1_64' title="bbox 184 4055 1830 4130; baseline -0.004 -15"><span class='ocrx_word' id='word_1_588' title='bbox 184 4057 272 4115; x_wconf 88' lang='lat' dir='ltr'><strong>tienti.</strong></span> <span class='ocrx_word' id='word_1_589' title='bbox 297 4058 360 4111; x_wconf 77' lang='lat' dir='ltr'><strong>Maec</strong></span> <span class='ocrx_word' id='word_1_590' title='bbox 378 4064 467 4111; x_wconf 89' lang='lat' dir='ltr'><strong>autem</strong></span> <span class='ocrx_word' id='word_1_591' title='bbox 495 4065 572 4109; x_wconf 90' lang='lat' dir='ltr'><strong>antea</strong></span> <span class='ocrx_word' id='word_1_592' title='bbox 591 4064 666 4110; x_wconf 91' lang='lat' dir='ltr'><strong>erant</strong></span> <span class='ocrx_word' id='word_1_593' title='bbox 685 4059 899 4128; x_wconf 90' lang='lat' dir='ltr'><strong>corruptissima.</strong></span> <span class='ocrx_word' id='word_1_594' title='bbox 924 4058 979 4114; x_wconf 81' lang='lat' dir='ltr'><strong>lie-</strong></span> <span class='ocrx_word' id='word_1_595' title='bbox 1033 4057 1199 4115; x_wconf 90' lang='lat' dir='ltr'><strong>Christianos</strong></span> <span class='ocrx_word' id='word_1_596' title='bbox 1222 4060 1346 4115; x_wconf 89' lang='lat' dir='ltr'><strong>mandata</strong></span> <span class='ocrx_word' id='word_1_597' title='bbox 1371 4057 1523 4129; x_wconf 88' lang='lat' dir='ltr'><strong>principum</strong></span> <span class='ocrx_word' id='word_1_598' title='bbox 1545 4059 1601 4114; x_wconf 92' lang='lat' dir='ltr'><strong>sive</strong></span> <span class='ocrx_word' id='word_1_599' title='bbox 1619 4071 1722 4130; x_wconf 90' lang='lat' dir='ltr'><strong>procon</strong></span> <span class='ocrx_word' id='word_1_600' title='bbox 1741 4055 1830 4110; x_wconf 92' lang='lat' dir='ltr'><strong>sulum</strong></span> 
     </span>
     <span class='ocr_line' id='line_1_65' title="bbox 185 4124 1893 4202; baseline 0 -17"><span class='ocrx_word' id='word_1_601' title='bbox 185 4131 324 4186; x_wconf 88' lang='lat' dir='ltr'><strong>stituimus</strong></span> <span class='ocrx_word' id='word_1_602' title='bbox 337 4143 368 4182; x_wconf 87' lang='lat' dir='ltr'><strong>ex</strong></span> <span class='ocrx_word' id='word_1_603' title='bbox 389 4126 434 4181; x_wconf 92' lang='lat' dir='ltr'><strong>lib.</strong></span> <span class='ocrx_word' id='word_1_604' title='bbox 455 4126 557 4182; x_wconf 92' lang='lat' dir='ltr'><strong>Ursini.</strong></span> <span class='ocrx_word' id='word_1_605' title='bbox 576 4124 639 4181; x_wconf 80' lang='lat' dir='ltr'><strong>lite.</strong></span> <span class='ocrx_word' id='word_1_606' title='bbox 1033 4141 1080 4185; x_wconf 90' lang='lat' dir='ltr'><strong>aut</strong></span> <span class='ocrx_word' id='word_1_607' title='bbox 1093 4130 1242 4202; x_wconf 82' lang='lat' dir='ltr'><strong>praesidnm</strong></span> <span class='ocrx_word' id='word_1_608' title='bbox 1259 4139 1384 4201; x_wconf 90' lang='lat' dir='ltr'><strong>tauquam</strong></span> <span class='ocrx_word' id='word_1_609' title='bbox 1409 4131 1436 4184; x_wconf 92' lang='lat' dir='ltr'><strong>in</strong></span> <span class='ocrx_word' id='word_1_610' title='bbox 1464 4128 1633 4185; x_wconf 82' lang='lat' dir='ltr'><strong>facinorosos</strong></span> <span class='ocrx_word' id='word_1_611' title='bbox 1659 4129 1762 4182; x_wconf 88' lang='lat' dir='ltr'><strong>atrocia</strong></span> <span class='ocrx_word' id='word_1_612' title='bbox 1780 4140 1829 4181; x_wconf 88' lang='lat' dir='ltr'><strong>cx·</strong></span> <span class='ocrx_word' id='word_1_613' title='bbox 1886 4178 1893 4185; x_wconf 90' lang='lat'><strong>.</strong></span> 
     </span>
     <span class='ocr_line' id='line_1_66' title="bbox 220 4197 1831 4272; baseline -0.002 -18"><span class='ocrx_word' id='word_1_614' title='bbox 220 4201 278 4270; x_wconf 78' lang='lat'>(32)</span> <span class='ocrx_word' id='word_1_615' title='bbox 290 4198 446 4255; x_wconf 83' lang='lat' dir='ltr'><strong>Massaliter</strong></span> <span class='ocrx_word' id='word_1_616' title='bbox 457 4199 524 4253; x_wconf 82' lang='lat' dir='ltr'><strong>totoe</strong></span> <span class='ocrx_word' id='word_1_617' title='bbox 534 4197 981 4272; x_wconf 81' lang='lat' dir='ltr'><strong>ecelesioetrt&#39;butumsibiirropa·</strong></span> <span class='ocrx_word' id='word_1_618' title='bbox 1034 4210 1218 4272; x_wconf 85' lang='lat' dir='ltr'><strong>sequerentur,</strong></span> <span class='ocrx_word' id='word_1_619' title='bbox 1238 4202 1344 4258; x_wconf 72' lang='lat' dir='ltr'><strong>undem</strong></span> <span class='ocrx_word' id='word_1_620' title='bbox 1373 4208 1400 4256; x_wconf 92' lang='lat' dir='ltr'><strong>et</strong></span> <span class='ocrx_word' id='word_1_621' title='bbox 1414 4198 1473 4255; x_wconf 90' lang='lat' dir='ltr'><strong>istis</strong></span> <span class='ocrx_word' id='word_1_622' title='bbox 1487 4198 1632 4255; x_wconf 88' lang='lat' dir='ltr'><strong>Christiani</strong></span> <span class='ocrx_word' id='word_1_623' title='bbox 1656 4212 1765 4269; x_wconf 90' lang='lat' dir='ltr'><strong>quoque</strong></span> <span class='ocrx_word' id='word_1_624' title='bbox 1779 4211 1831 4265; x_wconf 86' lang='lat' dir='ltr'><strong>pe-</strong></span> 
     </span>
     <span class='ocr_line' id='line_1_67' title="bbox 184 4265 1831 4346; baseline -0.004 -17"><span class='ocrx_word' id='word_1_625' title='bbox 184 4274 297 4330; x_wconf 79' lang='lat' dir='ltr'><strong>uerunt.</strong></span> <span class='ocrx_word' id='word_1_626' title='bbox 323 4270 397 4324; x_wconf 90' lang='lat' dir='ltr'><strong>Serie</strong></span> <span class='ocrx_word' id='word_1_627' title='bbox 412 4269 531 4337; x_wconf 90' lang='lat' dir='ltr'><strong>capitum</strong></span> <span class='ocrx_word' id='word_1_628' title='bbox 546 4268 638 4336; x_wconf 87' lang='lat' dir='ltr'><strong>juncta</strong></span> <span class='ocrx_word' id='word_1_629' title='bbox 656 4284 771 4326; x_wconf 88' lang='lat' dir='ltr'><strong>massam</strong></span> <span class='ocrx_word' id='word_1_630' title='bbox 786 4271 875 4327; x_wconf 85' lang='lat' dir='ltr'><strong>iecere</strong></span> <span class='ocrx_word' id='word_1_631' title='bbox 892 4272 979 4328; x_wconf 86' lang='lat' dir='ltr'><strong>vecti·</strong></span> <span class='ocrx_word' id='word_1_632' title='bbox 1034 4272 1127 4327; x_wconf 87' lang='lat' dir='ltr'><strong>eunias</strong></span> <span class='ocrx_word' id='word_1_633' title='bbox 1141 4274 1225 4343; x_wconf 89' lang='lat' dir='ltr'><strong>pactis</strong></span> <span class='ocrx_word' id='word_1_634' title='bbox 1238 4271 1416 4346; x_wconf 88' lang='lat' dir='ltr'><strong>pensionibus</strong></span> <span class='ocrx_word' id='word_1_635' title='bbox 1438 4285 1579 4326; x_wconf 88' lang='lat' dir='ltr'><strong>numerare</strong></span> <span class='ocrx_word' id='word_1_636' title='bbox 1596 4276 1749 4340; x_wconf 85' lang='lat' dir='ltr'><strong>coepernnt.</strong></span> <span class='ocrx_word' id='word_1_637' title='bbox 1773 4265 1831 4322; x_wconf 87' lang='lat' dir='ltr'><strong>Mac</strong></span> 
     </span>
     <span class='ocr_line' id='line_1_68' title="bbox 185 4337 1828 4444; baseline -0.002 -49"><span class='ocrx_word' id='word_1_638' title='bbox 185 4342 286 4414; x_wconf 65' lang='grc' dir='ltr'><strong>ςιιιιιιιι</strong></span> <span class='ocrx_word' id='word_1_639' title='bbox 313 4339 535 4394; x_wconf 89' lang='lat' dir='ltr'><strong>Christianorum.</strong></span> <span class='ocrx_word' id='word_1_640' title='bbox 550 4338 594 4395; x_wconf 85' lang='lat' dir='ltr'><strong>Sic</strong></span> <span class='ocrx_word' id='word_1_641' title='bbox 613 4338 738 4410; x_wconf 89' lang='lat' dir='ltr'><strong>Optatus,</strong></span> <span class='ocrx_word' id='word_1_642' title='bbox 767 4342 814 4396; x_wconf 94' lang='lat' dir='ltr'><strong>lib.</strong></span> <span class='ocrx_word' id='word_1_643' title='bbox 831 4355 863 4407; x_wconf 90' lang='grc' dir='ltr'><strong>ιι,</strong></span> <span class='ocrx_word' id='word_1_644' title='bbox 883 4343 932 4397; x_wconf 89' lang='lat' dir='ltr'><strong>snb</strong></span> <span class='ocrx_word' id='word_1_645' title='bbox 947 4340 979 4396; x_wconf 91' lang='lat' dir='ltr'><strong>ll·</strong></span> <span class='ocrx_word' id='word_1_646' title='bbox 997 4343 1183 4444; x_wconf 60' lang='lat' dir='ltr'><strong>”Septimius</strong></span> <span class='ocrx_word' id='word_1_647' title='bbox 1208 4343 1311 4401; x_wconf 88' lang='lat' dir='ltr'><strong>nomini</strong></span> <span class='ocrx_word' id='word_1_648' title='bbox 1339 4341 1493 4399; x_wconf 89' lang='lat' dir='ltr'><strong>Christiano</strong></span> <span class='ocrx_word' id='word_1_649' title='bbox 1520 4349 1599 4410; x_wconf 88' lang='lat' dir='ltr'><strong>turpe</strong></span> <span class='ocrx_word' id='word_1_650' title='bbox 1627 4355 1658 4395; x_wconf 87' lang='lat' dir='ltr'><strong>ac</strong></span> <span class='ocrx_word' id='word_1_651' title='bbox 1673 4337 1828 4411; x_wconf 88' lang='lat' dir='ltr'><strong>pudendum</strong></span> 
     </span>
     <span class='ocr_line' id='line_1_69' title="bbox 185 4410 1831 4486; baseline -0.004 -18"><span class='ocrx_word' id='word_1_652' title='bbox 185 4429 272 4468; x_wconf 87' lang='lat' dir='ltr'><strong>nem:</strong></span> <span class='ocrx_word' id='word_1_653' title='bbox 295 4430 309 4462; x_wconf 82' lang='grc' dir='ltr'><strong>ι</strong></span> <span class='ocrx_word' id='word_1_654' title='bbox 329 4411 361 4465; x_wconf 84' lang='lat' dir='ltr'><strong>Et</strong></span> <span class='ocrx_word' id='word_1_655' title='bbox 379 4419 469 4465; x_wconf 74' lang='lat' dir='ltr'><strong>brnen</strong></span> <span class='ocrx_word' id='word_1_656' title='bbox 488 4410 536 4463; x_wconf 89' lang='lat' dir='ltr'><strong>bas</strong></span> <span class='ocrx_word' id='word_1_657' title='bbox 559 4411 650 4480; x_wconf 89' lang='lat' dir='ltr'><strong>plebes</strong></span> <span class='ocrx_word' id='word_1_658' title='bbox 677 4411 803 4484; x_wconf 81' lang='lat' dir='ltr'><strong>coegistis</strong></span> <span class='ocrx_word' id='word_1_659' title='bbox 828 4413 934 4468; x_wconf 84' lang='lat' dir='ltr'><strong>flectere</strong></span> <span class='ocrx_word' id='word_1_660' title='bbox 954 4420 982 4467; x_wconf 86' lang='lat' dir='ltr'><strong>at</strong></span> <span class='ocrx_word' id='word_1_661' title='bbox 1036 4429 1097 4471; x_wconf 87' lang='lat' dir='ltr'><strong>csse</strong></span> <span class='ocrx_word' id='word_1_662' title='bbox 1120 4416 1168 4486; x_wconf 87' lang='lat' dir='ltr'><strong>ait,</strong></span> <span class='ocrx_word' id='word_1_663' title='bbox 1196 4414 1223 4471; x_wconf 90' lang='lat' dir='ltr'><strong>iu</strong></span> <span class='ocrx_word' id='word_1_664' title='bbox 1243 4413 1392 4471; x_wconf 89' lang='lat' dir='ltr'><strong>matriculis</strong></span> <span class='ocrx_word' id='word_1_665' title='bbox 1416 4411 1648 4468; x_wconf 84' lang='lat' dir='ltr'><strong>beneficiariorum</strong></span> <span class='ocrx_word' id='word_1_666' title='bbox 1663 4418 1691 4464; x_wconf 90' lang='lat' dir='ltr'><strong>et</strong></span> <span class='ocrx_word' id='word_1_667' title='bbox 1704 4410 1831 4465; x_wconf 89' lang='lat' dir='ltr'><strong>curioso-</strong></span> 
     </span>
     <span class='ocr_line' id='line_1_70' title="bbox 185 4479 1831 4558; baseline -0.004 -19"><span class='ocrx_word' id='word_1_668' title='bbox 185 4483 314 4539; x_wconf 90' lang='lat' dir='ltr'><strong>inclinare</strong></span> <span class='ocrx_word' id='word_1_669' title='bbox 338 4480 467 4550; x_wconf 87' lang='lat' dir='ltr'><strong>cervices,</strong></span> <span class='ocrx_word' id='word_1_670' title='bbox 483 4487 510 4535; x_wconf 92' lang='lat' dir='ltr'><strong>et</strong></span> <span class='ocrx_word' id='word_1_671' title='bbox 529 4481 599 4536; x_wconf 85' lang='lat' dir='ltr'><strong>serie</strong></span> <span class='ocrx_word' id='word_1_672' title='bbox 614 4480 733 4551; x_wconf 90' lang='lat' dir='ltr'><strong>capitum</strong></span> <span class='ocrx_word' id='word_1_673' title='bbox 756 4484 850 4552; x_wconf 87' lang='lat' dir='ltr'><strong>juncta</strong></span> <span class='ocrx_word' id='word_1_674' title='bbox 865 4498 982 4539; x_wconf 88' lang='lat' dir='ltr'><strong>massam</strong></span> <span class='ocrx_word' id='word_1_675' title='bbox 1035 4500 1105 4553; x_wconf 87' lang='lat' dir='ltr'><strong>rum,</strong></span> <span class='ocrx_word' id='word_1_676' title='bbox 1134 4488 1204 4542; x_wconf 89' lang='lat' dir='ltr'><strong>inter</strong></span> <span class='ocrx_word' id='word_1_677' title='bbox 1226 4500 1362 4558; x_wconf 79' lang='lat' dir='ltr'><strong>ganeones</strong></span> <span class='ocrx_word' id='word_1_678' title='bbox 1385 4489 1413 4540; x_wconf 92' lang='lat' dir='ltr'><strong>et</strong></span> <span class='ocrx_word' id='word_1_679' title='bbox 1439 4483 1524 4549; x_wconf 86' lang='lat' dir='ltr'><strong>iures,</strong></span> <span class='ocrx_word' id='word_1_680' title='bbox 1551 4486 1579 4537; x_wconf 85' lang='lat' dir='ltr'><strong>el</strong></span> <span class='ocrx_word' id='word_1_681' title='bbox 1606 4479 1787 4544; x_wconf 88' lang='lat' dir='ltr'><strong>tabernarios,</strong></span> <span class='ocrx_word' id='word_1_682' title='bbox 1802 4484 1831 4533; x_wconf 89' lang='lat' dir='ltr'><strong>et</strong></span> 
     </span>
     <span class='ocr_line' id='line_1_71' title="bbox 187 4547 1830 4627; baseline -0.004 -16"><span class='ocrx_word' id='word_1_683' title='bbox 187 4552 482 4627; x_wconf 74' lang='lat' dir='ltr'><strong>poenitentiumiaeera.</strong></span> <span class='ocrx_word' id='word_1_684' title='bbox 499 4570 512 4603; x_wconf 83' lang='lat' dir='ltr'><strong>t</strong></span> <span class='ocrx_word' id='word_1_685' title='bbox 531 4553 591 4607; x_wconf 83' lang='lat' dir='ltr'><strong>llic.</strong></span> <span class='ocrx_word' id='word_1_686' title='bbox 1034 4556 1157 4626; x_wconf 89' lang='lat' dir='ltr'><strong>lenones,</strong></span> <span class='ocrx_word' id='word_1_687' title='bbox 1191 4557 1357 4614; x_wconf 88' lang='lat' dir='ltr'><strong>Christianos</strong></span> <span class='ocrx_word' id='word_1_688' title='bbox 1394 4570 1503 4627; x_wconf 89' lang='lat' dir='ltr'><strong>quoque</strong></span> <span class='ocrx_word' id='word_1_689' title='bbox 1537 4553 1681 4627; x_wconf 86' lang='lat' dir='ltr'><strong>vectigales</strong></span> <span class='ocrx_word' id='word_1_690' title='bbox 1715 4547 1830 4608; x_wconf 88' lang='lat' dir='ltr'><strong>censeri.</strong></span> 
     </span>
     <span class='ocr_line' id='line_1_72' title="bbox 222 4623 1099 4696; baseline 0.003 -16"><span class='ocrx_word' id='word_1_691' title='bbox 222 4626 280 4696; x_wconf 84' lang='grc'>(33)</span> <span class='ocrx_word' id='word_1_692' title='bbox 302 4625 551 4694; x_wconf 77' lang='lat' dir='ltr'><strong>beneficiariorum</strong></span> <span class='ocrx_word' id='word_1_693' title='bbox 566 4625 793 4682; x_wconf 84' lang='lat' dir='ltr'><strong>eteuriosorum.</strong></span> <span class='ocrx_word' id='word_1_694' title='bbox 817 4623 983 4682; x_wconf 80' lang='grc' dir='ltr'><strong>ιιιιιιιιοιιιιι</strong></span> <span class='ocrx_word' id='word_1_695' title='bbox 1035 4628 1099 4684; x_wconf 84' lang='lat' dir='ltr'><strong>Rta.</strong></span> 
     </span>
     <span class='ocr_line' id='line_1_73' title="bbox 187 4690 1830 4769; baseline -0.004 -18"><span class='ocrx_word' id='word_1_696' title='bbox 187 4696 345 4752; x_wconf 90' lang='lat' dir='ltr'><strong>dicebantur</strong></span> <span class='ocrx_word' id='word_1_697' title='bbox 369 4693 465 4751; x_wconf 87' lang='lat' dir='ltr'><strong>milites</strong></span> <span class='ocrx_word' id='word_1_698' title='bbox 496 4694 627 4751; x_wconf 85' lang='lat' dir='ltr'><strong>beneficio</strong></span> <span class='ocrx_word' id='word_1_699' title='bbox 653 4695 780 4765; x_wconf 87' lang='lat' dir='ltr'><strong>principis</strong></span> <span class='ocrx_word' id='word_1_700' title='bbox 801 4699 932 4768; x_wconf 87' lang='lat' dir='ltr'><strong>assumpti</strong></span> <span class='ocrx_word' id='word_1_701' title='bbox 947 4698 981 4752; x_wconf 91' lang='lat' dir='ltr'><strong>ad</strong></span> <span class='ocrx_word' id='word_1_702' title='bbox 1070 4701 1212 4769; x_wconf 63' lang='lat' dir='ltr'><strong>(oblecter</strong></span> <span class='ocrx_word' id='word_1_703' title='bbox 1231 4697 1406 4756; x_wconf 80' lang='lat' dir='ltr'><strong>tabernarios</strong></span> <span class='ocrx_word' id='word_1_704' title='bbox 1421 4696 1562 4754; x_wconf 84' lang='lat' dir='ltr'><strong>etlonios.</strong></span> <span class='ocrx_word' id='word_1_705' title='bbox 1577 4693 1723 4750; x_wconf 87' lang='lat' dir='ltr'><strong>Lauiorum</strong></span> <span class='ocrx_word' id='word_1_706' title='bbox 1739 4690 1830 4746; x_wconf 88' lang='lat' dir='ltr'><strong>taber·</strong></span> 
     </span>
     <span class='ocr_line' id='line_1_74' title="bbox 188 4761 1830 4847; baseline -0.004 -24"><span class='ocrx_word' id='word_1_707' title='bbox 188 4767 277 4823; x_wconf 87' lang='lat' dir='ltr'><strong>olticia</strong></span> <span class='ocrx_word' id='word_1_708' title='bbox 297 4783 345 4821; x_wconf 89' lang='lat' dir='ltr'><strong>seu</strong></span> <span class='ocrx_word' id='word_1_709' title='bbox 358 4765 509 4822; x_wconf 89' lang='lat' dir='ltr'><strong>ministeria</strong></span> <span class='ocrx_word' id='word_1_710' title='bbox 522 4774 606 4822; x_wconf 90' lang='lat' dir='ltr'><strong>certa.</strong></span> <span class='ocrx_word' id='word_1_711' title='bbox 621 4765 714 4838; x_wconf 88' lang='lat' dir='ltr'><strong>ltaque</strong></span> <span class='ocrx_word' id='word_1_712' title='bbox 729 4769 893 4839; x_wconf 89' lang='lat' dir='ltr'><strong>apparebant</strong></span> <span class='ocrx_word' id='word_1_713' title='bbox 905 4767 981 4836; x_wconf 91' lang='lat' dir='ltr'><strong>prin·</strong></span> <span class='ocrx_word' id='word_1_714' title='bbox 1034 4785 1077 4824; x_wconf 82' lang='lat' dir='ltr'><strong>usa</strong></span> <span class='ocrx_word' id='word_1_715' title='bbox 1091 4771 1119 4824; x_wconf 89' lang='lat' dir='ltr'><strong>in</strong></span> <span class='ocrx_word' id='word_1_716' title='bbox 1137 4769 1296 4837; x_wconf 90' lang='lat' dir='ltr'><strong>scriptorum</strong></span> <span class='ocrx_word' id='word_1_717' title='bbox 1315 4767 1485 4823; x_wconf 89' lang='lat' dir='ltr'><strong>monimentis</strong></span> <span class='ocrx_word' id='word_1_718' title='bbox 1501 4766 1680 4847; x_wconf 86' lang='lat' dir='ltr'><strong>reperiuntur.</strong></span> <span class='ocrx_word' id='word_1_719' title='bbox 1695 4765 1728 4818; x_wconf 86' lang='lat' dir='ltr'><strong>Et</strong></span> <span class='ocrx_word' id='word_1_720' title='bbox 1742 4761 1830 4817; x_wconf 91' lang='lat' dir='ltr'><strong>lanios</strong></span> 
     </span>
     <span class='ocr_line' id='line_1_75' title="bbox 187 4832 1829 4908; baseline -0.003 -16"><span class='ocrx_word' id='word_1_721' title='bbox 187 4837 253 4908; x_wconf 88' lang='lat' dir='ltr'><strong>cipi,</strong></span> <span class='ocrx_word' id='word_1_722' title='bbox 279 4837 410 4892; x_wconf 90' lang='lat' dir='ltr'><strong>mandatis</strong></span> <span class='ocrx_word' id='word_1_723' title='bbox 430 4837 619 4907; x_wconf 84' lang='lat' dir='ltr'><strong>exsequendis.</strong></span> <span class='ocrx_word' id='word_1_724' title='bbox 639 4837 679 4892; x_wconf 83' lang='lat' dir='ltr'><strong>lix</strong></span> <span class='ocrx_word' id='word_1_725' title='bbox 702 4853 798 4895; x_wconf 89' lang='lat' dir='ltr'><strong>corum</strong></span> <span class='ocrx_word' id='word_1_726' title='bbox 812 4838 903 4896; x_wconf 89' lang='lat' dir='ltr'><strong>schola</strong></span> <span class='ocrx_word' id='word_1_727' title='bbox 934 4854 981 4896; x_wconf 90' lang='lat' dir='ltr'><strong>seu</strong></span> <span class='ocrx_word' id='word_1_728' title='bbox 1034 4838 1062 4893; x_wconf 92' lang='lat' dir='ltr'><strong>iu</strong></span> <span class='ocrx_word' id='word_1_729' title='bbox 1081 4839 1220 4895; x_wconf 90' lang='lat' dir='ltr'><strong>matricula</strong></span> <span class='ocrx_word' id='word_1_730' title='bbox 1240 4840 1452 4895; x_wconf 89' lang='lat' dir='ltr'><strong>tabernariorum</strong></span> <span class='ocrx_word' id='word_1_731' title='bbox 1469 4844 1587 4894; x_wconf 84' lang='lat' dir='ltr'><strong>censitos</strong></span> <span class='ocrx_word' id='word_1_732' title='bbox 1609 4850 1689 4892; x_wconf 78' lang='lat' dir='ltr'><strong>nenio</strong></span> <span class='ocrx_word' id='word_1_733' title='bbox 1703 4832 1829 4905; x_wconf 91' lang='lat' dir='ltr'><strong>ambigit.</strong></span> 
     </span>
     <span class='ocr_line' id='line_1_76' title="bbox 188 4906 1830 4982; baseline -0.004 -17"><span class='ocrx_word' id='word_1_734' title='bbox 188 4923 303 4980; x_wconf 89' lang='lat' dir='ltr'><strong>corpore</strong></span> <span class='ocrx_word' id='word_1_735' title='bbox 329 4916 404 4963; x_wconf 91' lang='lat' dir='ltr'><strong>erant</strong></span> <span class='ocrx_word' id='word_1_736' title='bbox 426 4907 536 4970; x_wconf 88' lang='lat' dir='ltr'><strong>curiosi,</strong></span> <span class='ocrx_word' id='word_1_737' title='bbox 552 4923 649 4962; x_wconf 90' lang='lat' dir='ltr'><strong>cursus</strong></span> <span class='ocrx_word' id='word_1_738' title='bbox 677 4909 775 4979; x_wconf 88' lang='lat' dir='ltr'><strong>publici</strong></span> <span class='ocrx_word' id='word_1_739' title='bbox 789 4925 860 4965; x_wconf 85' lang='lat' dir='ltr'><strong>curae</strong></span> <span class='ocrx_word' id='word_1_740' title='bbox 875 4924 982 4982; x_wconf 84' lang='lat' dir='ltr'><strong>praepo·</strong></span> <span class='ocrx_word' id='word_1_741' title='bbox 1035 4910 1128 4981; x_wconf 87' lang='lat' dir='ltr'><strong>ltaque</strong></span> <span class='ocrx_word' id='word_1_742' title='bbox 1148 4911 1309 4966; x_wconf 91' lang='lat' dir='ltr'><strong>mendosum</strong></span> <span class='ocrx_word' id='word_1_743' title='bbox 1326 4925 1388 4966; x_wconf 86' lang='lat' dir='ltr'><strong>esse</strong></span> <span class='ocrx_word' id='word_1_744' title='bbox 1402 4910 1534 4974; x_wconf 88' lang='lat' dir='ltr'><strong>videatur,</strong></span> <span class='ocrx_word' id='word_1_745' title='bbox 1554 4909 1626 4979; x_wconf 90' lang='lat' dir='ltr'><strong>qnod</strong></span> <span class='ocrx_word' id='word_1_746' title='bbox 1647 4906 1689 4962; x_wconf 93' lang='lat' dir='ltr'><strong>hic</strong></span> <span class='ocrx_word' id='word_1_747' title='bbox 1719 4919 1830 4974; x_wconf 89' lang='lat' dir='ltr'><strong>separa·</strong></span> 
     </span>
     <span class='ocr_line' id='line_1_77' title="bbox 190 4975 1830 5053; baseline -0.004 -18"><span class='ocrx_word' id='word_1_748' title='bbox 190 4979 246 5045; x_wconf 88' lang='lat' dir='ltr'><strong>siti,</strong></span> <span class='ocrx_word' id='word_1_749' title='bbox 265 4981 312 5053; x_wconf 91' lang='lat' dir='ltr'><strong>qni</strong></span> <span class='ocrx_word' id='word_1_750' title='bbox 326 4989 352 5034; x_wconf 93' lang='lat' dir='ltr'><strong>et</strong></span> <span class='ocrx_word' id='word_1_751' title='bbox 367 4976 515 5034; x_wconf 88' lang='lat' dir='ltr'><strong>stationarii</strong></span> <span class='ocrx_word' id='word_1_752' title='bbox 528 4977 695 5044; x_wconf 84' lang='lat' dir='ltr'><strong>dicebantur,</strong></span> <span class='ocrx_word' id='word_1_753' title='bbox 711 4994 760 5049; x_wconf 93' lang='lat' dir='ltr'><strong>per</strong></span> <span class='ocrx_word' id='word_1_754' title='bbox 773 4980 901 5037; x_wconf 91' lang='lat' dir='ltr'><strong>stationes</strong></span> <span class='ocrx_word' id='word_1_755' title='bbox 919 4981 979 5035; x_wconf 91' lang='lat' dir='ltr'><strong>dis·</strong></span> <span class='ocrx_word' id='word_1_756' title='bbox 1034 4981 1080 5034; x_wconf 91' lang='lat' dir='ltr'><strong>tim</strong></span> <span class='ocrx_word' id='word_1_757' title='bbox 1096 4989 1231 5038; x_wconf 90' lang='lat' dir='ltr'><strong>notantur.</strong></span> <span class='ocrx_word' id='word_1_758' title='bbox 1253 4982 1330 5037; x_wconf 88' lang='lat' dir='ltr'><strong>Certe</strong></span> <span class='ocrx_word' id='word_1_759' title='bbox 1344 4982 1373 5035; x_wconf 89' lang='lat' dir='ltr'><strong>in</strong></span> <span class='ocrx_word' id='word_1_760' title='bbox 1387 4978 1585 5051; x_wconf 81' lang='lat' dir='ltr'><strong>exemplaribus</strong></span> <span class='ocrx_word' id='word_1_761' title='bbox 1598 4977 1653 5032; x_wconf 91' lang='lat' dir='ltr'><strong>anti</strong></span> <span class='ocrx_word' id='word_1_762' title='bbox 1673 4975 1716 5031; x_wconf 92' lang='lat' dir='ltr'><strong>uis</strong></span> <span class='ocrx_word' id='word_1_763' title='bbox 1737 4975 1830 5043; x_wconf 91' lang='lat' dir='ltr'><strong>serip-</strong></span> 
     </span>
     <span class='ocr_line' id='line_1_78' title="bbox 188 5049 1826 5174; baseline -0.004 -68"><span class='ocrx_word' id='word_1_764' title='bbox 188 5051 282 5174; x_wconf 70' lang='lat' dir='ltr'><strong>qtositi.</strong></span> <span class='ocrx_word' id='word_1_765' title='bbox 298 5053 332 5105; x_wconf 90' lang='lat' dir='ltr'><strong>tis</strong></span> <span class='ocrx_word' id='word_1_766' title='bbox 356 5056 445 5105; x_wconf 89' lang='lat' dir='ltr'><strong>antem</strong></span> <span class='ocrx_word' id='word_1_767' title='bbox 469 5049 648 5103; x_wconf 82' lang='lat' dir='ltr'><strong>intercaetera</strong></span> <span class='ocrx_word' id='word_1_768' title='bbox 662 5050 713 5104; x_wconf 91' lang='lat' dir='ltr'><strong>boe</strong></span> <span class='ocrx_word' id='word_1_769' title='bbox 727 5052 846 5106; x_wconf 89' lang='lat' dir='ltr'><strong>muneris</strong></span> <span class='ocrx_word' id='word_1_770' title='bbox 863 5050 981 5121; x_wconf 86' lang='lat' dir='ltr'><strong>injungit</strong></span> <span class='ocrx_word' id='word_1_771' title='bbox 1034 5058 1091 5105; x_wconf 90' lang='lat' dir='ltr'><strong>tum</strong></span> <span class='ocrx_word' id='word_1_772' title='bbox 1114 5052 1197 5108; x_wconf 87' lang='lat' dir='ltr'><strong>luisse</strong></span> <span class='ocrx_word' id='word_1_773' title='bbox 1219 5055 1320 5126; x_wconf 80' lang='lat' dir='ltr'><strong>jaceas</strong></span> <span class='ocrx_word' id='word_1_774' title='bbox 1340 5059 1367 5109; x_wconf 89' lang='lat' dir='ltr'><strong>et</strong></span> <span class='ocrx_word' id='word_1_775' title='bbox 1385 5054 1501 5132; x_wconf 70' lang='lat' dir='ltr'><strong>juneas,</strong></span> <span class='ocrx_word' id='word_1_776' title='bbox 1520 5055 1636 5106; x_wconf 89' lang='lat' dir='ltr'><strong>testatur</strong></span> <span class='ocrx_word' id='word_1_777' title='bbox 1685 5050 1826 5114; x_wconf 77' lang='lat' dir='ltr'><strong>bonanus3</strong></span> 
     </span>
     <span class='ocr_line' id='line_1_79' title="bbox 198 5117 1826 5196; baseline -0.002 -20"><span class='ocrx_word' id='word_1_778' title='bbox 198 5137 229 5177; x_wconf 86' lang='lat' dir='ltr'><strong>ex</strong></span> <span class='ocrx_word' id='word_1_779' title='bbox 254 5121 349 5188; x_wconf 91' lang='lat' dir='ltr'><strong>prima,</strong></span> <span class='ocrx_word' id='word_1_780' title='bbox 366 5122 397 5175; x_wconf 92' lang='lat' dir='ltr'><strong>C.</strong></span> <span class='ocrx_word' id='word_1_781' title='bbox 412 5119 446 5174; x_wconf 90' lang='lat' dir='ltr'><strong>de</strong></span> <span class='ocrx_word' id='word_1_782' title='bbox 466 5120 629 5186; x_wconf 70' lang='lat' dir='ltr'><strong>dumosis,-</strong></span> <span class='ocrx_word' id='word_1_783' title='bbox 660 5130 689 5175; x_wconf 91' lang='lat' dir='ltr'><strong>ut</strong></span> <span class='ocrx_word' id='word_1_784' title='bbox 708 5119 820 5175; x_wconf 86' lang='lat' dir='ltr'><strong>crinuina</strong></span> <span class='ocrx_word' id='word_1_785' title='bbox 840 5121 981 5189; x_wconf 89' lang='lat' dir='ltr'><strong>judtcibus</strong></span> <span class='ocrx_word' id='word_1_786' title='bbox 1034 5123 1112 5194; x_wconf 90' lang='lat' dir='ltr'><strong>quasi</strong></span> <span class='ocrx_word' id='word_1_787' title='bbox 1138 5138 1240 5196; x_wconf 89' lang='lat' dir='ltr'><strong>ganeas</strong></span> <span class='ocrx_word' id='word_1_788' title='bbox 1265 5123 1363 5179; x_wconf 85' lang='lat' dir='ltr'><strong>dixerit</strong></span> <span class='ocrx_word' id='word_1_789' title='bbox 1391 5122 1535 5194; x_wconf 82' lang='lat' dir='ltr'><strong>Septimius</strong></span> <span class='ocrx_word' id='word_1_790' title='bbox 1563 5135 1612 5190; x_wconf 93' lang='lat' dir='ltr'><strong>pro</strong></span> <span class='ocrx_word' id='word_1_791' title='bbox 1645 5117 1826 5191; x_wconf 87' lang='lat' dir='ltr'><strong>ganeonibua.</strong></span> 
     </span>
     <span class='ocr_line' id='line_1_80' title="bbox 187 5188 1827 5261; baseline -0.002 -16"><span class='ocrx_word' id='word_1_792' title='bbox 187 5190 336 5245; x_wconf 88' lang='lat' dir='ltr'><strong>nuntianda</strong></span> <span class='ocrx_word' id='word_1_793' title='bbox 351 5190 532 5245; x_wconf 88' lang='lat' dir='ltr'><strong>meminerint.</strong></span> <span class='ocrx_word' id='word_1_794' title='bbox 560 5209 572 5242; x_wconf 80' lang='lat' dir='ltr'><strong>s</strong></span> <span class='ocrx_word' id='word_1_795' title='bbox 593 5188 665 5261; x_wconf 84' lang='lat' dir='ltr'><strong>Ergo</strong></span> <span class='ocrx_word' id='word_1_796' title='bbox 680 5203 788 5246; x_wconf 90' lang='lat' dir='ltr'><strong>reorum</strong></span> <span class='ocrx_word' id='word_1_797' title='bbox 802 5193 911 5247; x_wconf 89' lang='lat' dir='ltr'><strong>uomina</strong></span> <span class='ocrx_word' id='word_1_798' title='bbox 934 5207 979 5248; x_wconf 90' lang='lat' dir='ltr'><strong>re·</strong></span> <span class='ocrx_word' id='word_1_799' title='bbox 1035 5193 1079 5250; x_wconf 89' lang='lat' dir='ltr'><strong>Sic</strong></span> <span class='ocrx_word' id='word_1_800' title='bbox 1092 5196 1164 5251; x_wconf 89' lang='lat' dir='ltr'><strong>enim</strong></span> <span class='ocrx_word' id='word_1_801' title='bbox 1191 5194 1240 5249; x_wconf 94' lang='lat' dir='ltr'><strong>lib.</strong></span> <span class='ocrx_word' id='word_1_802' title='bbox 1256 5210 1276 5250; x_wconf 90' lang='grc' dir='ltr'><strong>ιι</strong></span> <span class='ocrx_word' id='word_1_803' title='bbox 1289 5196 1325 5251; x_wconf 84' lang='lat' dir='ltr'><strong>ad</strong></span> <span class='ocrx_word' id='word_1_804' title='bbox 1346 5196 1475 5259; x_wconf 74' lang='lat' dir='ltr'><strong>Uxorem,</strong></span> <span class='ocrx_word' id='word_1_805' title='bbox 1497 5191 1615 5247; x_wconf 80' lang='lat' dir='ltr'><strong>tabernae</strong></span> <span class='ocrx_word' id='word_1_806' title='bbox 1629 5191 1753 5261; x_wconf 86' lang='lat' dir='ltr'><strong>adjunxit</strong></span> <span class='ocrx_word' id='word_1_807' title='bbox 1777 5201 1827 5260; x_wconf 90' lang='lat' dir='ltr'><strong>ga·</strong></span> 
     </span>
     <span class='ocr_line' id='line_1_81' title="bbox 188 5258 1829 5336; baseline -0.002 -21"><span class='ocrx_word' id='word_1_808' title='bbox 188 5260 331 5332; x_wconf 90' lang='lat' dir='ltr'><strong>quirebaut</strong></span> <span class='ocrx_word' id='word_1_809' title='bbox 359 5275 390 5315; x_wconf 89' lang='lat' dir='ltr'><strong>ac</strong></span> <span class='ocrx_word' id='word_1_810' title='bbox 402 5258 569 5323; x_wconf 81' lang='lat' dir='ltr'><strong>deferebant,</strong></span> <span class='ocrx_word' id='word_1_811' title='bbox 595 5261 668 5329; x_wconf 88' lang='lat' dir='ltr'><strong>ipsos</strong></span> <span class='ocrx_word' id='word_1_812' title='bbox 693 5274 755 5316; x_wconf 89' lang='lat' dir='ltr'><strong>reos</strong></span> <span class='ocrx_word' id='word_1_813' title='bbox 781 5262 910 5318; x_wconf 88' lang='lat' dir='ltr'><strong>sistebant</strong></span> <span class='ocrx_word' id='word_1_814' title='bbox 933 5262 981 5317; x_wconf 88' lang='lat' dir='ltr'><strong>tri·</strong></span> <span class='ocrx_word' id='word_1_815' title='bbox 1033 5281 1130 5321; x_wconf 88' lang='lat' dir='ltr'><strong>neam:</strong></span> <span class='ocrx_word' id='word_1_816' title='bbox 1148 5287 1160 5317; x_wconf 78' lang='grc' dir='ltr'><strong>ι</strong></span> <span class='ocrx_word' id='word_1_817' title='bbox 1181 5267 1280 5321; x_wconf 81' lang='lat' dir='ltr'><strong>Audiat</strong></span> <span class='ocrx_word' id='word_1_818' title='bbox 1294 5282 1368 5331; x_wconf 91' lang='lat' dir='ltr'><strong>sane,</strong></span> <span class='ocrx_word' id='word_1_819' title='bbox 1384 5265 1480 5336; x_wconf 88' lang='lat' dir='ltr'><strong>inquit,</strong></span> <span class='ocrx_word' id='word_1_820' title='bbox 1495 5262 1586 5319; x_wconf 88' lang='lat' dir='ltr'><strong>audiat</strong></span> <span class='ocrx_word' id='word_1_821' title='bbox 1600 5260 1702 5332; x_wconf 92' lang='lat' dir='ltr'><strong>aliquid</strong></span> <span class='ocrx_word' id='word_1_822' title='bbox 1718 5261 1829 5313; x_wconf 81' lang='lat' dir='ltr'><strong>de&#39;sce-</strong></span> 
     </span>
     <span class='ocr_line' id='line_1_82' title="bbox 188 5327 1828 5412; baseline -0.002 -25"><span class='ocrx_word' id='word_1_823' title='bbox 188 5331 333 5387; x_wconf 90' lang='lat' dir='ltr'><strong>bunnlibus</strong></span> <span class='ocrx_word' id='word_1_824' title='bbox 359 5341 386 5386; x_wconf 85' lang='lat' dir='ltr'><strong>et</strong></span> <span class='ocrx_word' id='word_1_825' title='bbox 399 5330 511 5401; x_wconf 91' lang='lat' dir='ltr'><strong>jndicio.</strong></span> <span class='ocrx_word' id='word_1_826' title='bbox 528 5331 613 5385; x_wconf 85' lang='lat' dir='ltr'><strong>Vetus</strong></span> <span class='ocrx_word' id='word_1_827' title='bbox 628 5330 738 5386; x_wconf 89' lang='lat' dir='ltr'><strong>historia</strong></span> <span class='ocrx_word' id='word_1_828' title='bbox 754 5332 886 5402; x_wconf 90' lang='lat' dir='ltr'><strong>passionis</strong></span> <span class='ocrx_word' id='word_1_829' title='bbox 901 5334 981 5391; x_wconf 81' lang='lat' dir='ltr'><strong>Fruc-</strong></span> <span class='ocrx_word' id='word_1_830' title='bbox 1033 5352 1077 5404; x_wconf 90' lang='lat' dir='ltr'><strong>na,</strong></span> <span class='ocrx_word' id='word_1_831' title='bbox 1088 5337 1122 5393; x_wconf 90' lang='lat' dir='ltr'><strong>de</strong></span> <span class='ocrx_word' id='word_1_832' title='bbox 1136 5337 1258 5408; x_wconf 87' lang='lat' dir='ltr'><strong>taberna,</strong></span> <span class='ocrx_word' id='word_1_833' title='bbox 1276 5338 1310 5395; x_wconf 93' lang='lat' dir='ltr'><strong>de</strong></span> <span class='ocrx_word' id='word_1_834' title='bbox 1324 5351 1422 5412; x_wconf 88' lang='lat' dir='ltr'><strong>ganea,</strong></span> <span class='ocrx_word' id='word_1_835' title='bbox 1436 5356 1447 5386; x_wconf 79' lang='grc' dir='ltr'><strong>ι</strong></span> <span class='ocrx_word' id='word_1_836' title='bbox 1463 5334 1535 5406; x_wconf 90' lang='lat' dir='ltr'><strong>qnod</strong></span> <span class='ocrx_word' id='word_1_837' title='bbox 1553 5333 1582 5388; x_wconf 90' lang='lat' dir='ltr'><strong>in</strong></span> <span class='ocrx_word' id='word_1_838' title='bbox 1595 5331 1714 5406; x_wconf 87' lang='lat' dir='ltr'><strong>vulgatis</strong></span> <span class='ocrx_word' id='word_1_839' title='bbox 1727 5327 1828 5385; x_wconf 88' lang='lat' dir='ltr'><strong>editio·</strong></span> 
     </span>
     <span class='ocr_line' id='line_1_83' title="bbox 190 5399 1827 5486; baseline -0.002 -28"><span class='ocrx_word' id='word_1_840' title='bbox 190 5403 261 5459; x_wconf 88' lang='lat' dir='ltr'><strong>tuosi</strong></span> <span class='ocrx_word' id='word_1_841' title='bbox 285 5403 428 5474; x_wconf 89' lang='lat' dir='ltr'><strong>episcopi:</strong></span> <span class='ocrx_word' id='word_1_842' title='bbox 447 5421 459 5452; x_wconf 85' lang='lat' dir='ltr'><strong>a</strong></span> <span class='ocrx_word' id='word_1_843' title='bbox 475 5400 636 5457; x_wconf 87' lang='lat' dir='ltr'><strong>Direxeruut</strong></span> <span class='ocrx_word' id='word_1_844' title='bbox 650 5400 812 5460; x_wconf 91' lang='lat' dir='ltr'><strong>beneficiarii</strong></span> <span class='ocrx_word' id='word_1_845' title='bbox 826 5405 852 5460; x_wconf 92' lang='lat' dir='ltr'><strong>in</strong></span> <span class='ocrx_word' id='word_1_846' title='bbox 868 5406 979 5462; x_wconf 91' lang='lat' dir='ltr'><strong>domum</strong></span> <span class='ocrx_word' id='word_1_847' title='bbox 1033 5407 1112 5464; x_wconf 90' lang='lat' dir='ltr'><strong>uibus</strong></span> <span class='ocrx_word' id='word_1_848' title='bbox 1131 5409 1304 5479; x_wconf 92' lang='lat' dir='ltr'><strong>depravatum</strong></span> <span class='ocrx_word' id='word_1_849' title='bbox 1329 5416 1408 5465; x_wconf 89' lang='lat' dir='ltr'><strong>antea</strong></span> <span class='ocrx_word' id='word_1_850' title='bbox 1432 5405 1572 5477; x_wconf 83' lang='lat' dir='ltr'><strong>legebatur</strong></span> <span class='ocrx_word' id='word_1_851' title='bbox 1590 5404 1626 5460; x_wconf 91' lang='lat' dir='ltr'><strong>de</strong></span> <span class='ocrx_word' id='word_1_852' title='bbox 1653 5417 1771 5486; x_wconf 79' lang='lat' dir='ltr'><strong>geenne.</strong></span> <span class='ocrx_word' id='word_1_853' title='bbox 1794 5399 1827 5453; x_wconf 84' lang='lat' dir='ltr'><strong>itt</strong></span> 
     </span>
     <span class='ocr_line' id='line_1_84' title="bbox 187 5471 1829 5555; baseline -0.001 -24"><span class='ocrx_word' id='word_1_854' title='bbox 187 5475 267 5555; x_wconf 69' lang='lat' dir='ltr'><strong>eius3</strong></span> <span class='ocrx_word' id='word_1_855' title='bbox 286 5495 297 5526; x_wconf 78' lang='grc' dir='ltr'><strong>ι</strong></span> <span class='ocrx_word' id='word_1_856' title='bbox 315 5481 343 5530; x_wconf 88' lang='lat' dir='ltr'><strong>et</strong></span> <span class='ocrx_word' id='word_1_857' title='bbox 357 5473 439 5545; x_wconf 87' lang='lat' dir='ltr'><strong>paulo</strong></span> <span class='ocrx_word' id='word_1_858' title='bbox 453 5479 538 5545; x_wconf 93' lang='lat' dir='ltr'><strong>post.</strong></span> <span class='ocrx_word' id='word_1_859' title='bbox 557 5491 571 5525; x_wconf 81' lang='lat' dir='ltr'><strong>u</strong></span> <span class='ocrx_word' id='word_1_860' title='bbox 585 5472 635 5529; x_wconf 90' lang='lat' dir='ltr'><strong>Cui</strong></span> <span class='ocrx_word' id='word_1_861' title='bbox 649 5472 746 5530; x_wconf 87' lang='lat' dir='ltr'><strong>milites</strong></span> <span class='ocrx_word' id='word_1_862' title='bbox 759 5474 884 5532; x_wconf 82' lang='lat' dir='ltr'><strong>dixerunt</strong></span> <span class='ocrx_word' id='word_1_863' title='bbox 899 5495 906 5536; x_wconf 95' lang='lat'><strong>:</strong></span> <span class='ocrx_word' id='word_1_864' title='bbox 923 5479 977 5536; x_wconf 83' lang='lat' dir='ltr'><strong>Vc·</strong></span> <span class='ocrx_word' id='word_1_865' title='bbox 1033 5479 1166 5536; x_wconf 79' lang='lat' dir='ltr'><strong>Ammiani</strong></span> <span class='ocrx_word' id='word_1_866' title='bbox 1192 5479 1337 5538; x_wconf 89' lang='lat' dir='ltr'><strong>Marcellini</strong></span> <span class='ocrx_word' id='word_1_867' title='bbox 1355 5479 1402 5535; x_wconf 89' lang='lat' dir='ltr'><strong>lib.</strong></span> <span class='ocrx_word' id='word_1_868' title='bbox 1430 5490 1535 5546; x_wconf 85' lang='lat' dir='ltr'><strong>xxvttr,</strong></span> <span class='ocrx_word' id='word_1_869' title='bbox 1552 5477 1598 5532; x_wconf 93' lang='lat' dir='ltr'><strong>ubi</strong></span> <span class='ocrx_word' id='word_1_870' title='bbox 1612 5476 1723 5550; x_wconf 81' lang='lat' dir='ltr'><strong>legitur,</strong></span> <span class='ocrx_word' id='word_1_871' title='bbox 1742 5495 1753 5522; x_wconf 78' lang='grc' dir='ltr'><strong>ι</strong></span> <span class='ocrx_word' id='word_1_872' title='bbox 1775 5471 1829 5526; x_wconf 83' lang='lat' dir='ltr'><strong>Per</strong></span> 
     </span>
    </p>
   </div>
   <div class='ocr_carea' id='block_1_16' title="bbox 185 5543 1919 5624">
    <p class='ocr_par' dir='ltr' id='par_1_16' title="bbox 185 5543 1919 5624">
     <span class='ocr_line' id='line_1_85' title="bbox 185 5543 1919 5624; baseline -0.004 -20"><span class='ocrx_word' id='word_1_873' title='bbox 185 5560 225 5617; x_wconf 89' lang='grc' dir='ltr'><strong>ιιι,</strong></span> <span class='ocrx_word' id='word_1_874' title='bbox 251 5561 352 5618; x_wconf 89' lang='lat' dir='ltr'><strong>praeses</strong></span> <span class='ocrx_word' id='word_1_875' title='bbox 379 5554 405 5603; x_wconf 90' lang='lat' dir='ltr'><strong>te</strong></span> <span class='ocrx_word' id='word_1_876' title='bbox 432 5543 583 5615; x_wconf 68' lang='lat' dir='ltr'><strong>teremit»</strong></span> <span class='ocrx_word' id='word_1_877' title='bbox 604 5552 656 5603; x_wconf 89' lang='lat' dir='ltr'><strong>etc.</strong></span> <span class='ocrx_word' id='word_1_878' title='bbox 684 5545 802 5618; x_wconf 85' lang='lat' dir='ltr'><strong>scriptor</strong></span> <span class='ocrx_word' id='word_1_879' title='bbox 828 5563 979 5623; x_wconf 77' lang='lat' dir='ltr'><strong>anonymus</strong></span> <span class='ocrx_word' id='word_1_880' title='bbox 1030 5550 1114 5609; x_wconf 78' lang='lat' dir='ltr'><strong>tanos</strong></span> <span class='ocrx_word' id='word_1_881' title='bbox 1126 5561 1153 5609; x_wconf 89' lang='lat' dir='ltr'><strong>et</strong></span> <span class='ocrx_word' id='word_1_882' title='bbox 1166 5553 1222 5609; x_wconf 90' lang='lat' dir='ltr'><strong>lora</strong></span> <span class='ocrx_word' id='word_1_883' title='bbox 1234 5553 1381 5624; x_wconf 75' lang='lat' dir='ltr'><strong>rumitant,</strong></span> <span class='ocrx_word' id='word_1_884' title='bbox 1399 5570 1411 5601; x_wconf 78' lang='lat' dir='ltr'><strong>t</strong></span> <span class='ocrx_word' id='word_1_885' title='bbox 1427 5547 1610 5623; x_wconf 68' lang='lat' dir='ltr'><strong>legandum«</strong></span> <span class='ocrx_word' id='word_1_886' title='bbox 1625 5561 1675 5620; x_wconf 91' lang='lat' dir='ltr'><strong>per</strong></span> <span class='ocrx_word' id='word_1_887' title='bbox 1684 5558 1785 5619; x_wconf 87' lang='lat' dir='ltr'><strong>ganeas</strong></span> <span class='ocrx_word' id='word_1_888' title='bbox 1799 5549 1830 5599; x_wconf 89' lang='lat' dir='ltr'><strong>et</strong></span> <span class='ocrx_word' id='word_1_889' title='bbox 1915 5612 1919 5623; x_wconf 27' lang='grc' dir='ltr'>ι</span> 
     </span>
    </p>
   </div>
   <div class='ocr_carea' id='block_1_17' title="bbox 0 0 1924 6134">
    <p class='ocr_par' dir='ltr' id='par_1_17' title="bbox 0 0 1924 6134">
     <span class='ocr_line' id='line_1_86' title="bbox 0 0 1924 6134; baseline 0 0"><span class='ocrx_word' id='word_1_890' title='bbox 0 0 1924 6134; x_wconf 95' lang='lat' dir='ltr'><strong> </strong></span> 
     </span>
    </p>
   </div>
  </div>
 </body>
</html>
